4594 6066
621 683 682 744 222
1093 683 1333 745 CllllOltllGObl
1356 685 1409 745 DE
1433 685 1563 746 REBUS

622 815 747 916 [usque
757 813 818 915 ad]
826 827 970 890 mortam
979 817 1168 912 perierunt,
1187 829 1223 890 et
1235 820 1427 915 appellatur
1444 819 1620 894 exercitus
1638 819 1708 910 illa,
1719 817 1892 892 exercitus
1903 817 1949 892 da
1962 819 2039 891 cal-

625 941 731 1014 dana.
741 941 780 1014 In
789 941 948 1035 proximo
960 943 1176 1034 mensejulii‚
1188 943 1379 1016 Vexeunte
1386 943 1488 1035 julio,
1498 941 1659 1016 videntes
1671 941 1857 1036 populares
1867 941 2038 1014 Placentia

622 1064 719 1158 quod
738 1065 827 1136 mala
843 1064 1078 1138 tractabantur
1093 1063 1139 1138 de
1156 1065 1384 1159 victualibus,
1399 1065 1484 1162 quia
1508 1073 1579 1138 tata
1596 1065 1700 1138 blava
1713 1085 1784 1158 qne
1801 1062 1906 1136 ducta
1928 1066 2039 1138 lucrat

622 1187 855 1260 aMediolano
877 1188 1070 1260 ducebatur
1096 1189 1253 1262 Parmam
1280 1199 1314 1262 et
1332 1191 1438 1262 etiam
1459 1189 1505 1264 de
1527 1189 1596 1262 alia
1621 1209 1692 1283 qua
1717 1197 1791 1260 arat
1815 1189 1852 1260 iu
1868 1189 2038 1264 Placentia

623 1311 788 1384 tornando
809 1312 981 1384 bubulcos
1002 1320 1037 1384 et
1056 1312 1144 1384 alios
1160 1313 1270 1408 ipsam
1286 1313 1427 1386 blavam
1442 1313 1640 1388 conducere
1660 1312 1735 1384 sine
1747 1313 1985 1406 mercedibus,
2003 1323 2040 1386 at

624 1435 729 1508 etiam
745 1435 903 1508 homines
914 1435 1037 1508 Parme
1052 1435 1150 1507 ibant
1163 1458 1225 1532 par
1240 1437 1477 1532 episcopatum
1490 1435 1664 1510 Placentia
1677 1434 1826 1508 emendo
1840 1435 1963 1508 blavae
1976 1458 2039 1532 per

623 1579 721 1632 areas
731 1568 766 1632 et
781 1561 875 1632 intus
888 1560 1021 1652 medas,
1041 1559 1138 1655 quod
1156 1560 1260 1633 nimis
1276 1581 1383 1654 grava
1396 1561 1583 1633 videbatur
1595 1559 1796 1632 hominibus
1811 1559 2035 1651 Placentinis3

624 1683 796 1756 faciebant
822 1683 916 1754 euim
945 1685 1148 1756 Parmenses
1169 1683 1235 1756 boc
1263 1705 1384 1758 secure
1405 1685 1488 1779 qnia
1510 1681 1670 1758 llatbaus
1697 1683 1742 1756 da
1761 1682 1917 1778 Corrigio
1934 1703 2040 1776 gener

430 1823 594 1868 vor-vm·
624 1805 767 1879 Petracii
785 1807 972 1879 Palastrelli
996 1808 1084 1878 civis
1107 1808 1229 1880 Parme
1251 1804 1257 1904 Ι
1278 1816 1352 1880 erat
1367 1815 1516 1902 potestas
1531 1807 1702 1880 Placentia
1723 1815 1759 1878 et
1780 1807 1891 1880 dabat
1904 1807 2040 1879 fortiam

620 1937 789 2022 quantum
805 1937 939 2023 poterat
949 1929 1046 2024 quod
1058 1929 1163 2002 blava
1175 1929 1425 2002 conduceretur
1436 1931 1607 2004 Parmam.
1620 1931 1698 2016 Quo
1708 1931 1756 2003 ita
1769 1931 1892 2003 visoet
1903 1931 2040 2024 cognito

626 2051 782 2146 quodam
796 2051 855 2126 die
868 2053 1005 2126 veneris
1016 2075 1152 2126 summo
1165 2075 1268 2126 mane
1281 2053 1403 2148 quinto
1416 2061 1569 2128 excunte
1578 2053 1657 2147 julii
1667 2053 1839 2150 proximi,
1857 2053 2041 2126 Autolinus

627 2177 815 2270 Saviagata
831 2175 877 2250 ad
893 2177 1151 2272 instigationem
1166 2178 1345 2251 Scotorum
1363 2178 1446 2272 quia
1460 2199 1580 2251 eorum
1595 2177 1734 2251 vicinus
1748 2187 1823 2251 erat
1836 2187 1871 2250 et
1895 2177 2041 2250 aliorum

627 2301 851 2396 congregavit
872 2300 908 2370 iu
925 2301 1071 2374 ecclesia
1094 2302 1209 2374 Sancti
1225 2301 1317 2375 Petri
1342 2302 1378 2374 iu
1399 2304 1472 2375 loro
1491 2303 1583 2374 circa
1606 2300 1671 2374 XX
1690 2303 1747 2375 val
1768 2302 1866 2374 XXX
1885 2302 2043 2375 consules

624 2425 826 2498 societatum
841 2425 962 2520 populi
984 2425 1157 2498 Placentia
1172 2447 1280 2499 causa
1296 2425 1404 2500 eundi
1418 2425 1664 2500 addicendum
1676 2427 1836 2522 potestati
1848 2435 1886 2497 ut
1898 2447 1937 2498 se
1952 2426 2042 2498 auti·

623 2547 834 2643 laceret(sic)
848 2547 944 2642 quod
956 2548 1062 2622 blava
1078 2549 1123 2622 da
1140 2549 1313 2623 Placentia
1330 2571 1402 2622 non
1411 2549 1662 2623 conduceretur
1673 2547 1845 2640 Parmam,
1861 2557 1897 2622 et
1913 2557 2042 2622 stantes

624 2671 674 2742 sic
696 2671 732 2742 iu
754 2671 830 2765 ipsa
845 2671 990 2744 ecclesia
1008 2674 1215 2765 jnraverunt
1231 2695 1270 2746 se
1290 2671 1461 2766 adjuvare
1476 2670 1506 2744 si
1530 2670 1666 2767 aliquid
1681 2671 1854 2746 diceretur
1872 2673 1923 2745 eis
1941 2693 2041 2745 occa·

623 2794 720 2868 sione
741 2795 833 2868 dicta
853 2797 1148 2890 congregationis;
1166 2805 1200 2869 et
1221 2797 1344 2870 stando
1368 2797 1419 2869 sic
1435 2795 1680 2870 denuntiatum
1693 2796 1758 2868 fuit
1773 2797 1935 2891 potestati
1950 2797 2042 2869 malo

624 2915 729 2989 modo
746 2925 780 2988 et
793 2917 933 3007 ordina,
951 2917 1047 3012 quod
1063 2917 1244 2991 Autolinus
1255 2919 1439 3014 Saviagata
1449 2928 1484 2990 et
1496 2919 1556 2991 alii
1569 2939 1607 2991 se
1620 2918 1859 2992 adunaverant
1872 2940 1935 3014 pro
1951 2921 2042 2992 malo

624 3051 659 3115 et
690 3041 896 3116 detrimento
924 3043 1074 3116 civitatis
1101 3043 1275 3117 Placentia
1304 3045 1341 3116 iu
1370 3045 1516 3118 ecclesia
1543 3043 1659 3116 Sancti
1687 3043 1791 3116 Petri.
1821 3042 1923 3116 Unde
1949 3043 2041 3117 idem

627 3175 778 3261 potestas
795 3167 905 3240 missit
920 3167 1108 3262 quemdam
1123 3167 1390 3260 suumjudicem
1403 3169 1544 3242 nomine
1556 3167 1772 3241 Bamardum
1793 3167 1838 3242 de
1853 3167 1946 3240 Gozo
1961 3189 2043 3240 cum

625 3289 791 3362 societate
809 3289 1002 3363 addictam
1022 3293 1203 3364 ecclesiam
1217 3299 1251 3365 at
1268 3289 1358 3386 cepit
1373 3291 1506 3364 dictum
1519 3290 1721 3363 Autolinnm
1739 3299 1775 3363 et
1789 3291 1950 3382 detinuit,
1965 3292 2043 3365 aliis

626 3413 788 3487 omuibus
801 3414 978 3508 permissis
993 3415 1100 3488 abire.
1116 3415 1159 3487 Et
1172 3423 1322 3509 potestas
1346 3414 1571 3489 incontinenti
1586 3415 1666 3488 lecit
1684 3415 1866 3488 consilium
1882 3415 2044 3508 generale

630 3547 665 3611 at
686 3535 776 3610 dixit
803 3537 949 3610 multum
975 3538 1105 3610 malum
1130 3537 1176 3611 da
1202 3537 1277 3632 ipso
1299 3535 1462 3610 Autolino
1484 3545 1519 3611 et
1541 3536 1587 3611 de
1609 3537 1877 3632 congregatione
1896 3541 1989 3631 ejus,
2007 3547 2044 3610 et

630 3661 746 3734 statim
761 3669 928 3734 statutum
949 3661 1015 3732 luit
1035 3661 1071 3733 iu
1092 3662 1168 3756 ipso
1183 3660 1325 3733 consilio
1338 3669 1373 3734 at
1388 3659 1562 3734 firmatum
1578 3659 1672 3756 quod
1687 3683 1708 3734 a
1725 3661 1834 3734 tribus
1852 3683 1957 3756 supra
1971 3681 2044 3733 nou

629 3785 856 3856 convenirent
877 3783 1032 3856 similiter
1056 3784 1092 3855 in
1114 3783 1253 3857 civitate
1268 3783 1440 3858 Placentia
1461 3791 1497 3858 et
1517 3783 1615 3880 quod
1638 3793 1790 3880 potestas
1809 3783 1950 3857 baberet
1965 3787 2044 3880 pla-

633 3926 716 3977 nam
731 3907 905 3978 licentiam
919 3916 954 3979 et
969 3913 1172 4002 potestatem
1187 3907 1385 4002 inquirendi
1401 3908 1447 3982 de
1460 3909 1550 3981 facto
1566 3917 1600 3981 et
1612 3908 1776 4004 operibus
1791 3907 1874 3981 dicti
1891 3905 2045 3981 Autolini

631 4036 666 4100 at
680 4028 711 4100 si
731 4029 903 4103 inveniret
916 4050 996 4102 eum
1012 4029 1158 4124 dignum
1179 4039 1307 4122 morte,
1327 4051 1449 4104 secura
1462 4031 1690 4105 occideretur.
1709 4031 1789 4116 Quo
1803 4032 1850 4105 ita
1863 4031 2041 4122 ordinato,

636 4151 695 4225 alii
709 4155 771 4248 qui
787 4173 867 4226 cum
894 4152 1162 4228 dictoAutolino
1181 4155 1396 4228 steterentin
1422 4155 1688 4251 congregatione
1711 4155 1866 4251 predicta
1884 4157 2045 4229 timentes

632 4274 679 4350 ad
707 4285 867 4369 mortem,
896 4277 1043 4372 quilibet
1066 4299 1164 4352 snam
1190 4277 1387 4351 societatem
1415 4277 1626 4353 coadunavit
1654 4287 1689 4353 at
1712 4281 1869 4354 narravit
1895 4279 2044 4374 eisquc

631 4399 737 4474 modo
757 4401 889 4474 nullam
914 4403 1051 4498 culpam
1081 4403 1234 4476 habebat
1259 4403 1297 4474 in
1323 4403 1589 4498 congregatione
1615 4403 1792 4499 pradicta;
1821 4402 2046 4476 firmaverunt

631 4523 734 4596 etiam
745 4524 924 4598 societates
935 4547 1016 4599 suos
1027 4527 1185 4600 consules
1200 4525 1370 4618 adjuvare
1382 4527 1476 4620 justa
1486 4535 1521 4600 at
1530 4527 1674 4601 ratione.
1688 4529 1731 4600 llt
1743 4529 1879 4602 interim
1893 4536 2044 4623 potestas

630 4644 761 4718 dictum
774 4645 975 4719 Autolinum
990 4646 1165 4721 detinebat
1180 4649 1216 4719 iu
1230 4647 1334 4721 domo
1347 4669 1412 4720 sua
1431 4670 1502 4721 uon
1520 4651 1650 4724 faciens
1662 4651 1729 4724 sibi
1747 4649 1883 4746 aliquid
1896 4652 2039 4722 malum.

633 4770 676 4842 Et
692 4769 777 4842 dum
792 4769 858 4844 bec
879 4780 1057 4867 geruntur,
1077 4772 1262 4868 populares
1284 4771 1451 4846 inflamati
1467 4771 1513 4846 da
1529 4794 1572 4848 eo
1589 4773 1685 4870 quod
1708 4774 1882 4848 acciderat
1897 4783 1931 4848 et
1945 4774 2047 4869 quod
