<?xml version="1.0" encoding="UTF-8"?>
<!DOCTYPE html PUBLIC "-//W3C//DTD XHTML 1.0 Transitional//EN"
    "http://www.w3.org/TR/xhtml1/DTD/xhtml1-transitional.dtd">
<html xmlns="http://www.w3.org/1999/xhtml" xml:lang="en" lang="en">
 <head>
  <title>
</title>
<meta http-equiv="Content-Type" content="text/html;charset=utf-8" />
  <meta name='ocr-system' content='tesseract 3.04.00' />
  <meta name='ocr-capabilities' content='ocr_page ocr_carea ocr_par ocr_line ocrx_word'/>
</head>
<body>
  <div class='ocr_page' id='page_1' title='image "./chroniconplacen00huilgoog_0263.png"; bbox 0 0 4594 6066; ppageno 0'>
   <div class='ocr_carea' id='block_1_1' title="bbox 566 501 1510 567">
    <p class='ocr_par' dir='ltr' id='par_1_1' title="bbox 566 501 1510 567">
     <span class='ocr_line' id='line_1_1' title="bbox 566 501 1510 567; baseline -0.003 0"><span class='ocrx_word' id='word_1_1' title='bbox 566 505 628 567; x_wconf 71' lang='grc'><strong>204</strong></span> <span class='ocrx_word' id='word_1_2' title='bbox 1040 502 1283 566; x_wconf 81' lang='lat' dir='ltr'><strong>CHRONICON</strong></span> <span class='ocrx_word' id='word_1_3' title='bbox 1306 501 1358 562; x_wconf 84' lang='lat' dir='ltr'><strong>DE</strong></span> <span class='ocrx_word' id='word_1_4' title='bbox 1383 503 1510 564; x_wconf 88' lang='lat' dir='ltr'><strong>llEllllS</strong></span> 
     </span>
    </p>
   </div>
   <div class='ocr_carea' id='block_1_2' title="bbox 467 637 1983 3068">
    <p class='ocr_par' dir='ltr' id='par_1_2' title="bbox 467 637 1983 3068">
     <span class='ocr_line' id='line_1_2' title="bbox 565 637 1983 738; baseline 0.003 -26"><span class='ocrx_word' id='word_1_5' title='bbox 565 637 617 737; x_wconf 88' lang='lat' dir='ltr'><strong>[iu</strong></span> <span class='ocrx_word' id='word_1_6' title='bbox 639 637 781 738; x_wconf 88' lang='lat' dir='ltr'><strong>templo]</strong></span> <span class='ocrx_word' id='word_1_7' title='bbox 795 641 933 713; x_wconf 89' lang='lat' dir='ltr'>Domini</span> <span class='ocrx_word' id='word_1_8' title='bbox 955 640 1081 714; x_wconf 90' lang='lat' dir='ltr'><strong>dicbus</strong></span> <span class='ocrx_word' id='word_1_9' title='bbox 1106 649 1141 714; x_wconf 91' lang='lat' dir='ltr'><strong>et</strong></span> <span class='ocrx_word' id='word_1_10' title='bbox 1165 639 1325 714; x_wconf 89' lang='lat' dir='ltr'><strong>noctibus</strong></span> <span class='ocrx_word' id='word_1_11' title='bbox 1353 638 1493 734; x_wconf 85' lang='lat' dir='ltr'><strong>pubIIoe</strong></span> <span class='ocrx_word' id='word_1_12' title='bbox 1514 638 1717 735; x_wconf 88' lang='lat' dir='ltr'><strong>proclamari</strong></span> <span class='ocrx_word' id='word_1_13' title='bbox 1746 642 1915 735; x_wconf 81' lang='lat' dir='ltr'><strong>permisit.</strong></span> <span class='ocrx_word' id='word_1_14' title='bbox 1941 643 1983 716; x_wconf 84' lang='lat' dir='ltr'><strong>Et</strong></span> 
     </span>
     <span class='ocr_line' id='line_1_3' title="bbox 566 761 1982 862; baseline 0.004 -25"><span class='ocrx_word' id='word_1_15' title='bbox 566 787 679 862; x_wconf 84' lang='lat' dir='ltr'>nuper</span> <span class='ocrx_word' id='word_1_16' title='bbox 696 765 844 837; x_wconf 80' lang='lat' dir='ltr'>nuncios</span> <span class='ocrx_word' id='word_1_17' title='bbox 862 766 1004 839; x_wconf 91' lang='lat' dir='ltr'><strong>Soldani</strong></span> <span class='ocrx_word' id='word_1_18' title='bbox 1022 766 1220 857; x_wconf 89' lang='lat' dir='ltr'><strong>Babilonie,</strong></span> <span class='ocrx_word' id='word_1_19' title='bbox 1239 772 1421 860; x_wconf 79' lang='lat' dir='ltr'>postquam</span> <span class='ocrx_word' id='word_1_20' title='bbox 1439 761 1533 836; x_wconf 91' lang='lat' dir='ltr'><strong>idem</strong></span> <span class='ocrx_word' id='word_1_21' title='bbox 1555 764 1725 838; x_wconf 90' lang='lat' dir='ltr'><strong>Soldanns</strong></span> <span class='ocrx_word' id='word_1_22' title='bbox 1738 767 1840 840; x_wconf 88' lang='lat' dir='ltr'><strong>Terre</strong></span> <span class='ocrx_word' id='word_1_23' title='bbox 1861 769 1982 842; x_wconf 89' lang='lat' dir='ltr'><strong>Sancte</strong></span> 
     </span>
     <span class='ocr_line' id='line_1_4' title="bbox 564 884 1982 982; baseline 0 -20"><span class='ocrx_word' id='word_1_24' title='bbox 564 911 607 962; x_wconf 90' lang='lat' dir='ltr'><strong>ac</strong></span> <span class='ocrx_word' id='word_1_25' title='bbox 624 889 818 962; x_wconf 88' lang='lat' dir='ltr'><strong>christianis</strong></span> <span class='ocrx_word' id='word_1_26' title='bbox 844 889 1095 962; x_wconf 88' lang='lat' dir='ltr'><strong>habitatoribus</strong></span> <span class='ocrx_word' id='word_1_27' title='bbox 1121 889 1197 980; x_wconf 88' lang='lat' dir='ltr'><strong>ejus</strong></span> <span class='ocrx_word' id='word_1_28' title='bbox 1220 909 1283 982; x_wconf 94' lang='lat' dir='ltr'><strong>per</strong></span> <span class='ocrx_word' id='word_1_29' title='bbox 1305 907 1344 958; x_wconf 91' lang='lat' dir='ltr'><strong>se</strong></span> <span class='ocrx_word' id='word_1_30' title='bbox 1371 907 1413 959; x_wconf 89' lang='lat' dir='ltr'><strong>ac</strong></span> <span class='ocrx_word' id='word_1_31' title='bbox 1436 907 1518 958; x_wconf 89' lang='lat' dir='ltr'><strong>suos</strong></span> <span class='ocrx_word' id='word_1_32' title='bbox 1548 884 1699 982; x_wconf 89' lang='lat' dir='ltr'><strong>dampna</strong></span> <span class='ocrx_word' id='word_1_33' title='bbox 1717 890 1923 982; x_wconf 78' lang='lat' dir='ltr'><strong>gravissima</strong></span> <span class='ocrx_word' id='word_1_34' title='bbox 1947 901 1982 964; x_wconf 86' lang='lat' dir='ltr'><strong>et</strong></span> 
     </span>
     <span class='ocr_line' id='line_1_5' title="bbox 563 1009 1981 1105; baseline 0.002 -21"><span class='ocrx_word' id='word_1_35' title='bbox 563 1012 819 1086; x_wconf 74' lang='lat' dir='ltr'><strong>inestimabiles</strong></span> <span class='ocrx_word' id='word_1_36' title='bbox 831 1013 975 1105; x_wconf 89' lang='lat' dir='ltr'><strong>injurias</strong></span> <span class='ocrx_word' id='word_1_37' title='bbox 989 1012 1172 1105; x_wconf 78' lang='lat' dir='ltr'><strong>irrogaret,</strong></span> <span class='ocrx_word' id='word_1_38' title='bbox 1190 1011 1270 1083; x_wconf 86' lang='lat' dir='ltr'><strong>lecit</strong></span> <span class='ocrx_word' id='word_1_39' title='bbox 1287 1031 1349 1104; x_wconf 90' lang='lat' dir='ltr'><strong>per</strong></span> <span class='ocrx_word' id='word_1_40' title='bbox 1364 1031 1510 1104; x_wconf 80' lang='lat' dir='ltr'><strong>regnum</strong></span> <span class='ocrx_word' id='word_1_41' title='bbox 1526 1009 1642 1082; x_wconf 83' lang='lat' dir='ltr'><strong>Sicilie</strong></span> <span class='ocrx_word' id='word_1_42' title='bbox 1659 1032 1739 1082; x_wconf 93' lang='lat' dir='ltr'><strong>cum</strong></span> <span class='ocrx_word' id='word_1_43' title='bbox 1754 1011 1920 1086; x_wconf 82' lang='lat' dir='ltr'><strong>laudibus</strong></span> <span class='ocrx_word' id='word_1_44' title='bbox 1935 1013 1981 1088; x_wconf 92' lang='lat' dir='ltr'><strong>ad</strong></span> 
     </span>
     <span class='ocr_line' id='line_1_6' title="bbox 563 1131 1981 1228; baseline 0 -20"><span class='ocrx_word' id='word_1_45' title='bbox 563 1135 719 1228; x_wconf 88' lang='lat' dir='ltr'><strong>ejusdem</strong></span> <span class='ocrx_word' id='word_1_46' title='bbox 739 1133 879 1208; x_wconf 90' lang='lat' dir='ltr'><strong>Soldani</strong></span> <span class='ocrx_word' id='word_1_47' title='bbox 896 1135 1148 1223; x_wconf 85' lang='lat' dir='ltr'><strong>excellentiam,</strong></span> <span class='ocrx_word' id='word_1_48' title='bbox 1162 1133 1252 1205; x_wconf 88' lang='lat' dir='ltr'><strong>sicut</strong></span> <span class='ocrx_word' id='word_1_49' title='bbox 1268 1134 1389 1223; x_wconf 89' lang='lat' dir='ltr'><strong>lertnr,</strong></span> <span class='ocrx_word' id='word_1_50' title='bbox 1407 1131 1596 1206; x_wconf 88' lang='lat' dir='ltr'><strong>honorilice</strong></span> <span class='ocrx_word' id='word_1_51' title='bbox 1608 1133 1737 1227; x_wconf 87' lang='lat' dir='ltr'><strong>suscipi</strong></span> <span class='ocrx_word' id='word_1_52' title='bbox 1748 1143 1783 1206; x_wconf 88' lang='lat' dir='ltr'><strong>et</strong></span> <span class='ocrx_word' id='word_1_53' title='bbox 1799 1135 1981 1228; x_wconf 78' lang='lat' dir='ltr'><strong>magnilica</strong></span> 
     </span>
     <span class='ocr_line' id='line_1_7' title="bbox 561 1255 1981 1356; baseline -0.001 -24"><span class='ocrx_word' id='word_1_54' title='bbox 561 1259 753 1356; x_wconf 90' lang='lat' dir='ltr'><strong>procurari.</strong></span> <span class='ocrx_word' id='word_1_55' title='bbox 778 1259 1007 1354; x_wconf 81' lang='lat' dir='ltr'><strong>Aliorumque</strong></span> <span class='ocrx_word' id='word_1_56' title='bbox 1030 1257 1221 1332; x_wconf 87' lang='lat' dir='ltr'><strong>infidelium</strong></span> <span class='ocrx_word' id='word_1_57' title='bbox 1244 1255 1445 1352; x_wconf 79' lang='lat' dir='ltr'><strong>perniciosis</strong></span> <span class='ocrx_word' id='word_1_58' title='bbox 1469 1256 1520 1352; x_wconf 84' lang='lat' dir='ltr'><strong>(a)</strong></span> <span class='ocrx_word' id='word_1_59' title='bbox 1541 1266 1577 1328; x_wconf 93' lang='lat' dir='ltr'><strong>et</strong></span> <span class='ocrx_word' id='word_1_60' title='bbox 1605 1256 1787 1330; x_wconf 90' lang='lat' dir='ltr'><strong>horrendis</strong></span> <span class='ocrx_word' id='word_1_61' title='bbox 1805 1258 1981 1353; x_wconf 87' lang='lat' dir='ltr'><strong>ohsequiis</strong></span> 
     </span>
     <span class='ocr_line' id='line_1_8' title="bbox 563 1378 1980 1479; baseline -0.001 -23"><span class='ocrx_word' id='word_1_62' title='bbox 563 1393 681 1456; x_wconf 89' lang='lat' dir='ltr'><strong>contra</strong></span> <span class='ocrx_word' id='word_1_63' title='bbox 695 1381 816 1456; x_wconf 87' lang='lat' dir='ltr'><strong>fideles</strong></span> <span class='ocrx_word' id='word_1_64' title='bbox 833 1383 980 1456; x_wconf 89' lang='lat' dir='ltr'><strong>abutens</strong></span> <span class='ocrx_word' id='word_1_65' title='bbox 990 1379 1039 1479; x_wconf 81' lang='lat' dir='ltr'><strong>(b)</strong></span> <span class='ocrx_word' id='word_1_66' title='bbox 1055 1391 1090 1456; x_wconf 90' lang='lat' dir='ltr'><strong>et</strong></span> <span class='ocrx_word' id='word_1_67' title='bbox 1104 1382 1173 1454; x_wconf 90' lang='lat' dir='ltr'><strong>illis</strong></span> <span class='ocrx_word' id='word_1_68' title='bbox 1186 1381 1248 1476; x_wconf 92' lang='lat' dir='ltr'><strong>qui</strong></span> <span class='ocrx_word' id='word_1_69' title='bbox 1263 1378 1532 1475; x_wconf 80' lang='lat' dir='ltr'><strong>dampnabiliter</strong></span> <span class='ocrx_word' id='word_1_70' title='bbox 1544 1379 1798 1474; x_wconf 75' lang='lat' dir='ltr'><strong>vilipendentes</strong></span> <span class='ocrx_word' id='word_1_71' title='bbox 1809 1380 1980 1476; x_wconf 82' lang='lat' dir='ltr'><strong>Apostoh·</strong></span> 
     </span>
     <span class='ocr_line' id='line_1_9' title="bbox 563 1502 1980 1598; baseline 0 -20"><span class='ocrx_word' id='word_1_72' title='bbox 563 1528 638 1578; x_wconf 90' lang='lat' dir='ltr'><strong>cam</strong></span> <span class='ocrx_word' id='word_1_73' title='bbox 650 1507 776 1580; x_wconf 87' lang='lat' dir='ltr'><strong>Sedem</strong></span> <span class='ocrx_word' id='word_1_74' title='bbox 785 1505 830 1578; x_wconf 89' lang='lat' dir='ltr'><strong>ab</strong></span> <span class='ocrx_word' id='word_1_75' title='bbox 839 1507 969 1579; x_wconf 89' lang='lat' dir='ltr'><strong>unitate</strong></span> <span class='ocrx_word' id='word_1_76' title='bbox 979 1505 1132 1578; x_wconf 83' lang='lat' dir='ltr'><strong>Ecclesia</strong></span> <span class='ocrx_word' id='word_1_77' title='bbox 1143 1502 1387 1594; x_wconf 86' lang='lat' dir='ltr'><strong>dlecesserunt,</strong></span> <span class='ocrx_word' id='word_1_78' title='bbox 1399 1523 1588 1598; x_wconf 88' lang='lat' dir='ltr'><strong>procurans</strong></span> <span class='ocrx_word' id='word_1_79' title='bbox 1596 1503 1762 1576; x_wconf 87' lang='lat' dir='ltr'><strong>affinitate</strong></span> <span class='ocrx_word' id='word_1_80' title='bbox 1772 1525 1814 1577; x_wconf 89' lang='lat' dir='ltr'><strong>ac</strong></span> <span class='ocrx_word' id='word_1_81' title='bbox 1824 1505 1980 1580; x_wconf 90' lang='lat' dir='ltr'><strong>amicicia</strong></span> 
     </span>
     <span class='ocr_line' id='line_1_10' title="bbox 562 1624 1980 1723; baseline -0.001 -21"><span class='ocrx_word' id='word_1_82' title='bbox 562 1629 736 1723; x_wconf 87' lang='lat' dir='ltr'><strong>copulari,</strong></span> <span class='ocrx_word' id='word_1_83' title='bbox 758 1631 849 1702; x_wconf 90' lang='lat' dir='ltr'><strong>clare</strong></span> <span class='ocrx_word' id='word_1_84' title='bbox 865 1629 1030 1702; x_wconf 89' lang='lat' dir='ltr'><strong>memorie</strong></span> <span class='ocrx_word' id='word_1_85' title='bbox 1056 1628 1183 1700; x_wconf 91' lang='lat' dir='ltr'><strong>ducem</strong></span> <span class='ocrx_word' id='word_1_86' title='bbox 1204 1627 1348 1699; x_wconf 91' lang='lat' dir='ltr'><strong>Baverie</strong></span> <span class='ocrx_word' id='word_1_87' title='bbox 1368 1624 1553 1720; x_wconf 87' lang='lat' dir='ltr'><strong>specialem</strong></span> <span class='ocrx_word' id='word_1_88' title='bbox 1575 1626 1730 1698; x_wconf 85' lang='lat' dir='ltr'><strong>EcclesIe</strong></span> <span class='ocrx_word' id='word_1_89' title='bbox 1748 1627 1901 1700; x_wconf 86' lang='lat' dir='ltr'><strong>Romane</strong></span> <span class='ocrx_word' id='word_1_90' title='bbox 1921 1627 1980 1701; x_wconf 93' lang='lat' dir='ltr'><strong>de-</strong></span> 
     </span>
     <span class='ocr_line' id='line_1_11' title="bbox 561 1748 1980 1847; baseline -0.001 -25"><span class='ocrx_word' id='word_1_91' title='bbox 561 1761 683 1823; x_wconf 89' lang='lat' dir='ltr'><strong>votum</strong></span> <span class='ocrx_word' id='word_1_92' title='bbox 707 1753 804 1842; x_wconf 90' lang='lat' dir='ltr'><strong>lecit,</strong></span> <span class='ocrx_word' id='word_1_93' title='bbox 820 1752 912 1823; x_wconf 91' lang='lat' dir='ltr'><strong>sicut</strong></span> <span class='ocrx_word' id='word_1_94' title='bbox 924 1773 990 1847; x_wconf 91' lang='lat' dir='ltr'><strong>pro</strong></span> <span class='ocrx_word' id='word_1_95' title='bbox 1006 1760 1100 1823; x_wconf 85' lang='lat' dir='ltr'><strong>certo</strong></span> <span class='ocrx_word' id='word_1_96' title='bbox 1116 1749 1299 1839; x_wconf 90' lang='lat' dir='ltr'><strong>asseritur,</strong></span> <span class='ocrx_word' id='word_1_97' title='bbox 1319 1748 1505 1821; x_wconf 86' lang='lat' dir='ltr'><strong>christiana</strong></span> <span class='ocrx_word' id='word_1_98' title='bbox 1527 1749 1696 1842; x_wconf 81' lang='lat' dir='ltr'><strong>religione</strong></span> <span class='ocrx_word' id='word_1_99' title='bbox 1720 1749 1900 1842; x_wconf 88' lang='lat' dir='ltr'><strong>despecta,</strong></span> <span class='ocrx_word' id='word_1_100' title='bbox 1919 1771 1980 1844; x_wconf 91' lang='lat' dir='ltr'><strong>per</strong></span> 
     </span>
     <span class='ocr_line' id='line_1_12' title="bbox 561 1871 1979 1962; baseline 0 -16"><span class='ocrx_word' id='word_1_101' title='bbox 561 1873 742 1948; x_wconf 82' lang='lat' dir='ltr'><strong>Assasinos</strong></span> <span class='ocrx_word' id='word_1_102' title='bbox 758 1873 890 1962; x_wconf 92' lang='lat' dir='ltr'><strong>occidi,</strong></span> <span class='ocrx_word' id='word_1_103' title='bbox 913 1883 948 1946; x_wconf 90' lang='lat' dir='ltr'><strong>et</strong></span> <span class='ocrx_word' id='word_1_104' title='bbox 967 1875 1109 1946; x_wconf 87' lang='lat' dir='ltr'><strong>VatacIo</strong></span> <span class='ocrx_word' id='word_1_105' title='bbox 1122 1874 1186 1945; x_wconf 86' lang='lat' dir='ltr'><strong>Dei</strong></span> <span class='ocrx_word' id='word_1_106' title='bbox 1206 1881 1241 1944; x_wconf 90' lang='lat' dir='ltr'><strong>et</strong></span> <span class='ocrx_word' id='word_1_107' title='bbox 1261 1871 1416 1944; x_wconf 88' lang='lat' dir='ltr'><strong>Ecclesie</strong></span> <span class='ocrx_word' id='word_1_108' title='bbox 1431 1871 1571 1943; x_wconf 88' lang='lat' dir='ltr'><strong>inimico</strong></span> <span class='ocrx_word' id='word_1_109' title='bbox 1586 1893 1608 1944; x_wconf 90' lang='lat' dir='ltr'><strong>a</strong></span> <span class='ocrx_word' id='word_1_110' title='bbox 1625 1873 1871 1946; x_wconf 89' lang='lat' dir='ltr'><strong>communione</strong></span> <span class='ocrx_word' id='word_1_111' title='bbox 1886 1872 1979 1946; x_wconf 86' lang='lat' dir='ltr'><strong>hde-</strong></span> 
     </span>
     <span class='ocr_line' id='line_1_13' title="bbox 560 1993 1981 2094; baseline 0.001 -27"><span class='ocrx_word' id='word_1_112' title='bbox 560 1995 648 2068; x_wconf 91' lang='lat' dir='ltr'><strong>linm</strong></span> <span class='ocrx_word' id='word_1_113' title='bbox 672 2019 737 2094; x_wconf 89' lang='lat' dir='ltr'><strong>per</strong></span> <span class='ocrx_word' id='word_1_114' title='bbox 757 1997 1125 2070; x_wconf 83' lang='lat' dir='ltr'><strong>excommunicationis</strong></span> <span class='ocrx_word' id='word_1_115' title='bbox 1146 1997 1358 2070; x_wconf 88' lang='lat' dir='ltr'><strong>sentenciam</strong></span> <span class='ocrx_word' id='word_1_116' title='bbox 1383 2017 1464 2066; x_wconf 92' lang='lat' dir='ltr'><strong>cum</strong></span> <span class='ocrx_word' id='word_1_117' title='bbox 1486 1993 1704 2088; x_wconf 85' lang='lat' dir='ltr'><strong>adjutoribus</strong></span> <span class='ocrx_word' id='word_1_118' title='bbox 1721 2004 1756 2066; x_wconf 91' lang='lat' dir='ltr'><strong>et</strong></span> <span class='ocrx_word' id='word_1_119' title='bbox 1777 1995 1981 2069; x_wconf 89' lang='lat' dir='ltr'><strong>consiliato-</strong></span> 
     </span>
     <span class='ocr_line' id='line_1_14' title="bbox 560 2115 1980 2212; baseline -0.001 -21"><span class='ocrx_word' id='word_1_120' title='bbox 560 2119 658 2192; x_wconf 89' lang='lat' dir='ltr'><strong>ribus</strong></span> <span class='ocrx_word' id='word_1_121' title='bbox 680 2129 715 2192; x_wconf 91' lang='lat' dir='ltr'><strong>et</strong></span> <span class='ocrx_word' id='word_1_122' title='bbox 735 2119 949 2190; x_wconf 77' lang='lat' dir='ltr'><strong>sanctoribus</strong></span> <span class='ocrx_word' id='word_1_123' title='bbox 973 2117 1046 2189; x_wconf 90' lang='lat' dir='ltr'><strong>suis</strong></span> <span class='ocrx_word' id='word_1_124' title='bbox 1069 2119 1303 2212; x_wconf 89' lang='lat' dir='ltr'><strong>sollempniter</strong></span> <span class='ocrx_word' id='word_1_125' title='bbox 1322 2127 1497 2212; x_wconf 89' lang='lat' dir='ltr'><strong>separato,</strong></span> <span class='ocrx_word' id='word_1_126' title='bbox 1524 2115 1630 2189; x_wconf 90' lang='lat' dir='ltr'><strong>liliam</strong></span> <span class='ocrx_word' id='word_1_127' title='bbox 1653 2139 1754 2189; x_wconf 90' lang='lat' dir='ltr'><strong>suam</strong></span> <span class='ocrx_word' id='word_1_128' title='bbox 1779 2117 1923 2190; x_wconf 85' lang='lat' dir='ltr'><strong>tradidit</strong></span> <span class='ocrx_word' id='word_1_129' title='bbox 1944 2120 1980 2190; x_wconf 93' lang='lat' dir='ltr'><strong>in</strong></span> 
     </span>
     <span class='ocr_line' id='line_1_15' title="bbox 561 2237 1976 2336; baseline 0 -22"><span class='ocrx_word' id='word_1_130' title='bbox 561 2263 719 2314; x_wconf 84' lang='lat' dir='ltr'><strong>uxorem.</strong></span> <span class='ocrx_word' id='word_1_131' title='bbox 737 2241 988 2314; x_wconf 90' lang='lat' dir='ltr'><strong>Catholioorum</strong></span> <span class='ocrx_word' id='word_1_132' title='bbox 1004 2261 1088 2314; x_wconf 92' lang='lat' dir='ltr'><strong>vero</strong></span> <span class='ocrx_word' id='word_1_133' title='bbox 1101 2241 1299 2336; x_wconf 90' lang='lat' dir='ltr'><strong>principum</strong></span> <span class='ocrx_word' id='word_1_134' title='bbox 1319 2249 1416 2312; x_wconf 89' lang='lat' dir='ltr'><strong>actus</strong></span> <span class='ocrx_word' id='word_1_135' title='bbox 1433 2237 1480 2336; x_wconf 87' lang='lat' dir='ltr'><strong>(c)</strong></span> <span class='ocrx_word' id='word_1_136' title='bbox 1494 2262 1573 2312; x_wconf 91' lang='lat' dir='ltr'><strong>cum</strong></span> <span class='ocrx_word' id='word_1_137' title='bbox 1590 2239 1760 2313; x_wconf 89' lang='lat' dir='ltr'><strong>didiceret</strong></span> <span class='ocrx_word' id='word_1_138' title='bbox 1771 2241 1976 2336; x_wconf 86' lang='lat' dir='ltr'><strong>opprimere,</strong></span> 
     </span>
     <span class='ocr_line' id='line_1_16' title="bbox 560 2363 1979 2460; baseline -0.001 -24"><span class='ocrx_word' id='word_1_139' title='bbox 560 2386 630 2438; x_wconf 92' lang='lat' dir='ltr'><strong>non</strong></span> <span class='ocrx_word' id='word_1_140' title='bbox 652 2375 749 2438; x_wconf 89' lang='lat' dir='ltr'><strong>curat</strong></span> <span class='ocrx_word' id='word_1_141' title='bbox 774 2385 958 2459; x_wconf 88' lang='lat' dir='ltr'><strong>oppressos</strong></span> <span class='ocrx_word' id='word_1_142' title='bbox 980 2364 1248 2436; x_wconf 89' lang='lat' dir='ltr'><strong>misericorditer</strong></span> <span class='ocrx_word' id='word_1_143' title='bbox 1265 2365 1440 2454; x_wconf 91' lang='lat' dir='ltr'><strong>relevare,</strong></span> <span class='ocrx_word' id='word_1_144' title='bbox 1461 2385 1569 2434; x_wconf 92' lang='lat' dir='ltr'><strong>manu</strong></span> <span class='ocrx_word' id='word_1_145' title='bbox 1593 2365 1669 2455; x_wconf 89' lang='lat' dir='ltr'><strong>ejus</strong></span> <span class='ocrx_word' id='word_1_146' title='bbox 1696 2373 1736 2434; x_wconf 92' lang='lat' dir='ltr'><strong>ut</strong></span> <span class='ocrx_word' id='word_1_147' title='bbox 1762 2363 1865 2436; x_wconf 90' lang='lat' dir='ltr'><strong>decet</strong></span> <span class='ocrx_word' id='word_1_148' title='bbox 1888 2364 1979 2460; x_wconf 93' lang='lat' dir='ltr'><strong>prin·</strong></span> 
     </span>
     <span class='ocr_line' id='line_1_17' title="bbox 559 2487 1980 2583; baseline -0.001 -23"><span class='ocrx_word' id='word_1_149' title='bbox 559 2489 673 2583; x_wconf 90' lang='lat' dir='ltr'><strong>cipem</strong></span> <span class='ocrx_word' id='word_1_150' title='bbox 692 2487 739 2560; x_wconf 93' lang='lat' dir='ltr'><strong>ad</strong></span> <span class='ocrx_word' id='word_1_151' title='bbox 752 2487 956 2559; x_wconf 88' lang='lat' dir='ltr'><strong>elemosinas</strong></span> <span class='ocrx_word' id='word_1_152' title='bbox 973 2507 1043 2558; x_wconf 93' lang='lat' dir='ltr'><strong>nou</strong></span> <span class='ocrx_word' id='word_1_153' title='bbox 1066 2495 1224 2579; x_wconf 86' lang='lat' dir='ltr'><strong>extenta,</strong></span> <span class='ocrx_word' id='word_1_154' title='bbox 1244 2508 1325 2558; x_wconf 93' lang='lat' dir='ltr'><strong>cum</strong></span> <span class='ocrx_word' id='word_1_155' title='bbox 1341 2487 1567 2559; x_wconf 87' lang='lat' dir='ltr'><strong>destructioni</strong></span> <span class='ocrx_word' id='word_1_156' title='bbox 1583 2487 1806 2558; x_wconf 89' lang='lat' dir='ltr'><strong>ecclesiarum</strong></span> <span class='ocrx_word' id='word_1_157' title='bbox 1822 2487 1980 2560; x_wconf 87' lang='lat' dir='ltr'><strong>institerit</strong></span> 
     </span>
     <span class='ocr_line' id='line_1_18' title="bbox 467 2607 1976 2704; baseline -0.001 -20"><span class='ocrx_word' id='word_1_158' title='bbox 467 2607 468 2612; x_wconf 69' lang='grc'>’</span> <span class='ocrx_word' id='word_1_159' title='bbox 561 2609 787 2698; x_wconf 77' lang='lat' dir='ltr'><strong>etreligiosas</strong></span> <span class='ocrx_word' id='word_1_160' title='bbox 808 2630 849 2682; x_wconf 90' lang='lat' dir='ltr'><strong>ac</strong></span> <span class='ocrx_word' id='word_1_161' title='bbox 865 2610 950 2682; x_wconf 88' lang='lat' dir='ltr'><strong>alias</strong></span> <span class='ocrx_word' id='word_1_162' title='bbox 973 2609 1222 2681; x_wconf 87' lang='lat' dir='ltr'><strong>ecclesiasticas</strong></span> <span class='ocrx_word' id='word_1_163' title='bbox 1244 2609 1375 2701; x_wconf 82' lang='lat' dir='ltr'><strong>jugiter</strong></span> <span class='ocrx_word' id='word_1_164' title='bbox 1389 2607 1561 2679; x_wconf 87' lang='lat' dir='ltr'><strong>attriverit</strong></span> <span class='ocrx_word' id='word_1_165' title='bbox 1582 2608 1771 2680; x_wconf 87' lang='lat' dir='ltr'><strong>afflictione</strong></span> <span class='ocrx_word' id='word_1_166' title='bbox 1795 2631 1976 2704; x_wconf 82' lang='lat' dir='ltr'><strong>personas,</strong></span> 
     </span>
     <span class='ocr_line' id='line_1_19' title="bbox 560 2730 1975 2827; baseline -0.001 -21"><span class='ocrx_word' id='word_1_167' title='bbox 560 2755 626 2806; x_wconf 91' lang='lat' dir='ltr'><strong>nec</strong></span> <span class='ocrx_word' id='word_1_168' title='bbox 645 2733 808 2806; x_wconf 88' lang='lat' dir='ltr'><strong>ecclesias</strong></span> <span class='ocrx_word' id='word_1_169' title='bbox 833 2752 899 2804; x_wconf 89' lang='lat' dir='ltr'><strong>nec</strong></span> <span class='ocrx_word' id='word_1_170' title='bbox 918 2731 1128 2804; x_wconf 85' lang='lat' dir='ltr'><strong>monasteria</strong></span> <span class='ocrx_word' id='word_1_171' title='bbox 1143 2730 1193 2827; x_wconf 87' lang='lat' dir='ltr'><strong>(d)</strong></span> <span class='ocrx_word' id='word_1_172' title='bbox 1210 2752 1273 2804; x_wconf 87' lang='lat' dir='ltr'><strong>sen</strong></span> <span class='ocrx_word' id='word_1_173' title='bbox 1291 2731 1359 2804; x_wconf 88' lang='lat' dir='ltr'><strong>alia</strong></span> <span class='ocrx_word' id='word_1_174' title='bbox 1376 2731 1435 2827; x_wconf 91' lang='lat' dir='ltr'><strong>pia</strong></span> <span class='ocrx_word' id='word_1_175' title='bbox 1457 2731 1534 2803; x_wconf 82' lang='lat' dir='ltr'><strong>loca&#39;</strong></span> <span class='ocrx_word' id='word_1_176' title='bbox 1554 2732 1705 2803; x_wconf 90' lang='lat' dir='ltr'><strong>cernitur</strong></span> <span class='ocrx_word' id='word_1_177' title='bbox 1728 2733 1975 2806; x_wconf 87' lang='lat' dir='ltr'><strong>construxisse.</strong></span> 
     </span>
     <span class='ocr_line' id='line_1_20' title="bbox 559 2853 1978 2951; baseline 0 -23"><span class='ocrx_word' id='word_1_178' title='bbox 559 2856 681 2929; x_wconf 91' lang='lat' dir='ltr'><strong>Nonne</strong></span> <span class='ocrx_word' id='word_1_179' title='bbox 706 2856 812 2950; x_wconf 81' lang='lat' dir='ltr'><strong>igitur</strong></span> <span class='ocrx_word' id='word_1_180' title='bbox 835 2855 901 2927; x_wconf 92' lang='lat' dir='ltr'><strong>hec</strong></span> <span class='ocrx_word' id='word_1_181' title='bbox 927 2875 997 2926; x_wconf 94' lang='lat' dir='ltr'><strong>non</strong></span> <span class='ocrx_word' id='word_1_182' title='bbox 1015 2855 1126 2937; x_wconf 86' lang='lat' dir='ltr'><strong>levia,</strong></span> <span class='ocrx_word' id='word_1_183' title='bbox 1146 2853 1207 2926; x_wconf 92' lang='lat' dir='ltr'><strong>sed</strong></span> <span class='ocrx_word' id='word_1_184' title='bbox 1225 2853 1482 2926; x_wconf 84' lang='lat' dir='ltr'><strong>efficacia-sunt</strong></span> <span class='ocrx_word' id='word_1_185' title='bbox 1499 2863 1703 2947; x_wconf 77' lang='lat' dir='ltr'><strong>argumenta</strong></span> <span class='ocrx_word' id='word_1_186' title='bbox 1720 2853 1766 2927; x_wconf 91' lang='lat' dir='ltr'><strong>de</strong></span> <span class='ocrx_word' id='word_1_187' title='bbox 1783 2857 1978 2951; x_wconf 85' lang='lat' dir='ltr'><strong>suspicione</strong></span> 
     </span>
     <span class='ocr_line' id='line_1_21' title="bbox 559 2976 1978 3068; baseline 0 -18"><span class='ocrx_word' id='word_1_188' title='bbox 559 2977 692 3052; x_wconf 87' lang='lat' dir='ltr'><strong>heresis</strong></span> <span class='ocrx_word' id='word_1_189' title='bbox 706 2987 825 3051; x_wconf 89' lang='lat' dir='ltr'><strong>contra</strong></span> <span class='ocrx_word' id='word_1_190' title='bbox 841 2999 941 3064; x_wconf 92' lang='lat' dir='ltr'><strong>cum,</strong></span> <span class='ocrx_word' id='word_1_191' title='bbox 957 2998 1037 3049; x_wconf 90' lang='lat' dir='ltr'><strong>cnm</strong></span> <span class='ocrx_word' id='word_1_192' title='bbox 1051 2985 1166 3048; x_wconf 91' lang='lat' dir='ltr'><strong>tamen</strong></span> <span class='ocrx_word' id='word_1_193' title='bbox 1182 2976 1413 3049; x_wconf 89' lang='lat' dir='ltr'><strong>hereticorum</strong></span> <span class='ocrx_word' id='word_1_194' title='bbox 1424 2977 1596 3050; x_wconf 89' lang='lat' dir='ltr'><strong>vocabulo</strong></span> <span class='ocrx_word' id='word_1_195' title='bbox 1614 2977 1691 3049; x_wconf 90' lang='lat' dir='ltr'><strong>illos</strong></span> <span class='ocrx_word' id='word_1_196' title='bbox 1701 2977 1760 3068; x_wconf 91' lang='lat' dir='ltr'><strong>jus</strong></span> <span class='ocrx_word' id='word_1_197' title='bbox 1778 2979 1881 3052; x_wconf 88' lang='lat' dir='ltr'><strong>civile</strong></span> <span class='ocrx_word' id='word_1_198' title='bbox 1892 3001 1978 3052; x_wconf 90' lang='lat' dir='ltr'><strong>con-</strong></span> 
     </span>
    </p>
   </div>
   <div class='ocr_carea' id='block_1_3' title="bbox 559 3098 1978 3938">
    <p class='ocr_par' dir='ltr' id='par_1_3' title="bbox 559 3098 1978 3938">
     <span class='ocr_line' id='line_1_22' title="bbox 559 3098 1977 3198; baseline 0.001 -26"><span class='ocrx_word' id='word_1_199' title='bbox 559 3101 660 3173; x_wconf 87' lang='lat' dir='ltr'><strong>tineri</strong></span> <span class='ocrx_word' id='word_1_200' title='bbox 676 3110 805 3174; x_wconf 85' lang='lat' dir='ltr'><strong>asserat</strong></span> <span class='ocrx_word' id='word_1_201' title='bbox 824 3108 860 3172; x_wconf 93' lang='lat' dir='ltr'><strong>et</strong></span> <span class='ocrx_word' id='word_1_202' title='bbox 881 3100 960 3172; x_wconf 88' lang='lat' dir='ltr'><strong>latis</strong></span> <span class='ocrx_word' id='word_1_203' title='bbox 981 3099 1153 3172; x_wconf 89' lang='lat' dir='ltr'><strong>adversus</strong></span> <span class='ocrx_word' id='word_1_204' title='bbox 1176 3121 1237 3172; x_wconf 89' lang='lat' dir='ltr'><strong>eos</strong></span> <span class='ocrx_word' id='word_1_205' title='bbox 1257 3101 1303 3195; x_wconf 87' lang='lat' dir='ltr'><strong>(e)</strong></span> <span class='ocrx_word' id='word_1_206' title='bbox 1322 3098 1508 3172; x_wconf 90' lang='lat' dir='ltr'><strong>sentenciis</strong></span> <span class='ocrx_word' id='word_1_207' title='bbox 1532 3099 1660 3171; x_wconf 90' lang='lat' dir='ltr'><strong>dehere</strong></span> <span class='ocrx_word' id='word_1_208' title='bbox 1680 3101 1900 3174; x_wconf 90' lang='lat' dir='ltr'><strong>subcunbere</strong></span> <span class='ocrx_word' id='word_1_209' title='bbox 1916 3103 1977 3198; x_wconf 90' lang='lat' dir='ltr'><strong>qni</strong></span> 
     </span>
     <span class='ocr_line' id='line_1_23' title="bbox 559 3221 1978 3317; baseline 0 -19"><span class='ocrx_word' id='word_1_210' title='bbox 559 3225 617 3298; x_wconf 85' lang='lat' dir='ltr'><strong>vel</strong></span> <span class='ocrx_word' id='word_1_211' title='bbox 631 3224 701 3296; x_wconf 91' lang='lat' dir='ltr'><strong>levi</strong></span> <span class='ocrx_word' id='word_1_212' title='bbox 714 3231 919 3314; x_wconf 79' lang='lat' dir='ltr'><strong>argumento</strong></span> <span class='ocrx_word' id='word_1_213' title='bbox 942 3245 963 3296; x_wconf 88' lang='lat' dir='ltr'><strong>a</strong></span> <span class='ocrx_word' id='word_1_214' title='bbox 973 3223 1108 3316; x_wconf 88' lang='lat' dir='ltr'><strong>judIcio</strong></span> <span class='ocrx_word' id='word_1_215' title='bbox 1127 3222 1294 3295; x_wconf 89' lang='lat' dir='ltr'><strong>catholice</strong></span> <span class='ocrx_word' id='word_1_216' title='bbox 1309 3223 1486 3317; x_wconf 78' lang='lat' dir='ltr'><strong>relign&#39;ouis</strong></span> <span class='ocrx_word' id='word_1_217' title='bbox 1504 3231 1539 3296; x_wconf 88' lang='lat' dir='ltr'><strong>et</strong></span> <span class='ocrx_word' id='word_1_218' title='bbox 1554 3221 1691 3295; x_wconf 91' lang='lat' dir='ltr'><strong>tramite</strong></span> <span class='ocrx_word' id='word_1_219' title='bbox 1709 3223 1834 3296; x_wconf 89' lang='lat' dir='ltr'><strong>detecti</strong></span> <span class='ocrx_word' id='word_1_220' title='bbox 1853 3226 1978 3299; x_wconf 86' lang='lat' dir='ltr'><strong>luerint</strong></span> 
     </span>
     <span class='ocr_line' id='line_1_24' title="bbox 559 3345 1976 3440; baseline 0 -20"><span class='ocrx_word' id='word_1_221' title='bbox 559 3345 711 3420; x_wconf 89' lang='lat' dir='ltr'><strong>deviare.</strong></span> <span class='ocrx_word' id='word_1_222' title='bbox 733 3346 850 3418; x_wconf 90' lang='lat' dir='ltr'><strong>Preter</strong></span> <span class='ocrx_word' id='word_1_223' title='bbox 867 3345 933 3418; x_wconf 86' lang='lat' dir='ltr'><strong>hoo</strong></span> <span class='ocrx_word' id='word_1_224' title='bbox 948 3367 1094 3440; x_wconf 81' lang='lat' dir='ltr'><strong>regnum</strong></span> <span class='ocrx_word' id='word_1_225' title='bbox 1109 3345 1245 3417; x_wconf 91' lang='lat' dir='ltr'><strong>Scicilio</strong></span> <span class='ocrx_word' id='word_1_226' title='bbox 1266 3345 1363 3440; x_wconf 92' lang='lat' dir='ltr'><strong>quod</strong></span> <span class='ocrx_word' id='word_1_227' title='bbox 1382 3355 1436 3418; x_wconf 89' lang='lat' dir='ltr'><strong>est</strong></span> <span class='ocrx_word' id='word_1_228' title='bbox 1457 3345 1608 3440; x_wconf 89' lang='lat' dir='ltr'><strong>speciale</strong></span> <span class='ocrx_word' id='word_1_229' title='bbox 1626 3347 1870 3440; x_wconf 90' lang='lat' dir='ltr'><strong>patrimonium</strong></span> <span class='ocrx_word' id='word_1_230' title='bbox 1886 3349 1976 3422; x_wconf 88' lang='lat' dir='ltr'><strong>beati</strong></span> 
     </span>
     <span class='ocr_line' id='line_1_25' title="bbox 559 3465 1977 3565; baseline 0.001 -23"><span class='ocrx_word' id='word_1_231' title='bbox 559 3468 670 3559; x_wconf 87' lang='lat' dir='ltr'><strong>Petri,</strong></span> <span class='ocrx_word' id='word_1_232' title='bbox 692 3465 815 3565; x_wconf 92' lang='lat' dir='ltr'><strong>[quod]</strong></span> <span class='ocrx_word' id='word_1_233' title='bbox 834 3469 927 3542; x_wconf 92' lang='lat' dir='ltr'><strong>idem</strong></span> <span class='ocrx_word' id='word_1_234' title='bbox 948 3469 1110 3565; x_wconf 89' lang='lat' dir='ltr'><strong>princeps</strong></span> <span class='ocrx_word' id='word_1_235' title='bbox 1129 3469 1175 3542; x_wconf 92' lang='lat' dir='ltr'><strong>ab</strong></span> <span class='ocrx_word' id='word_1_236' title='bbox 1192 3467 1389 3562; x_wconf 87' lang='lat' dir='ltr'><strong>Apostolica</strong></span> <span class='ocrx_word' id='word_1_237' title='bbox 1407 3467 1497 3542; x_wconf 90' lang='lat' dir='ltr'><strong>Sede</strong></span> <span class='ocrx_word' id='word_1_238' title='bbox 1512 3469 1652 3541; x_wconf 88' lang='lat' dir='ltr'><strong>tenebat</strong></span> <span class='ocrx_word' id='word_1_239' title='bbox 1668 3470 1703 3539; x_wconf 90' lang='lat' dir='ltr'><strong>in</strong></span> <span class='ocrx_word' id='word_1_240' title='bbox 1723 3469 1885 3561; x_wconf 80' lang='lat' dir='ltr'><strong>feodum,</strong></span> <span class='ocrx_word' id='word_1_241' title='bbox 1904 3471 1977 3562; x_wconf 87' lang='lat' dir='ltr'><strong>jam</strong></span> 
     </span>
     <span class='ocr_line' id='line_1_26' title="bbox 559 3591 1978 3689; baseline 0.001 -25"><span class='ocrx_word' id='word_1_242' title='bbox 559 3591 607 3666; x_wconf 89' lang='lat' dir='ltr'><strong>ad</strong></span> <span class='ocrx_word' id='word_1_243' title='bbox 625 3601 754 3664; x_wconf 86' lang='lat' dir='ltr'><strong>tantam</strong></span> <span class='ocrx_word' id='word_1_244' title='bbox 778 3591 816 3663; x_wconf 94' lang='lat' dir='ltr'><strong>in</strong></span> <span class='ocrx_word' id='word_1_245' title='bbox 842 3593 974 3665; x_wconf 91' lang='lat' dir='ltr'><strong>clericis</strong></span> <span class='ocrx_word' id='word_1_246' title='bbox 998 3601 1033 3665; x_wconf 90' lang='lat' dir='ltr'><strong>et</strong></span> <span class='ocrx_word' id='word_1_247' title='bbox 1062 3593 1174 3689; x_wconf 76' lang='lat' dir='ltr'><strong>laycIs</strong></span> <span class='ocrx_word' id='word_1_248' title='bbox 1200 3591 1523 3665; x_wconf 87' lang='lat' dir='ltr'><strong>exterminationem</strong></span> <span class='ocrx_word' id='word_1_249' title='bbox 1550 3593 1822 3687; x_wconf 87' lang='lat' dir='ltr'><strong>servitutemque</strong></span> <span class='ocrx_word' id='word_1_250' title='bbox 1844 3593 1978 3688; x_wconf 79' lang='lat' dir='ltr'><strong>redegit</strong></span> 
     </span>
     <span class='ocr_line' id='line_1_27' title="bbox 560 3714 1978 3813; baseline 0.001 -25"><span class='ocrx_word' id='word_1_251' title='bbox 560 3714 657 3811; x_wconf 91' lang='lat' dir='ltr'><strong>qnod</strong></span> <span class='ocrx_word' id='word_1_252' title='bbox 673 3717 725 3789; x_wconf 86' lang='lat' dir='ltr'><strong>eis</strong></span> <span class='ocrx_word' id='word_1_253' title='bbox 744 3738 832 3811; x_wconf 92' lang='lat' dir='ltr'><strong>pene</strong></span> <span class='ocrx_word' id='word_1_254' title='bbox 853 3717 991 3812; x_wconf 86' lang='lat' dir='ltr'><strong>penitus</strong></span> <span class='ocrx_word' id='word_1_255' title='bbox 1008 3715 1114 3787; x_wconf 92' lang='lat' dir='ltr'><strong>nichil</strong></span> <span class='ocrx_word' id='word_1_256' title='bbox 1129 3715 1339 3794; x_wconf 88' lang='lat' dir='ltr'><strong>habentibus</strong></span> <span class='ocrx_word' id='word_1_257' title='bbox 1360 3725 1395 3789; x_wconf 90' lang='lat' dir='ltr'><strong>et</strong></span> <span class='ocrx_word' id='word_1_258' title='bbox 1416 3714 1579 3789; x_wconf 89' lang='lat' dir='ltr'><strong>omnibus</strong></span> <span class='ocrx_word' id='word_1_259' title='bbox 1604 3716 1736 3790; x_wconf 87' lang='lat' dir='ltr'><strong>exinde</strong></span> <span class='ocrx_word' id='word_1_260' title='bbox 1760 3719 1831 3790; x_wconf 87' lang='lat' dir='ltr'><strong>iere</strong></span> <span class='ocrx_word' id='word_1_261' title='bbox 1857 3717 1978 3813; x_wconf 90' lang='lat' dir='ltr'><strong>probis</strong></span> 
     </span>
     <span class='ocr_line' id='line_1_28' title="bbox 560 3835 1978 3938; baseline 0.002 -28"><span class='ocrx_word' id='word_1_262' title='bbox 560 3839 691 3930; x_wconf 75' lang='lat' dir='ltr'><strong>eiectis,</strong></span> <span class='ocrx_word' id='word_1_263' title='bbox 709 3838 785 3910; x_wconf 87' lang='lat' dir='ltr'><strong>illos</strong></span> <span class='ocrx_word' id='word_1_264' title='bbox 798 3838 860 3931; x_wconf 90' lang='lat' dir='ltr'><strong>qui</strong></span> <span class='ocrx_word' id='word_1_265' title='bbox 874 3847 1111 3911; x_wconf 89' lang='lat' dir='ltr'><strong>remanserunt</strong></span> <span class='ocrx_word' id='word_1_266' title='bbox 1125 3838 1256 3912; x_wconf 93' lang='lat' dir='ltr'><strong>ibidem</strong></span> <span class='ocrx_word' id='word_1_267' title='bbox 1271 3839 1338 3911; x_wconf 93' lang='lat' dir='ltr'><strong>suh</strong></span> <span class='ocrx_word' id='word_1_268' title='bbox 1352 3839 1469 3912; x_wconf 89' lang='lat' dir='ltr'><strong>servili</strong></span> <span class='ocrx_word' id='word_1_269' title='bbox 1481 3839 1581 3933; x_wconf 91' lang='lat' dir='ltr'><strong>quasi</strong></span> <span class='ocrx_word' id='word_1_270' title='bbox 1603 3835 1610 3938; x_wconf 89' lang='grc' dir='ltr'>Ι</span> <span class='ocrx_word' id='word_1_271' title='bbox 1631 3839 1847 3913; x_wconf 91' lang='lat' dir='ltr'><strong>condictione</strong></span> <span class='ocrx_word' id='word_1_272' title='bbox 1861 3840 1978 3913; x_wconf 84' lang='lat' dir='ltr'><strong>vivere</strong></span> 
     </span>
    </p>
   </div>
   <div class='ocr_carea' id='block_1_4' title="bbox 562 4065 1977 4675">
    <p class='ocr_par' dir='ltr' id='par_1_4' title="bbox 605 4065 1019 4146">
     <span class='ocr_line' id='line_1_29' title="bbox 605 4065 1019 4146; baseline 0.007 -20"><span class='ocrx_word' id='word_1_273' title='bbox 605 4065 648 4146; x_wconf 84' lang='lat' dir='ltr'><strong>(a)</strong></span> <span class='ocrx_word' id='word_1_274' title='bbox 671 4067 708 4127; x_wconf 94' lang='lat' dir='ltr'><strong>In</strong></span> <span class='ocrx_word' id='word_1_275' title='bbox 721 4066 821 4127; x_wconf 85' lang='lat' dir='ltr'><strong>codice</strong></span> <span class='ocrx_word' id='word_1_276' title='bbox 832 4067 1019 4146; x_wconf 73' lang='lat' dir='ltr'><strong>persistam.</strong></span> 
     </span>
    </p>

    <p class='ocr_par' dir='ltr' id='par_1_5' title="bbox 605 4171 970 4252">
     <span class='ocr_line' id='line_1_30' title="bbox 605 4171 970 4252; baseline 0.005 -20"><span class='ocrx_word' id='word_1_277' title='bbox 605 4171 645 4252; x_wconf 85' lang='lat' dir='ltr'><strong>(h)</strong></span> <span class='ocrx_word' id='word_1_278' title='bbox 667 4174 703 4234; x_wconf 92' lang='lat' dir='ltr'><strong>In</strong></span> <span class='ocrx_word' id='word_1_279' title='bbox 716 4172 817 4234; x_wconf 88' lang='lat' dir='ltr'><strong>codlce</strong></span> <span class='ocrx_word' id='word_1_280' title='bbox 831 4171 970 4234; x_wconf 64' lang='lat' dir='ltr'><strong>abuero.</strong></span> 
     </span>
    </p>

    <p class='ocr_par' dir='ltr' id='par_1_6' title="bbox 562 4275 1977 4465">
     <span class='ocr_line' id='line_1_31' title="bbox 605 4275 1977 4360; baseline 0.001 -24"><span class='ocrx_word' id='word_1_281' title='bbox 605 4275 643 4358; x_wconf 86' lang='lat' dir='ltr'><strong>(c)</strong></span> <span class='ocrx_word' id='word_1_282' title='bbox 669 4277 716 4337; x_wconf 88' lang='lat' dir='ltr'><strong>Ibi</strong></span> <span class='ocrx_word' id='word_1_283' title='bbox 728 4275 814 4354; x_wconf 85' lang='lat' dir='ltr'><strong>plura</strong></span> <span class='ocrx_word' id='word_1_284' title='bbox 827 4278 937 4339; x_wconf 85' lang='lat' dir='ltr'><strong>desunt</strong></span> <span class='ocrx_word' id='word_1_285' title='bbox 951 4295 960 4337; x_wconf 75' lang='grc' dir='ltr'><strong>ε</strong></span> <span class='ocrx_word' id='word_1_286' title='bbox 975 4277 1012 4340; x_wconf 91' lang='lat' dir='ltr'><strong>de</strong></span> <span class='ocrx_word' id='word_1_287' title='bbox 1025 4278 1134 4356; x_wconf 81' lang='lat' dir='ltr'><strong>qulbus</strong></span> <span class='ocrx_word' id='word_1_288' title='bbox 1147 4277 1188 4342; x_wconf 82' lang='lat' dir='ltr'><strong>cl.</strong></span> <span class='ocrx_word' id='word_1_289' title='bbox 1205 4280 1380 4351; x_wconf 74' lang='lat' dir='ltr'><strong>Rursus..</strong></span> <span class='ocrx_word' id='word_1_290' title='bbox 1401 4275 1512 4343; x_wconf 74' lang='lat' dir='ltr'><strong>Ausul.</strong></span> <span class='ocrx_word' id='word_1_291' title='bbox 1532 4275 1635 4357; x_wconf 72' lang='lat' dir='ltr'><strong>eccos,</strong></span> <span class='ocrx_word' id='word_1_292' title='bbox 1652 4288 1742 4356; x_wconf 73' lang='lat'><strong>1²4⁵,</strong></span> <span class='ocrx_word' id='word_1_293' title='bbox 1756 4277 1780 4360; x_wconf 73' lang='lat' dir='ltr'>S</span> <span class='ocrx_word' id='word_1_294' title='bbox 1792 4279 1932 4352; x_wconf 81' lang='lat' dir='ltr'><strong>XXXIII,</strong></span> <span class='ocrx_word' id='word_1_295' title='bbox 1946 4285 1977 4339; x_wconf 85' lang='lat' dir='ltr'><strong>et</strong></span> 
     </span>
     <span class='ocr_line' id='line_1_32' title="bbox 562 4383 1295 4465; baseline 0 -19"><span class='ocrx_word' id='word_1_296' title='bbox 562 4383 687 4446; x_wconf 66' lang='lat' dir='ltr'><strong>Mam.</strong></span> <span class='ocrx_word' id='word_1_297' title='bbox 699 4383 818 4463; x_wconf 66' lang='lat' dir='ltr'><strong>Poma,</strong></span> <span class='ocrx_word' id='word_1_298' title='bbox 831 4383 906 4445; x_wconf 78' lang='lat' dir='ltr'><strong>illst.</strong></span> <span class='ocrx_word' id='word_1_299' title='bbox 921 4384 1026 4465; x_wconf 85' lang='lat' dir='ltr'><strong>major,</strong></span> <span class='ocrx_word' id='word_1_300' title='bbox 1040 4384 1080 4444; x_wconf 85' lang='lat' dir='ltr'><strong>ad</strong></span> <span class='ocrx_word' id='word_1_301' title='bbox 1092 4401 1163 4446; x_wconf 90' lang='lat' dir='ltr'><strong>aun.</strong></span> <span class='ocrx_word' id='word_1_302' title='bbox 1178 4402 1209 4464; x_wconf 90' lang='lat' dir='ltr'><strong>p.</strong></span> <span class='ocrx_word' id='word_1_303' title='bbox 1225 4394 1295 4446; x_wconf 77' lang='grc'><strong>453.</strong></span> 
     </span>
    </p>

    <p class='ocr_par' dir='ltr' id='par_1_7' title="bbox 605 4487 1094 4569">
     <span class='ocr_line' id='line_1_33' title="bbox 605 4487 1094 4569; baseline 0.008 -21"><span class='ocrx_word' id='word_1_304' title='bbox 605 4487 649 4569; x_wconf 86' lang='lat' dir='ltr'><strong>(d)</strong></span> <span class='ocrx_word' id='word_1_305' title='bbox 670 4489 717 4549; x_wconf 90' lang='lat' dir='ltr'><strong>Ihl</strong></span> <span class='ocrx_word' id='word_1_306' title='bbox 730 4491 761 4549; x_wconf 90' lang='lat' dir='ltr'><strong>ln</strong></span> <span class='ocrx_word' id='word_1_307' title='bbox 774 4490 874 4551; x_wconf 85' lang='lat' dir='ltr'><strong>codiee</strong></span> <span class='ocrx_word' id='word_1_308' title='bbox 888 4490 1019 4551; x_wconf 84' lang='lat' dir='ltr'><strong>abundat</strong></span> <span class='ocrx_word' id='word_1_309' title='bbox 1031 4507 1094 4552; x_wconf 78' lang='lat' dir='ltr'><strong>nec.</strong></span> 
     </span>
    </p>

    <p class='ocr_par' dir='ltr' id='par_1_8' title="bbox 604 4593 905 4675">
     <span class='ocr_line' id='line_1_34' title="bbox 604 4593 905 4675; baseline 0.01 -21"><span class='ocrx_word' id='word_1_310' title='bbox 604 4593 644 4675; x_wconf 80' lang='lat' dir='ltr'><strong>(c)</strong></span> <span class='ocrx_word' id='word_1_311' title='bbox 667 4596 705 4657; x_wconf 90' lang='lat' dir='ltr'><strong>In</strong></span> <span class='ocrx_word' id='word_1_312' title='bbox 716 4596 816 4656; x_wconf 81' lang='lat' dir='ltr'><strong>eodIce</strong></span> <span class='ocrx_word' id='word_1_313' title='bbox 829 4612 905 4657; x_wconf 81' lang='lat' dir='ltr'><strong>eaor.</strong></span> 
     </span>
    </p>
   </div>
   <div class='ocr_carea' id='block_1_5' title="bbox 0 0 2302 6066">
    <p class='ocr_par' dir='ltr' id='par_1_9' title="bbox 0 0 2302 6066">
     <span class='ocr_line' id='line_1_35' title="bbox 0 0 2302 6066; baseline 0 2"><span class='ocrx_word' id='word_1_314' title='bbox 0 0 2302 6066; x_wconf 95' lang='lat' dir='ltr'><strong> </strong></span> 
     </span>
    </p>
   </div>
  </div>
 </body>
</html>
