4554 6080
825 646 867 706 ΙΝ
891 647 1032 708 lustra
1057 648 1210 712 GESTlS.
1663 652 1721 714 321

308 784 334 856 C
361 783 528 856 militibus
549 781 655 878 Papie
684 779 873 854 adsoldatis
894 781 941 855 ad
973 783 1089 856 soldos
1113 786 1189 877 ejus
1217 794 1359 858 etcum
1386 785 1535 858 CLXXX
1557 787 1724 860 militibus
1850 752 1860 768 κ

306 907 352 982 de
370 915 469 1004 parte
491 929 568 979 sua.
592 907 837 980 Verumtamen
863 905 1025 980 dominus
1049 907 1249 982 Frederions
1272 909 1316 982 de
1341 909 1470 982 Audito
1490 923 1525 982 et
1544 911 1660 985 llicius
1679 912 1725 986 de

306 1030 492 1104 Luxiardis
520 1053 600 1103 cum
634 1030 803 1102 militibus
828 1029 1017 1104 adsoldatis
1043 1041 1214 1104 venerunt
1244 1033 1359 1106 statim
1385 1032 1552 1108 devemus
1577 1037 1723 1108 Zaratu-

306 1156 430 1229 rellum
452 1163 487 1227 et
507 1156 596 1228 lueto
614 1161 738 1249 guasto
757 1153 803 1226 ab
828 1176 899 1226 nna
924 1165 1020 1248 parte
1042 1155 1207 1250 Grivagbi
1233 1159 1395 1230 arborum
1422 1168 1457 1232 et
1483 1159 1665 1232 domorum
1688 1161 1724 1231 in

306 1301 415 1376 parva
439 1279 631 1374 quantitate
654 1277 739 1371 qnia
762 1299 893 1372 parvus
910 1278 1084 1351 exercitus
1105 1291 1193 1370 erat,
1213 1280 1271 1354 die
1290 1283 1372 1354 lune
1392 1283 1472 1355 XXI
1497 1285 1626 1356 mensis
1645 1285 1724 1376 julii

306 1403 353 1476 ad
377 1403 516 1498 propria
539 1401 729 1476 redierunt.
759 1399 889 1474 Eodem
912 1410 1065 1496 tempore
1085 1403 1212 1498 Philipi
1234 1405 1279 1476 de
1301 1406 1533 1479 Pontremullo
1548 1409 1608 1500 qni
1628 1420 1726 1478 erant

306 1539 406 1600 extra
430 1526 702 1600 Pontremullum
728 1525 883 1618 expulsi,
909 1534 1053 1598 tractatu
1076 1527 1256 1600 hominum
1280 1530 1404 1602 Parme
1421 1539 1459 1602 et
1476 1529 1609 1604 domini
1626 1531 1725 1604 bian-

306 1651 396 1724 lredi
410 1650 620 1724 marchionis
638 1648 828 1744 Malaspine
842 1658 876 1722 et
890 1671 972 1722 oum
984 1659 1086 1743 gente
1098 1673 1219 1724 eorum
1234 1652 1396 1746 privatim
1409 1653 1624 1726 intraverunt
1638 1654 1726 1726 Pon·

307 1777 519 1864 tremullum,
536 1775 692 1846 volentes
708 1771 874 1846 invadere
890 1771 1101 1867 Aurigbinos
1117 1785 1153 1848 et
1168 1775 1384 1850 Oddobertos
1397 1787 1432 1850 et
1445 1785 1573 1871 partem
1589 1797 1723 1867 eorum,

309 1895 401 1998 [qui]
419 1898 620 1972 resisterunt
636 1897 782 1970 viriliter
802 1907 837 1968 et
858 1906 1016 1992 potenter
1034 1909 1069 1970 et
1095 1921 1157 1972 eos
1183 1909 1280 1972 extra
1307 1902 1423 1972 locum
1448 1901 1666 1994 projecerunt
1693 1911 1728 1972 et

307 2025 435 2096 multos
455 2044 503 2096 ex
527 2021 612 2118 ipsis
632 2021 850 2108 occiderunt3
872 2021 962 2094 inter
980 2040 1069 2116 quos
1090 2023 1154 2094 luit
1174 2033 1330 2097 mortuus
1346 2026 1566 2097 Bonaeursus
1586 2023 1631 2096 de
1647 2023 1727 2094 Phi-

307 2147 419 2242 lipiis,
437 2156 472 2218 et
485 2147 615 2218 multos
633 2154 809 2240 ceperunt,
827 2155 861 2218 et
879 2145 928 2216 sic
945 2156 1102 2220 remanet
1118 2147 1310 2220 dominium
1327 2146 1411 2220 dieti
1426 2147 1553 2240 bnrghi
1567 2149 1602 2220 in
1621 2147 1728 2220 forcia

156 2271 171 2286 ‘
306 2271 473 2346 Petrazoli
493 2271 539 2344 de
558 2269 763 2364 Anrighinis
778 2278 812 2342 el
831 2267 1112 2342 Oddobertornm
1130 2281 1164 2342 et
1182 2271 1286 2366 partis
1304 2291 1437 2343 eorum.

315 2443 318 2454 -
356 2394 492 2468 Eodem
506 2404 660 2489 tempore
674 2391 852 2466 Conredus
867 2392 1007 2488 Capicia
1023 2395 1084 2488 qui
1101 2393 1344 2466 dominabatur
1361 2395 1398 2466 iu
1416 2395 1556 2466 civitate
1570 2393 1728 2467 Centorbi

310 2521 347 2592 in
367 2519 503 2592 Seicilia
525 2527 560 2590 et
579 2519 616 2590 in
638 2517 715 2590 aliis
742 2515 900 2610 pluribus
922 2516 1121 2588 civitatibus
1148 2527 1253 2610 atque
1279 2517 1364 2590 loeis
1394 2517 1581 2592 rebelando
1610 2529 1729 2590 contra

309 2663 426 2737 regem
443 2643 630 2732 Karulum,
656 2639 795 2714 tandem
814 2638 961 2712 traditus
978 2649 1031 2712 est
1051 2663 1071 2712 a
1089 2641 1162 2712 suis
1185 2641 1230 2714 de
1252 2642 1425 2714 Centurbo
1443 2643 1480 2713 in
1497 2663 1619 2714 manus
1638 2641 1729 2734 regis

310 2765 429 2838 Karuli
440 2791 448 2852 ;
461 2765 519 2836 cui
532 2763 690 2838 Conrado
701 2763 805 2856 jussit
820 2763 911 2836 errui
932 2765 1050 2835 oculos
1063 2762 1108 2834 de
1125 2764 1251 2858 capite,
1268 2765 1328 2858 qui
1344 2764 1545 2859 indignatus
1557 2773 1591 2838 et
1604 2764 1730 2838 ductus

311 2888 348 2960 in
363 2885 638 2983 desperationem
658 2887 768 2960 noluit
781 2885 997 2960 commedere
1011 2897 1046 2959 et
1060 2895 1216 2958 mortuus
1230 2898 1297 2978 est;
1315 2909 1420 2981 quem
1440 2889 1616 2963 trassinari
1627 2890 1731 2982 jussit

310 3032 375 3108 per
396 3013 572 3086 civitatem
595 3022 631 3084 et
655 3021 732 3106 post
749 3011 891 3084 modum
909 3033 971 3104 per
991 3012 1121 3102 gullam
1145 3011 1327 3106 suspendi.
1350 3012 1392 3082 Et
1409 3013 1485 3106 ipsa
1504 3015 1627 3084 civitas
1650 3035 1730 3084 eum

311 3135 475 3210 omnibus
489 3137 716 3210 existentibus
731 3135 855 3230 inipso
871 3134 1019 3208 allidaris
1032 3136 1147 3230 paruit
1159 3134 1331 3206 mandatis
1345 3134 1476 3206 domini
1491 3136 1582 3230 regis
1596 3136 1728 3208 Xaruli.

311 3259 444 3332 Eodem
463 3269 618 3356 tompore
636 3269 710 3332 orla
727 3257 901 3331 discordia
927 3259 1016 3330 inter
1042 3258 1272 3330 marchionem
1294 3257 1338 3330 de
1357 3258 1417 3330 Est
1437 3269 1472 3330 et
1493 3281 1553 3332 eos
1571 3259 1632 3353 qui
1649 3281 1729 3331 eum

314 3384 550 3478 sequebantur
565 3384 601 3454 in
620 3383 757 3456 civitate
772 3381 926 3456 Ferrarie
949 3403 996 3454 ex
1012 3403 1083 3454 una
1103 3377 1227 3478 [parte]
1246 3391 1280 3452 et
1296 3379 1384 3452 filios
1404 3382 1581 3475 quondam
1598 3380 1729 3456 domini

314 3506 525 3601 Adbegherii
545 3507 589 3580 de
607 3507 640 3580 lu
659 3506 813 3578 Fontane
832 3515 866 3578 et
885 3525 944 3578 eos
968 3505 1029 3599 qni
1053 3503 1129 3576 illos
1155 3505 1389 3598 sequebantur
1412 3505 1447 3576 in
1474 3503 1565 3576 dictu
1593 3505 1731 3578 civitate

315 3615 361 3704 ex
388 3631 472 3722 alie,
494 3630 606 3703 taliter
627 3628 724 3724 qnod
740 3628 857 3702 habito
878 3636 1024 3700 tractatu
1048 3626 1109 3700 lilii
1129 3627 1260 3700 domini
1279 3627 1491 3721 Adhegherii
1509 3637 1543 3701 et
1561 3637 1732 3723 quotquot

315 3755 550 3849 sequebantur
566 3773 626 3826 eos
648 3753 786 3847 expulsi
807 3761 892 3824 sunt
918 3751 1118 3824 decivitate
1135 3752 1304 3838 Ferreus,
1326 3761 1361 3824 et
1378 3761 1531 3824 remanet
1549 3752 1671 3826 civitas
1694 3754 1730 3824 in

315 3879 477 3952 manibus
499 3885 534 3949 et
552 3875 707 3948 dominio
725 3875 933 3948 marchionis
952 3875 996 3948 de
1013 3875 1085 3946 list.
1105 3874 1168 3946 Die
1183 3874 1357 3948 dominico
1379 3876 1423 3948 ΙΙΙ
1443 3875 1571 3948 mensis
1591 3877 1730 3970 augusti

317 4001 565 4075 Cremonenses
594 4021 656 4094 pro
690 3999 867 4072 communi
898 4007 1106 4092 congregato
1133 3999 1289 4070 exercitu
1319 3999 1410 4070 sicut
1439 4000 1516 4092 plus
1549 4009 1727 4095 poterant,

321 4127 410 4198 lacto
433 4123 545 4196 coium
572 4133 676 4218 ponte
698 4123 841 4194 navium
872 4143 975 4217 super
998 4121 1162 4194 Adduam
1186 4123 1287 4213 juxta
1310 4130 1459 4194 castrum
1484 4121 1528 4194 de
1557 4123 1730 4194 Marchas·

319 4248 442 4320 turmis
460 4247 668 4319 transierunt
690 4245 735 4318 ad
759 4245 1002 4319 ossidioionem
1027 4245 1111 4316 dicti
1133 4244 1251 4332 castri,
1276 4221 1439 4317 facientes
1465 4245 1515 4316 ibi
1543 4225 1669 4318 cavum
1693 4253 1732 4316 ut

320 4393 381 4467 per
402 4372 517 4468 ipsum
544 4393 670 4442 cavum
691 4369 856 4442 ducerent
879 4391 1005 4464 aquam
1029 4367 1203 4442 defluvio
1229 4344 1356 4441 Addue
1376 4377 1415 4440 ut
1442 4367 1565 4441 melius
1592 4375 1733 4464 possent

320 4494 488 4568 obsedere
508 4493 638 4568 dictum
662 4504 812 4567 castrum
834 4495 929 4589 quod
952 4493 1055 4567 valde
1071 4495 1242 4566 munitum
1259 4503 1311 4566 est
1329 4492 1374 4566 de
1391 4495 1553 4566 omnibus
1569 4513 1733 4566 neeessa-

321 4617 381 4690 riis
394 4628 431 4691 et
443 4617 559 4713 probis
576 4617 663 4690 viris
680 4617 726 4691 de
741 4627 836 4714 parte
852 4617 1044 4691 extrinseca
1061 4617 1243 4707 Cremone,
1265 4616 1326 4688 ubi
1347 4625 1445 4690 eraut
1463 4639 1525 4713 pro
1545 4617 1732 4714 capitaneis

320 4740 499 4814 Gabrielus
512 4739 557 4814 de
570 4741 689 4836 Vegiis
701 4752 735 4814 et
748 4739 943 4814 Ysaehlnus
958 4741 1003 4814 de
1016 4742 1177 4815 Dovaria.
1194 4743 1237 4814 Et
1250 4743 1404 4834 lecerunt
1417 4742 1466 4813 ibi
1481 4764 1543 4837 per
1559 4743 1674 4834 girum
1686 4743 1732 4816 Vl

1532 4871 1569 4925 41
