4554 6080
774 677 816 738 nu
840 676 982 738 rrnmn
1007 675 1158 736 ensrrs
1282 633 1287 642 ‘
1614 676 1671 738 eor

253 814 382 910 quevis
407 813 659 908 beneplacitam
678 812 907 884 voluntatem.
930 811 1074 882 Litteras
1092 818 1127 881 et
1148 808 1316 881 nuncium
1337 829 1425 902 quas
1443 809 1544 882 nobis
1559 820 1593 882 et
1617 831 1677 882 ca-

253 938 391 1011 rissimo
410 936 483 1010 lilio
505 948 622 1010 nostro
638 936 744 1009 tercio
758 934 941 1008 Frederico
955 935 1098 1006 misistis
1119 935 1202 1005 satis
1220 933 1415 1031 recepimus
1436 932 1624 1006 honorilice
1642 941 1677 1006 ct

253 1070 448 1156 gratanter,
471 1083 534 1156 per
553 1081 643 1154 quas
665 1059 846 1153 antiquam
875 1057 981 1131 fidem
1005 1067 1041 1130 et
1066 1057 1291 1130 devocionem
1316 1078 1422 1150 quam
1448 1079 1584 1152 semper
1606 1068 1677 1131 toto

254 1205 357 1279 pomo
371 1183 535 1256 omnibns
555 1184 681 1255 nostris
701 1181 958 1278 precessoribus
974 1181 1183 1270 contulistis,
1204 1177 1273 1252 sibi
1294 1180 1444 1275 benigne
1466 1191 1501 1253 et
1522 1182 1678 1255 devotis-

254 1307 343 1380 sime
365 1308 594 1402 prestolastis,
616 1317 757 1402 propter
779 1305 877 1399 quod
899 1305 946 1377 de
968 1313 1064 1377 tanta
1084 1303 1248 1377 fidelitate
1270 1303 1317 1377 ad
1341 1307 1467 1377 multas
1488 1307 1678 1399 gmtiarum

254 1430 471 1524 assurgimus
487 1431 655 1504 actiones.
676 1432 719 1502 Et
734 1429 831 1524 quod
847 1429 946 1501 vobi·
969 1431 975 1522 Ι
998 1430 1205 1501 nunciamus
1219 1429 1266 1501 ad
1283 1431 1465 1523 gandium,
1487 1452 1567 1503 ecce
1582 1431 1677 1524 quod

255 1553 372 1626 dictus
392 1553 486 1626 lilius
502 1563 618 1626 noster
636 1577 682 1627 ex
702 1552 918 1626 consciencia
934 1564 969 1625 et
986 1554 1162 1626 voluntate
1180 1555 1366 1626 multorum
1383 1553 1564 1628 Germania
1584 1555 1678 1650 prin·

254 1677 373 1771 cipum
386 1677 449 1772 qui
467 1678 535 1750 sibi
554 1679 719 1752 assistunt
734 1687 806 1750 toto
822 1698 936 1772 posse,
957 1677 1047 1749 siout
1069 1699 1131 1773 per
1152 1700 1234 1750 suas
1252 1679 1380 1751 litteras
1398 1679 1495 1751 vobis
1517 1679 1678 1752 scribitur

255 1801 450 1891 manifeste,
470 1801 517 1874 ad
541 1800 748 1873 hereditaria
770 1821 877 1892 regna
896 1821 960 1872 sua
977 1801 1166 1872 Jerusalem
1186 1810 1221 1872 et
1242 1801 1379 1874 Scicilie
1403 1801 1593 1897 optinenda
1615 1825 1677 1876 ve·

255 1925 332 1996 nire
345 1933 486 2018 paratus
504 1921 583 2022 [est]
599 1925 746 1996 viriliter
761 1935 796 1996 et
818 1931 978 2018 potenter
993 1933 1111 1996 contra
1132 1943 1252 1996 omnes
1270 1926 1332 2018 qui
1350 1925 1415 1996 sibi
1435 1925 1471 1996 in
1490 1926 1548 1998 illo
1569 1947 1678 2020 nego·

255 2047 312 2120 cio
347 2047 521 2121 voluerint
554 2048 737 2120 contraire.
780 2048 996 2143 Quapropter
1026 2059 1175 2120 vestram
1208 2049 1397 2120 amicitiam
1432 2069 1594 2142 rogamus
1622 2059 1677 2122 at·

256 2181 349 2246 tento
376 2181 550 2266 quatenus
587 2171 690 2244 sicuti
723 2191 861 2266 semper
891 2171 1120 2243 consuevistis
1155 2193 1232 2244 esse
1265 2172 1391 2244 nostris
1421 2175 1677 2266 precessoribus

255 2293 451 2368 fidelissimi
469 2305 505 2368 et
521 2295 657 2387 devoti,
679 2297 726 2367 ita
747 2296 859 2388 magis
879 2295 1047 2367 assistatis
1060 2297 1239 2370 carissimo
1253 2297 1324 2368 illio
1348 2305 1464 2368 nostro
1488 2320 1572 2393 ope,
1591 2321 1674 2372 con·

253 2419 335 2493 silio
360 2431 395 2494 et
411 2421 543 2492 auxilio
558 2429 749 2514 oportun03
771 2429 951 2513 sperantes
975 2418 1072 2512 quod
1100 2419 1248 2492 iaciente
1274 2419 1395 2494 divina
1424 2423 1609 2494 clemencia
1634 2446 1676 2497 ac

254 2551 372 2618 vestro
395 2545 649 2616 interveniente
677 2543 811 2616 auxilio
834 2541 967 2616 dictum
995 2565 1098 2614 suum
1124 2543 1371 2616 hereditarium
1393 2567 1538 2636 regnum
1563 2547 1677 2620 valeat

253 2669 412 2762 optinere
427 2675 461 2740 et
474 2687 539 2738 vos
555 2667 717 2761 possit-in
731 2666 825 2738 omni
843 2667 963 2738 lavore
978 2677 1012 2738 et
1024 2667 1135 2760 gratia
1152 2667 1339 2761 benignius
1355 2669 1532 2762 ampliare.
1551 2671 1676 2740 Datum

253 2791 430 2880 Verbum,
451 2791 497 2862 lll
520 2789 601 2863 idus
625 2791 842 2884 septembris.
868 2816 886 2859 n
910 2790 1113 2862 Consimiles
1141 2792 1270 2864 litteras
1297 2793 1559 2864 transmiserunt
1582 2805 1678 2886 pote·

252 2915 347 3001 stati,
370 2915 514 2987 consilio
530 2923 566 2986 et
588 2916 764 2986 mmmuni
787 2916 892 3010 Papia
913 2925 948 2987 et
971 2915 1134 2987 omnibus
1157 2918 1277 2989 amicis
1299 2915 1460 2990 fidelibus
1483 2917 1618 3014 imperii
1640 2921 1677 2991 in

253 3039 462 3112 lombardia
478 3047 512 3111 et
528 3038 650 3110 Tuscia
665 3048 700 3130 et
716 3039 798 3110 alibi
818 3039 852 3110 in
870 3039 995 3111 Ytalia.

303 3162 438 3236 Eodem
465 3173 619 3256 tempore
648 3161 824 3234 Mantuani
855 3183 934 3232 cum
970 3171 1063 3232 certa
1093 3162 1286 3255 quantitate
1314 3163 1461 3235 militum
1489 3165 1673 3260 Cremona,

254 3287 393 3378 Parme,
412 3288 582 3375 Ferraria,
599 3287 769 3376 Bononia,
784 3297 881 3359 erant
897 3287 933 3357 in
951 3285 1159 3358 ossidicione
1174 3287 1276 3358 castri
1291 3287 1321 3358 N
1324 3289 1466 3382 ugarolli
1482 3293 1677 3364 communis

254 3412 390 3484 chne
400 3409 496 3505 quod
515 3431 575 3504 per
591 3418 730 3504 pactum
745 3409 940 3482 babuerunt
955 3409 1144 3483 lllantuani.

302 3535 434 3608 Eodem
452 3545 605 3628 tempore
616 3534 859 3606 ambanatores
871 3532 1004 3604 domini
1020 3533 1135 3606 Karoli
1153 3543 1250 3606 erant
1263 3534 1300 3605 in
1316 3535 1524 3609 Lombardia
1539 3547 1574 3610 et
1587 3539 1677 3612 loce-

252 3666 335 3729 runt
350 3656 551 3750 coloquium
573 3654 619 3728 de
634 3665 732 3750 parte
747 3655 877 3727 domini
890 3656 1007 3730 Karoli
1026 3657 1062 3727 in
1081 3657 1220 3729 civitate
1242 3657 1420 3748 Cremona,
1443 3671 1596 3754 petentes
1612 3685 1676 3758 pro

1712 1443 1760 1488 sel.
1767 1443 1795 1486 00
1803 1445 1873 1488 reem

253 3780 331 3874 ipso
360 3779 502 3851 domino
526 3779 652 3850 Karolo
680 3777 893 3850 dominatum
919 3780 1097 3852 civitatum
1125 3781 1333 3854 lombardie
1354 3805 1424 3876 que
1451 3805 1489 3856 se
1514 3787 1677 3880 appelant
1722 3803 1725 3808 ·

253 3910 388 3997 partem
404 3902 568 3974 Ecclesia.
584 3901 790 3992 Placentini,
809 3901 1075 3994 Cremonenses,
1097 3903 1315 3994 parmenses,
1332 3907 1558 4000 Mutinenses,
1579 3909 1676 3982 Man-

253 4024 373 4113 tuani,
391 4025 643 4112 Ferrariensos,
663 4023 786 4116 Regini
804 4025 967 4096 volebant
983 4027 1177 4120 segnoriam
1197 4037 1232 4099 et
1248 4028 1517 4102 dominationem
1544 4031 1676 4106 domini

252 4148 388 4238 liamli3
406 4147 698 4238 Mediolanenses,
716 4147 970 4236 bononienses,
987 4149 1145 4242 Cumani,
1164 4151 1412 4242 vercellenses,
1431 4155 1672 4248 Novarienses‚

252 4272 505 4364 Alexandrini,
526 4273 782 4364 Terdonenses,
800 4274 953 4346 marchio
965 4274 1204 4364 Montislerati,
1219 4278 1402 4349 Fallabrini
1420 4279 1525 4376 Papie
1540 4291 1575 4353 et
1591 4283 1674 4354 Pcr-

253 4417 436 4489 gamenses
450 4397 635 4468 noluerunt
646 4399 722 4488 ejus
740 4395 1028 4488 dominationem,
1046 4397 1110 4470 sed
1125 4399 1240 4492 ipsum
1257 4401 1494 4497 volebantpro
1510 4405 1623 4478 amico
1641 4415 1676 4478 et

253 4539 324 4590 non
340 4540 404 4614 pro
415 4517 574 4610 domin03
594 4527 629 4590 et
646 4517 693 4590 ita
711 4517 940 4592 discordasse
955 4518 1150 4592 diviserunt
1167 4521 1181 4617 (
1206 4521 1234 4618 ).

693 4703 977 4714 -ι-ι-ιι---α---ο--ο-ω
984 4705 1158 4714 ---.-----
1366 4711 1575 4724 ..Q—...-
1582 4717 1605 4725 --
1615 4721 1620 4726 Ι

290 4795 329 4870 (t)
348 4797 420 4854 Tout
432 4811 464 4854 ce
476 4811 592 4870 passage
603 4811 633 4855 se
645 4803 738 4857 trouva
750 4797 839 4856 insere
852 4799 920 4856 dans
933 4799 957 4857 le
971 4806 1042 4859 texte
1057 4801 1091 4859 de
1103 4801 1168 4861 teau
1182 4775 1337 4862 deblussis.
