4534 6074
772 654 813 716 ΙΝ
837 651 978 714 luania
1003 649 1157 716 uastis„
1610 653 1669 718 135

252 815 318 864 nos
333 793 549 866 restituimus
564 800 703 865 stratam
720 788 990 876 Veronensibus,
1011 795 1046 860 et
1062 787 1266 861 nominatim
1284 787 1469 881 recipimus
1488 789 1668 862 Ezolinum

252 913 290 984 in
309 910 561 1009 plenitudinem
588 913 698 1004 gretie
721 923 838 982 nostre
862 921 897 984 et
922 933 1060 985 omnem
1085 911 1250 984 offensam
1279 911 1312 984 ei
1335 911 1553 984 remittimus.
1572 913 1670 987 Hanc

251 1035 361 1128 igitur
386 1055 505 1131 pacem
534 1031 730 1106 seeundum
753 1033 896 1104 formam
925 1033 1149 1125 prescriptam
1177 1043 1213 1104 et
1235 1034 1325 1104 sieut
1349 1031 1438 1132 [per]
1463 1035 1671 1110 mediatores

253 1158 372 1252 pacis,
398 1156 565 1231 videlieet
588 1154 767 1228 estensem
794 1153 1016 1249 episcopum,
1040 1153 1227 1226 Henrioum
1252 1155 1487 1228 marchionem
1515 1160 1669 1232 Saouen-

251 1301 324 1354 sem
342 1277 409 1376 (a),
427 1281 565 1353 lratrem
590 1278 843 1351 Theodericum
873 1277 918 1351 de
945 1277 1039 1350 Silva
1064 1277 1250 1350 Benedicta
1277 1287 1312 1350 ct
1334 1279 1521 1353 lindulfum
1546 1303 1669 1355 came-

249 1403 382 1476 rarium
405 1413 579 1494 nostrum,
605 1423 677 1475 una
702 1423 782 1474 cnm
805 1401 856 1474 eis
871 1400 1105 1474 intelleximus
1119 1401 1210 1474 bona
1229 1399 1319 1490 lide,
1338 1410 1372 1474 et
1398 1402 1590 1476 secundum
1617 1413 1669 1479 te-

251 1547 371 1600 norem
390 1549 461 1622 qno
477 1525 636 1600 eamdem
654 1545 775 1620 paoem
797 1523 910 1617 jurari
932 1525 1078 1598 lecimus
1094 1532 1130 1596 et
1155 1523 1347 1598 secundum
1370 1525 1467 1619 quod
1483 1527 1668 1602 Lombardi

251 1649 514 1740 intellexeruut,
537 1649 797 1744 inperpetuum
825 1657 935 1720 ratam
958 1647 1086 1720 hahere
1111 1656 1146 1720 et
1175 1648 1369 1722 conservari
1399 1649 1593 1724 statuimus.
1626 1652 1669 1724 Et

253 1783 292 1845 ut
303 1772 403 1846 lirma
420 1781 645 1870 permaneant
657 1783 693 1844 et
712 1772 914 1846 inconcussa
927 1769 989 1866 (b),
1007 1780 1202 1866 presentem
1217 1771 1381 1868 paginam
1397 1773 1503 1845 nostri
1519 1773 1669 1869 impros-

249 1897 349 1970 sione
367 1897 412 1991 (c)
429 1897 533 1990 sigilli
553 1897 697 1968 lecimus
713 1893 933 1968 communiri.
955 1894 1102 1967 Nomina
1120 1914 1205 1967 raro
1226 1894 1406 1968 civitatum
1428 1895 1558 1988 quibus
1580 1917 1668 1990 gra-

249 2021 331 2092 tiam
350 2019 571 2093 reddidimus
587 2028 622 2092 et
638 2018 861 2114 prescriptam
878 2015 1025 2090 iacimus
1042 2017 1298 2090 mucessionem
1314 2037 1376 2089 seu
1391 2018 1664 2113 permissionem,

248 2141 312 2214 hec
331 2151 439 2214 sunt:

295 2266 469 2354 Vercelle,
486 2265 653 2356 Novaria,
673 2261 926 2353 Mediolanum,
945 2261 1084 2349 Lauda,
1102 2263 1328 2356 Pergamum,
1354 2263 1489 2352 Brixia,
1507 2265 1664 2358 Mantua,

246 2389 401 2479 Verona,
428 2387 602 2478 Vicantia,
630 2386 767 2474 Padua,
786 2385 998 2472 Trivixinm,
1020 2385 1193 2472 Bononia,
1219 2386 1400 2472 Faventia,
1428 2387 1576 2479 Mutina,
1600 2389 1666 2463 Re·

246 2505 363 2598 geum,
393 2505 531 2596 Parma,
557 2506 741 2580 Placentia.
764 2505 842 2579 Istis
861 2516 978 2579 autam
1006 2507 1206 2578 civitatibus
1228 2517 1263 2578 et
1280 2508 1366 2580 locis
1389 2530 1511 2603 pacem
1535 2513 1665 2586 servari

244 2628 410 2700 volumus
434 2636 469 2700 et
497 2628 645 2721 gratiam
673 2637 824 2702 nostram
854 2629 1087 2702 reddidimus.
1119 2629 1348 2725 Preseriptanr
1373 2643 1490 2706 autem
1514 2635 1666 2728 permis—

243 2751 379 2824 sionem
410 2773 472 2825 seu
499 2753 754 2826 concessionem
779 2753 831 2826 eis
852 2773 922 2826 non
947 2754 1125 2826 iacimus:
1154 2753 1318 2827 videlieet
1345 2745 1468 2830 Ymole
1494 2767 1530 2830 et
1553 2769 1665 2832 castro

242 2876 360 2948 Sancti
385 2875 541 2967 Cexani,
570 2876 697 2968 Bobio,
724 2876 821 2949 Plebi
843 2875 889 2950 de
914 2875 1138 2966 Grabadona,
1167 2879 1292 2968 Feltre,
1325 2881 1487 2976 Bellero,
1519 2881 1660 2975 Cenete,

242 2997 418 3089 Ferrarie;
458 2995 528 3096 [eis
555 2996 689 3097 autem]
721 2999 867 3094 gretiam
898 2998 950 3095 (d)
978 3009 1128 3074 nostram
1156 3000 1337 3075 reddimus
1368 3013 1404 3076 et
1438 3008 1663 3102 prescriptam

242 3123 501 3196 concessionem
519 3132 554 3197 et
571 3122 832 3219 permissionem
847 3124 908 3212 ,eis
936 3125 1105 3214 iacimus,
1135 3125 1165 3197 si
1197 3126 1286 3198 inira
1312 3126 1401 3202 duos
1422 3151 1560 3204 menses
1585 3141 1663 3226 post

241 3245 420 3318 redditum
437 3245 709 3330 lombardorum
727 3267 749 3319 a
764 3245 861 3320 curia
890 3257 1006 3320 nostra
1021 3247 1066 3320 da
1084 3269 1168 3343 paee
1185 3251 1375 3346 prescripta
1400 3274 1479 3325 eum
1505 3253 1555 3326 eis
1571 3276 1663 3328 con-

240 3367 367 3442 cordes
381 3370 524 3442 inerint.
547 3371 645 3443 Hauc
662 3371 780 3466 itaque
795 3391 916 3466 pacem
936 3380 971 3444 et
995 3371 1233 3463 concordiam,
1252 3373 1343 3446 sicut
1358 3377 1519 3470 superius
1536 3378 1661 3472 scripta

239 3501 312 3581 est,
332 3501 403 3566 tam
429 3514 493 3566 nos
512 3515 618 3590 quam
634 3491 727 3566 lilius
747 3503 862 3568 noster
875 3495 1044 3568 Henricus
1060 3495 1290 3568 Romanorum
1303 3519 1365 3570 rex
1388 3520 1451 3592 per
1472 3500 1659 3575 Rodullum

236 3615 467 3689 camerarium
491 3624 646 3690 nostrum
680 3619 717 3690 in
744 3618 860 3690 anima
892 3627 1009 3692 nostm
1029 3619 1140 3710 jurari
1167 3619 1324 3692 fecimus.
1351 3622 1407 3692 ilii
1434 3631 1550 3696 antem
1576 3635 1659 3698 sunt

238 3740 416 3836 principes
432 3749 468 3813 et
485 3740 619 3814 nobiles
636 3741 733 3814 curie
756 3741 817 3838 qni
844 3742 1069 3837 prescriptam
1091 3762 1212 3837 pacem
1236 3751 1271 3814 et
1295 3744 1513 3818 concordiam
1536 3769 1599 3842 per
1621 3771 1660 3822 se

238 3859 376 3936 firmam
398 3872 515 3936 tenere
540 3863 777 3955 juraverunt:
803 3864 996 3938 Hermanus
1024 3864 1304 3938 Monasteriensis
1332 3868 1535 3965 episcopus,
1563 3871 1660 3946 Heu-

237 3987 335 4060 ricns
361 3985 554 4060 Currionsis
575 3983 582 4084 Ι
604 3987 747 4077 electus,
767 3987 969 4060 Gebeardus
986 3985 1031 4084 (a)
1050 3987 1159 4062 abbas
1171 3987 1356 4084 augensis,
1374 3991 1536 4066 dominus
1556 3994 1658 4068 Goto-
1696 4031 1858 4080 rapum,

237 4107 375 4203 sredm,
395 4107 583 4205 imperialis
599 4109 680 4182 aule
695 4110 920 4201 canzelerius,
943 4111 1027 4184 Octo
1045 4111 1121 4186 dux
1137 4113 1347 4208 Bayguerie,
1366 4115 1560 4190 Fridericus
1577 4117 1653 4192 dux

280 4317 324 4398 (a)
345 4319 383 4380 Iu
395 4319 498 4382 eodloe
510 4317 636 4382 Samae.

279 4421 321 4504 (o)
343 4425 379 4486 ln
392 4425 492 4490 codiee
504 4421 681 4488 metu.

281 4529 319 4610 (c)
346 4531 384 4592 ln
397 4531 499 4594 codiee
509 4533 639 4594 ammam
646 4531 805 4612 mutim.

279 4631 324 4712 (d)
345 4634 382 4696 ln
395 4635 497 4698 codiee
509 4634 561 4697 red
570 4636 707 4697 Feraria
718 4638 870 4720 pretium
884 4639 965 4718 quod
975 4655 1064 4703 sensu
1077 4645 1199 4706 omnino
1211 4643 1394 4709 destituitur.

280 4737 319 4819 (e)
344 4741 405 4820 Ap.
419 4743 507 4804 Perta
521 4739 706 4806 titubans.
