<?xml version="1.0" encoding="UTF-8"?>
<!DOCTYPE html PUBLIC "-//W3C//DTD XHTML 1.0 Transitional//EN"
    "http://www.w3.org/TR/xhtml1/DTD/xhtml1-transitional.dtd">
<html xmlns="http://www.w3.org/1999/xhtml" xml:lang="en" lang="en">
 <head>
  <title>
</title>
<meta http-equiv="Content-Type" content="text/html;charset=utf-8" />
  <meta name='ocr-system' content='tesseract 3.04.00' />
  <meta name='ocr-capabilities' content='ocr_page ocr_carea ocr_par ocr_line ocrx_word'/>
</head>
<body>
  <div class='ocr_page' id='page_1' title='image "./chroniconplacen00huilgoog_0110.png"; bbox 0 0 4534 6074; ppageno 0'>
   <div class='ocr_carea' id='block_1_1' title="bbox 669 691 1667 754">
    <p class='ocr_par' dir='ltr' id='par_1_1' title="bbox 669 691 1667 754">
     <span class='ocr_line' id='line_1_1' title="bbox 669 691 1667 754; baseline -0.002 0"><span class='ocrx_word' id='word_1_1' title='bbox 669 693 912 754; x_wconf 74' lang='lat' dir='ltr'>cttttoutcott</span> <span class='ocrx_word' id='word_1_2' title='bbox 941 693 1241 754; x_wconf 78' lang='lat' dir='ltr'>PLACEMTINUM.</span> <span class='ocrx_word' id='word_1_3' title='bbox 1626 691 1667 752; x_wconf 73' lang='lat'>49</span> 
     </span>
    </p>
   </div>
   <div class='ocr_carea' id='block_1_2' title="bbox 201 828 1866 4517">
    <p class='ocr_par' dir='ltr' id='par_1_2' title="bbox 247 828 1667 1666">
     <span class='ocr_line' id='line_1_2' title="bbox 267 828 1666 924; baseline -0.003 -20"><span class='ocrx_word' id='word_1_4' title='bbox 267 833 393 904; x_wconf 85' lang='lat' dir='ltr'>-ttono</span> <span class='ocrx_word' id='word_1_5' title='bbox 420 830 578 924; x_wconf 88' lang='lat' dir='ltr'>ejusdem</span> <span class='ocrx_word' id='word_1_6' title='bbox 608 829 737 902; x_wconf 85' lang='lat' dir='ltr'>mensis</span> <span class='ocrx_word' id='word_1_7' title='bbox 767 829 925 922; x_wconf 76' lang='lat' dir='ltr'>augusti,</span> <span class='ocrx_word' id='word_1_8' title='bbox 947 830 1128 924; x_wconf 79' lang='lat' dir='ltr'><strong>quingenti</strong></span> <span class='ocrx_word' id='word_1_9' title='bbox 1158 831 1283 902; x_wconf 82' lang='lat' dir='ltr'>milites</span> <span class='ocrx_word' id='word_1_10' title='bbox 1315 829 1501 902; x_wconf 81' lang='lat' dir='ltr'>Mediolani</span> <span class='ocrx_word' id='word_1_11' title='bbox 1534 828 1666 900; x_wconf 81' lang='lat' dir='ltr'><strong>bellicis</strong></span> 
     </span>
     <span class='ocr_line' id='line_1_3' title="bbox 247 952 1667 1050; baseline -0.001 -24"><span class='ocrx_word' id='word_1_12' title='bbox 247 956 353 1026; x_wconf 87' lang='lat' dir='ltr'>ermis</span> <span class='ocrx_word' id='word_1_13' title='bbox 374 954 513 1048; x_wconf 78' lang='lat' dir='ltr'>egregie</span> <span class='ocrx_word' id='word_1_14' title='bbox 536 953 712 1050; x_wconf 88' lang='lat' dir='ltr'>preparati</span> <span class='ocrx_word' id='word_1_15' title='bbox 731 953 767 1023; x_wconf 91' lang='lat' dir='ltr'>in</span> <span class='ocrx_word' id='word_1_16' title='bbox 789 952 922 1024; x_wconf 84' lang='lat' dir='ltr'>anxilio</span> <span class='ocrx_word' id='word_1_17' title='bbox 944 963 980 1024; x_wconf 92' lang='lat' dir='ltr'>et</span> <span class='ocrx_word' id='word_1_18' title='bbox 1004 953 1145 1026; x_wconf 92' lang='lat' dir='ltr'>servitio</span> <span class='ocrx_word' id='word_1_19' title='bbox 1170 954 1304 1024; x_wconf 88' lang='lat' dir='ltr'>comitis</span> <span class='ocrx_word' id='word_1_20' title='bbox 1330 953 1375 1025; x_wconf 90' lang='lat' dir='ltr'>de</span> <span class='ocrx_word' id='word_1_21' title='bbox 1398 953 1571 1045; x_wconf 80' lang='lat' dir='ltr'>Sabogiun</span> <span class='ocrx_word' id='word_1_22' title='bbox 1591 956 1667 1024; x_wconf 86' lang='lat' dir='ltr'>iue-</span> 
     </span>
     <span class='ocr_line' id='line_1_4' title="bbox 247 1076 1667 1172; baseline -0.004 -22"><span class='ocrx_word' id='word_1_23' title='bbox 247 1091 329 1150; x_wconf 90' lang='lat' dir='ltr'>runt</span> <span class='ocrx_word' id='word_1_24' title='bbox 342 1080 378 1150; x_wconf 92' lang='lat' dir='ltr'>in</span> <span class='ocrx_word' id='word_1_25' title='bbox 398 1089 523 1152; x_wconf 86' lang='lat' dir='ltr'>terram</span> <span class='ocrx_word' id='word_1_26' title='bbox 540 1078 671 1150; x_wconf 87' lang='lat' dir='ltr'>seilicet</span> <span class='ocrx_word' id='word_1_27' title='bbox 690 1076 898 1149; x_wconf 89' lang='lat' dir='ltr'>marchionis</span> <span class='ocrx_word' id='word_1_28' title='bbox 919 1077 1058 1148; x_wconf 88' lang='lat' dir='ltr'>Pnnasii</span> <span class='ocrx_word' id='word_1_29' title='bbox 1083 1076 1151 1172; x_wconf 84' lang='lat' dir='ltr'>(o);</span> <span class='ocrx_word' id='word_1_30' title='bbox 1172 1088 1281 1150; x_wconf 86' lang='lat' dir='ltr'>castra</span> <span class='ocrx_word' id='word_1_31' title='bbox 1307 1097 1449 1171; x_wconf 89' lang='lat' dir='ltr'>quoqne</span> <span class='ocrx_word' id='word_1_32' title='bbox 1469 1077 1617 1171; x_wconf 90' lang='lat' dir='ltr'>plurima</span> <span class='ocrx_word' id='word_1_33' title='bbox 1632 1085 1667 1147; x_wconf 89' lang='lat' dir='ltr'>et</span> 
     </span>
     <span class='ocr_line' id='line_1_5' title="bbox 247 1199 1665 1297; baseline -0.003 -24"><span class='ocrx_word' id='word_1_34' title='bbox 247 1204 349 1275; x_wconf 89' lang='lat' dir='ltr'>villas</span> <span class='ocrx_word' id='word_1_35' title='bbox 366 1203 636 1275; x_wconf 79' lang='lat' dir='ltr'>innumerabiles</span> <span class='ocrx_word' id='word_1_36' title='bbox 656 1201 746 1297; x_wconf 89' lang='lat' dir='ltr'>oepit</span> <span class='ocrx_word' id='word_1_37' title='bbox 765 1211 799 1272; x_wconf 91' lang='lat' dir='ltr'>et</span> <span class='ocrx_word' id='word_1_38' title='bbox 824 1199 998 1272; x_wconf 79' lang='lat' dir='ltr'>destruxit</span> <span class='ocrx_word' id='word_1_39' title='bbox 1023 1210 1057 1272; x_wconf 91' lang='lat' dir='ltr'>et</span> <span class='ocrx_word' id='word_1_40' title='bbox 1083 1201 1227 1286; x_wconf 88' lang='lat' dir='ltr'>babuit,</span> <span class='ocrx_word' id='word_1_41' title='bbox 1255 1223 1316 1296; x_wconf 91' lang='lat' dir='ltr'>pro</span> <span class='ocrx_word' id='word_1_42' title='bbox 1334 1202 1463 1295; x_wconf 89' lang='lat' dir='ltr'>quibus</span> <span class='ocrx_word' id='word_1_43' title='bbox 1485 1200 1577 1271; x_wconf 88' lang='lat' dir='ltr'>litem</span> <span class='ocrx_word' id='word_1_44' title='bbox 1597 1199 1665 1270; x_wconf 85' lang='lat' dir='ltr'>ha-</span> 
     </span>
     <span class='ocr_line' id='line_1_6' title="bbox 249 1325 1665 1418; baseline -0.004 -17"><span class='ocrx_word' id='word_1_45' title='bbox 249 1329 354 1401; x_wconf 90' lang='lat' dir='ltr'>bebat</span> <span class='ocrx_word' id='word_1_46' title='bbox 373 1351 454 1400; x_wconf 91' lang='lat' dir='ltr'>eum</span> <span class='ocrx_word' id='word_1_47' title='bbox 472 1328 672 1401; x_wconf 85' lang='lat' dir='ltr'>marchione</span> <span class='ocrx_word' id='word_1_48' title='bbox 699 1326 744 1400; x_wconf 91' lang='lat' dir='ltr'>de</span> <span class='ocrx_word' id='word_1_49' title='bbox 765 1325 882 1398; x_wconf 83' lang='lat' dir='ltr'>Monte</span> <span class='ocrx_word' id='word_1_50' title='bbox 905 1325 1056 1398; x_wconf 79' lang='lat' dir='ltr'>Ferrato.</span> <span class='ocrx_word' id='word_1_51' title='bbox 1075 1327 1204 1398; x_wconf 87' lang='lat' dir='ltr'>Videns</span> <span class='ocrx_word' id='word_1_52' title='bbox 1227 1326 1340 1398; x_wconf 88' lang='lat' dir='ltr'>dictus</span> <span class='ocrx_word' id='word_1_53' title='bbox 1364 1325 1518 1398; x_wconf 90' lang='lat' dir='ltr'>marchio</span> <span class='ocrx_word' id='word_1_54' title='bbox 1542 1325 1665 1418; x_wconf 92' lang='lat' dir='ltr'>seipsi</span> 
     </span>
     <span class='ocr_line' id='line_1_7' title="bbox 248 1448 1664 1544; baseline -0.002 -21"><span class='ocrx_word' id='word_1_55' title='bbox 248 1451 366 1524; x_wconf 92' lang='lat' dir='ltr'>comiti</span> <span class='ocrx_word' id='word_1_56' title='bbox 385 1463 421 1526; x_wconf 91' lang='lat' dir='ltr'>et</span> <span class='ocrx_word' id='word_1_57' title='bbox 448 1451 761 1526; x_wconf 82' lang='lat' dir='ltr'>Mediolanensibus</span> <span class='ocrx_word' id='word_1_58' title='bbox 788 1471 856 1520; x_wconf 90' lang='lat' dir='ltr'>non</span> <span class='ocrx_word' id='word_1_59' title='bbox 886 1471 987 1544; x_wconf 87' lang='lat' dir='ltr'>posse</span> <span class='ocrx_word' id='word_1_60' title='bbox 1011 1449 1189 1540; x_wconf 89' lang='lat' dir='ltr'>resistere,</span> <span class='ocrx_word' id='word_1_61' title='bbox 1218 1459 1356 1543; x_wconf 90' lang='lat' dir='ltr'>pactum</span> <span class='ocrx_word' id='word_1_62' title='bbox 1384 1460 1418 1522; x_wconf 88' lang='lat' dir='ltr'>et</span> <span class='ocrx_word' id='word_1_63' title='bbox 1443 1448 1664 1524; x_wconf 85' lang='lat' dir='ltr'>concordiam</span> 
     </span>
     <span class='ocr_line' id='line_1_8' title="bbox 249 1570 945 1666; baseline -0.003 -22"><span class='ocrx_word' id='word_1_64' title='bbox 249 1595 329 1646; x_wconf 91' lang='lat' dir='ltr'>cnm</span> <span class='ocrx_word' id='word_1_65' title='bbox 350 1575 401 1648; x_wconf 88' lang='lat' dir='ltr'>eis</span> <span class='ocrx_word' id='word_1_66' title='bbox 413 1575 493 1648; x_wconf 89' lang='lat' dir='ltr'>lecit</span> <span class='ocrx_word' id='word_1_67' title='bbox 510 1573 556 1647; x_wconf 89' lang='lat' dir='ltr'>ad</span> <span class='ocrx_word' id='word_1_68' title='bbox 570 1575 694 1646; x_wconf 89' lang='lat' dir='ltr'>melius</span> <span class='ocrx_word' id='word_1_69' title='bbox 709 1570 805 1666; x_wconf 90' lang='lat' dir='ltr'>quod</span> <span class='ocrx_word' id='word_1_70' title='bbox 823 1571 945 1666; x_wconf 90' lang='lat' dir='ltr'>potnit.</span> 
     </span>
    </p>

    <p class='ocr_par' dir='ltr' id='par_1_3' title="bbox 252 1693 1866 3645">
     <span class='ocr_line' id='line_1_9' title="bbox 299 1693 1667 1792; baseline -0.002 -23"><span class='ocrx_word' id='word_1_71' title='bbox 299 1699 347 1769; x_wconf 91' lang='lat' dir='ltr'>M.</span> <span class='ocrx_word' id='word_1_72' title='bbox 364 1697 428 1770; x_wconf 91' lang='lat' dir='ltr'>CC.</span> <span class='ocrx_word' id='word_1_73' title='bbox 442 1699 521 1788; x_wconf 83' lang='lat' dir='ltr'>llll,</span> <span class='ocrx_word' id='word_1_74' title='bbox 538 1697 596 1770; x_wconf 91' lang='lat' dir='ltr'>die</span> <span class='ocrx_word' id='word_1_75' title='bbox 612 1698 713 1784; x_wconf 92' lang='lat' dir='ltr'>lune,</span> <span class='ocrx_word' id='word_1_76' title='bbox 739 1694 849 1792; x_wconf 91' lang='lat' dir='ltr'>pridie</span> <span class='ocrx_word' id='word_1_77' title='bbox 870 1694 1036 1767; x_wconf 87' lang='lat' dir='ltr'>kalendas</span> <span class='ocrx_word' id='word_1_78' title='bbox 1048 1695 1253 1790; x_wconf 90' lang='lat' dir='ltr'>septembris</span> <span class='ocrx_word' id='word_1_79' title='bbox 1270 1693 1340 1790; x_wconf 92' lang='lat' dir='ltr'>(l),</span> <span class='ocrx_word' id='word_1_80' title='bbox 1362 1695 1526 1766; x_wconf 92' lang='lat' dir='ltr'>Cremone</span> <span class='ocrx_word' id='word_1_81' title='bbox 1542 1695 1667 1766; x_wconf 86' lang='lat' dir='ltr'>milites</span> 
     </span>
     <span class='ocr_line' id='line_1_10' title="bbox 252 1819 1666 1914; baseline 0 -24"><span class='ocrx_word' id='word_1_82' title='bbox 252 1819 498 1914; x_wconf 86' lang='lat' dir='ltr'>equitaverunt</span> <span class='ocrx_word' id='word_1_83' title='bbox 507 1821 682 1910; x_wconf 90' lang='lat' dir='ltr'>Cremam;</span> <span class='ocrx_word' id='word_1_84' title='bbox 702 1841 781 1894; x_wconf 91' lang='lat' dir='ltr'>cnm</span> <span class='ocrx_word' id='word_1_85' title='bbox 803 1829 918 1893; x_wconf 89' lang='lat' dir='ltr'>autem</span> <span class='ocrx_word' id='word_1_86' title='bbox 936 1819 1269 1914; x_wconf 83' lang='lat' dir='ltr'>appropinquassent</span> <span class='ocrx_word' id='word_1_87' title='bbox 1286 1820 1332 1892; x_wconf 89' lang='lat' dir='ltr'>ad</span> <span class='ocrx_word' id='word_1_88' title='bbox 1348 1819 1467 1892; x_wconf 87' lang='lat' dir='ltr'>Creme</span> <span class='ocrx_word' id='word_1_89' title='bbox 1484 1830 1610 1914; x_wconf 86' lang='lat' dir='ltr'>partes,</span> <span class='ocrx_word' id='word_1_90' title='bbox 1632 1821 1666 1890; x_wconf 92' lang='lat' dir='ltr'>in</span> 
     </span>
     <span class='ocr_line' id='line_1_11' title="bbox 252 1943 1866 2042; baseline 0.002 -28"><span class='ocrx_word' id='word_1_91' title='bbox 252 1943 406 2037; x_wconf 89' lang='lat' dir='ltr'>quodam</span> <span class='ocrx_word' id='word_1_92' title='bbox 425 1947 562 2040; x_wconf 89' lang='lat' dir='ltr'>privato</span> <span class='ocrx_word' id='word_1_93' title='bbox 577 1947 792 2019; x_wconf 89' lang='lat' dir='ltr'>intraverunt</span> <span class='ocrx_word' id='word_1_94' title='bbox 809 1947 884 2017; x_wconf 91' lang='lat' dir='ltr'>loco</span> <span class='ocrx_word' id='word_1_95' title='bbox 903 1945 952 2016; x_wconf 91' lang='lat' dir='ltr'>ibi</span> <span class='ocrx_word' id='word_1_96' title='bbox 973 1943 981 2042; x_wconf 77' lang='lat' dir='ltr'>l</span> <span class='ocrx_word' id='word_1_97' title='bbox 1002 1944 1151 2038; x_wconf 90' lang='lat' dir='ltr'>demque</span> <span class='ocrx_word' id='word_1_98' title='bbox 1169 1943 1409 2016; x_wconf 89' lang='lat' dir='ltr'>Cremensibns</span> <span class='ocrx_word' id='word_1_99' title='bbox 1428 1947 1593 2040; x_wconf 82' lang='lat' dir='ltr'>paravere</span> <span class='ocrx_word' id='word_1_100' title='bbox 1608 1946 1668 2016; x_wconf 84' lang='lat' dir='ltr'>in·</span> <span class='ocrx_word' id='word_1_101' title='bbox 1700 1963 1866 2009; x_wconf 64' lang='lat' dir='ltr'>turstano·</span> 
     </span>
     <span class='ocr_line' id='line_1_12' title="bbox 254 2067 1668 2163; baseline 0.003 -25"><span class='ocrx_word' id='word_1_102' title='bbox 254 2067 373 2140; x_wconf 90' lang='lat' dir='ltr'>sidias.</span> <span class='ocrx_word' id='word_1_103' title='bbox 393 2069 556 2140; x_wconf 89' lang='lat' dir='ltr'>Cursores</span> <span class='ocrx_word' id='word_1_104' title='bbox 582 2067 725 2162; x_wconf 89' lang='lat' dir='ltr'>quidem</span> <span class='ocrx_word' id='word_1_105' title='bbox 751 2089 862 2163; x_wconf 91' lang='lat' dir='ltr'>usqne</span> <span class='ocrx_word' id='word_1_106' title='bbox 888 2068 935 2141; x_wconf 89' lang='lat' dir='ltr'>ad</span> <span class='ocrx_word' id='word_1_107' title='bbox 962 2068 1080 2140; x_wconf 88' lang='lat' dir='ltr'>Creme</span> <span class='ocrx_word' id='word_1_108' title='bbox 1100 2068 1279 2141; x_wconf 87' lang='lat' dir='ltr'>obstacula</span> <span class='ocrx_word' id='word_1_109' title='bbox 1303 2070 1483 2141; x_wconf 89' lang='lat' dir='ltr'>miserunt.</span> <span class='ocrx_word' id='word_1_110' title='bbox 1504 2070 1668 2142; x_wconf 87' lang='lat' dir='ltr'>Videntes</span> 
     </span>
     <span class='ocr_line' id='line_1_13' title="bbox 255 2191 1665 2287; baseline 0.002 -26"><span class='ocrx_word' id='word_1_111' title='bbox 255 2211 338 2262; x_wconf 92' lang='lat' dir='ltr'>vero</span> <span class='ocrx_word' id='word_1_112' title='bbox 353 2191 575 2280; x_wconf 84' lang='lat' dir='ltr'>Cremenses,</span> <span class='ocrx_word' id='word_1_113' title='bbox 597 2201 695 2264; x_wconf 85' lang='lat' dir='ltr'>extra</span> <span class='ocrx_word' id='word_1_114' title='bbox 722 2191 835 2263; x_wconf 92' lang='lat' dir='ltr'>locum</span> <span class='ocrx_word' id='word_1_115' title='bbox 856 2193 1033 2283; x_wconf 83' lang='lat' dir='ltr'>exierunt,</span> <span class='ocrx_word' id='word_1_116' title='bbox 1057 2201 1191 2266; x_wconf 90' lang='lat' dir='ltr'>etcum</span> <span class='ocrx_word' id='word_1_117' title='bbox 1217 2192 1301 2286; x_wconf 90' lang='lat' dir='ltr'>ipsis</span> <span class='ocrx_word' id='word_1_118' title='bbox 1319 2193 1465 2287; x_wconf 91' lang='lat' dir='ltr'>prelium</span> <span class='ocrx_word' id='word_1_119' title='bbox 1490 2193 1665 2280; x_wconf 85' lang='lat' dir='ltr'>lecerunt,</span> 
     </span>
     <span class='ocr_line' id='line_1_14' title="bbox 255 2314 1669 2410; baseline 0.001 -24"><span class='ocrx_word' id='word_1_120' title='bbox 255 2335 384 2408; x_wconf 90' lang='lat' dir='ltr'>eosque</span> <span class='ocrx_word' id='word_1_121' title='bbox 406 2315 617 2408; x_wconf 78' lang='lat' dir='ltr'>fugaverunt</span> <span class='ocrx_word' id='word_1_122' title='bbox 643 2314 823 2408; x_wconf 87' lang='lat' dir='ltr'>usquead</span> <span class='ocrx_word' id='word_1_123' title='bbox 848 2315 961 2388; x_wconf 93' lang='lat' dir='ltr'>locum</span> <span class='ocrx_word' id='word_1_124' title='bbox 984 2315 1031 2388; x_wconf 89' lang='lat' dir='ltr'>ad</span> <span class='ocrx_word' id='word_1_125' title='bbox 1055 2337 1160 2410; x_wconf 88' lang='lat' dir='ltr'>quem</span> <span class='ocrx_word' id='word_1_126' title='bbox 1182 2315 1346 2388; x_wconf 91' lang='lat' dir='ltr'>Cremone</span> <span class='ocrx_word' id='word_1_127' title='bbox 1370 2315 1495 2388; x_wconf 90' lang='lat' dir='ltr'>milites</span> <span class='ocrx_word' id='word_1_128' title='bbox 1526 2315 1669 2388; x_wconf 88' lang='lat' dir='ltr'>insidias</span> 
     </span>
     <span class='ocr_line' id='line_1_15' title="bbox 255 2437 1670 2533; baseline 0.003 -25"><span class='ocrx_word' id='word_1_129' title='bbox 255 2447 487 2530; x_wconf 80' lang='lat' dir='ltr'>paraverunt3</span> <span class='ocrx_word' id='word_1_130' title='bbox 505 2459 577 2532; x_wconf 93' lang='lat' dir='ltr'>qno</span> <span class='ocrx_word' id='word_1_131' title='bbox 591 2437 665 2510; x_wconf 87' lang='lat' dir='ltr'>viso</span> <span class='ocrx_word' id='word_1_132' title='bbox 681 2447 715 2510; x_wconf 84' lang='lat' dir='ltr'>et</span> <span class='ocrx_word' id='word_1_133' title='bbox 733 2437 777 2510; x_wconf 88' lang='lat' dir='ltr'>ab</span> <span class='ocrx_word' id='word_1_134' title='bbox 796 2439 845 2510; x_wconf 92' lang='lat' dir='ltr'>eis</span> <span class='ocrx_word' id='word_1_135' title='bbox 859 2437 1146 2510; x_wconf 88' lang='lat' dir='ltr'>Cremonensibus</span> <span class='ocrx_word' id='word_1_136' title='bbox 1164 2438 1320 2532; x_wconf 80' lang='lat' dir='ltr'>cognito,</span> <span class='ocrx_word' id='word_1_137' title='bbox 1338 2459 1465 2532; x_wconf 80' lang='lat' dir='ltr'>magno</span> <span class='ocrx_word' id='word_1_138' title='bbox 1487 2439 1618 2533; x_wconf 90' lang='lat' dir='ltr'>impetu</span> <span class='ocrx_word' id='word_1_139' title='bbox 1636 2453 1670 2512; x_wconf 89' lang='lat' dir='ltr'>et</span> 
     </span>
     <span class='ocr_line' id='line_1_16' title="bbox 257 2559 1670 2658; baseline 0.003 -28"><span class='ocrx_word' id='word_1_140' title='bbox 257 2559 520 2656; x_wconf 88' lang='lat' dir='ltr'>clamoresuper</span> <span class='ocrx_word' id='word_1_141' title='bbox 533 2561 732 2633; x_wconf 91' lang='lat' dir='ltr'>Cremenses</span> <span class='ocrx_word' id='word_1_142' title='bbox 747 2561 878 2634; x_wconf 80' lang='lat' dir='ltr'>fortiter</span> <span class='ocrx_word' id='word_1_143' title='bbox 890 2572 1085 2651; x_wconf 82' lang='lat' dir='ltr'>currerunt,</span> <span class='ocrx_word' id='word_1_144' title='bbox 1104 2583 1234 2656; x_wconf 88' lang='lat' dir='ltr'>eosque</span> <span class='ocrx_word' id='word_1_145' title='bbox 1248 2563 1350 2633; x_wconf 91' lang='lat' dir='ltr'>etiam</span> <span class='ocrx_word' id='word_1_146' title='bbox 1363 2583 1475 2658; x_wconf 90' lang='lat' dir='ltr'>usqne</span> <span class='ocrx_word' id='word_1_147' title='bbox 1490 2562 1537 2634; x_wconf 94' lang='lat' dir='ltr'>ad</span> <span class='ocrx_word' id='word_1_148' title='bbox 1552 2563 1670 2635; x_wconf 89' lang='lat' dir='ltr'>Creme</span> 
     </span>
     <span class='ocr_line' id='line_1_17' title="bbox 257 2685 1671 2778; baseline 0 -22"><span class='ocrx_word' id='word_1_149' title='bbox 257 2694 366 2756; x_wconf 87' lang='lat' dir='ltr'>rustes</span> <span class='ocrx_word' id='word_1_150' title='bbox 385 2686 594 2778; x_wconf 76' lang='lat' dir='ltr'>fugavemnt</span> <span class='ocrx_word' id='word_1_151' title='bbox 612 2696 647 2758; x_wconf 90' lang='lat' dir='ltr'>et</span> <span class='ocrx_word' id='word_1_152' title='bbox 662 2695 880 2759; x_wconf 81' lang='lat' dir='ltr'>cenaverunt.</span> <span class='ocrx_word' id='word_1_153' title='bbox 902 2685 1033 2757; x_wconf 90' lang='lat' dir='ltr'>lbidem</span> <span class='ocrx_word' id='word_1_154' title='bbox 1054 2685 1177 2756; x_wconf 88' lang='lat' dir='ltr'>milites</span> <span class='ocrx_word' id='word_1_155' title='bbox 1196 2695 1230 2756; x_wconf 89' lang='lat' dir='ltr'>et</span> <span class='ocrx_word' id='word_1_156' title='bbox 1244 2685 1392 2778; x_wconf 92' lang='lat' dir='ltr'>populns</span> <span class='ocrx_word' id='word_1_157' title='bbox 1409 2685 1528 2757; x_wconf 87' lang='lat' dir='ltr'>Creme</span> <span class='ocrx_word' id='word_1_158' title='bbox 1549 2687 1671 2758; x_wconf 89' lang='lat' dir='ltr'>acriter</span> 
     </span>
     <span class='ocr_line' id='line_1_18' title="bbox 257 2808 1671 2904; baseline -0.001 -22"><span class='ocrx_word' id='word_1_159' title='bbox 257 2819 291 2882; x_wconf 91' lang='lat' dir='ltr'>ct</span> <span class='ocrx_word' id='word_1_160' title='bbox 305 2809 450 2882; x_wconf 87' lang='lat' dir='ltr'>viriliter</span> <span class='ocrx_word' id='word_1_161' title='bbox 464 2829 543 2880; x_wconf 92' lang='lat' dir='ltr'>cnm</span> <span class='ocrx_word' id='word_1_162' title='bbox 563 2808 849 2882; x_wconf 87' lang='lat' dir='ltr'>Cremonensibus</span> <span class='ocrx_word' id='word_1_163' title='bbox 864 2819 1118 2904; x_wconf 77' lang='lat' dir='ltr'>pugnaverunt.</span> <span class='ocrx_word' id='word_1_164' title='bbox 1140 2811 1229 2880; x_wconf 88' lang='lat' dir='ltr'>Dum</span> <span class='ocrx_word' id='word_1_165' title='bbox 1249 2821 1364 2881; x_wconf 89' lang='lat' dir='ltr'>antem</span> <span class='ocrx_word' id='word_1_166' title='bbox 1385 2810 1434 2880; x_wconf 91' lang='lat' dir='ltr'>sic</span> <span class='ocrx_word' id='word_1_167' title='bbox 1456 2809 1502 2881; x_wconf 92' lang='lat' dir='ltr'>ad</span> <span class='ocrx_word' id='word_1_168' title='bbox 1521 2809 1671 2883; x_wconf 88' lang='lat' dir='ltr'>invicem</span> 
     </span>
     <span class='ocr_line' id='line_1_19' title="bbox 259 2931 1673 3026; baseline 0.002 -22"><span class='ocrx_word' id='word_1_169' title='bbox 259 2933 389 3006; x_wconf 84' lang='lat' dir='ltr'>sortiter</span> <span class='ocrx_word' id='word_1_170' title='bbox 406 2941 576 3005; x_wconf 86' lang='lat' dir='ltr'>certarent</span> <span class='ocrx_word' id='word_1_171' title='bbox 592 2941 627 3004; x_wconf 92' lang='lat' dir='ltr'>et</span> <span class='ocrx_word' id='word_1_172' title='bbox 648 2942 858 3026; x_wconf 80' lang='lat' dir='ltr'>pugnarent,</span> <span class='ocrx_word' id='word_1_173' title='bbox 877 2931 998 3004; x_wconf 88' lang='lat' dir='ltr'>audita</span> <span class='ocrx_word' id='word_1_174' title='bbox 1018 2931 1063 3003; x_wconf 89' lang='lat' dir='ltr'>ab</span> <span class='ocrx_word' id='word_1_175' title='bbox 1084 2931 1214 3004; x_wconf 87' lang='lat' dir='ltr'>eisdem</span> <span class='ocrx_word' id='word_1_176' title='bbox 1235 2933 1522 3006; x_wconf 88' lang='lat' dir='ltr'>Cremonensibus</span> <span class='ocrx_word' id='word_1_177' title='bbox 1537 2955 1623 3008; x_wconf 83' lang='lat' dir='ltr'>voce</span> <span class='ocrx_word' id='word_1_178' title='bbox 1638 2945 1673 3007; x_wconf 93' lang='lat' dir='ltr'>et</span> 
     </span>
     <span class='ocr_line' id='line_1_20' title="bbox 259 3055 1673 3154; baseline 0.004 -28"><span class='ocrx_word' id='word_1_179' title='bbox 259 3057 432 3129; x_wconf 88' lang='lat' dir='ltr'>intellecto</span> <span class='ocrx_word' id='word_1_180' title='bbox 447 3077 532 3128; x_wconf 91' lang='lat' dir='ltr'>sono</span> <span class='ocrx_word' id='word_1_181' title='bbox 552 3055 648 3149; x_wconf 90' lang='lat' dir='ltr'>quod</span> <span class='ocrx_word' id='word_1_182' title='bbox 663 3055 848 3128; x_wconf 89' lang='lat' dir='ltr'>Mediolani</span> <span class='ocrx_word' id='word_1_183' title='bbox 865 3055 991 3128; x_wconf 83' lang='lat' dir='ltr'>milites</span> <span class='ocrx_word' id='word_1_184' title='bbox 1012 3057 1094 3128; x_wconf 93' lang='lat' dir='ltr'>illuc</span> <span class='ocrx_word' id='word_1_185' title='bbox 1111 3055 1323 3128; x_wconf 88' lang='lat' dir='ltr'>accedebant</span> <span class='ocrx_word' id='word_1_186' title='bbox 1341 3057 1469 3151; x_wconf 87' lang='lat' dir='ltr'>pariter</span> <span class='ocrx_word' id='word_1_187' title='bbox 1485 3068 1520 3130; x_wconf 92' lang='lat' dir='ltr'>et</span> <span class='ocrx_word' id='word_1_188' title='bbox 1542 3081 1673 3154; x_wconf 89' lang='lat' dir='ltr'>appro-</span> 
     </span>
     <span class='ocr_line' id='line_1_21' title="bbox 260 3179 1674 3276; baseline 0.004 -26"><span class='ocrx_word' id='word_1_189' title='bbox 260 3179 497 3274; x_wconf 83' lang='lat' dir='ltr'>pinquabant,</span> <span class='ocrx_word' id='word_1_190' title='bbox 524 3179 648 3271; x_wconf 82' lang='lat' dir='ltr'>ingens</span> <span class='ocrx_word' id='word_1_191' title='bbox 675 3191 799 3252; x_wconf 89' lang='lat' dir='ltr'>tremor</span> <span class='ocrx_word' id='word_1_192' title='bbox 827 3189 862 3251; x_wconf 87' lang='lat' dir='ltr'>et</span> <span class='ocrx_word' id='word_1_193' title='bbox 889 3181 1043 3252; x_wconf 92' lang='lat' dir='ltr'>similiter</span> <span class='ocrx_word' id='word_1_194' title='bbox 1070 3202 1179 3274; x_wconf 90' lang='lat' dir='ltr'>pavor</span> <span class='ocrx_word' id='word_1_195' title='bbox 1200 3201 1260 3253; x_wconf 92' lang='lat' dir='ltr'>eos</span> <span class='ocrx_word' id='word_1_196' title='bbox 1288 3180 1443 3276; x_wconf 89' lang='lat' dir='ltr'>undique</span> <span class='ocrx_word' id='word_1_197' title='bbox 1466 3183 1613 3270; x_wconf 88' lang='lat' dir='ltr'>invasit,</span> <span class='ocrx_word' id='word_1_198' title='bbox 1639 3193 1674 3256; x_wconf 88' lang='lat' dir='ltr'>et</span> 
     </span>
     <span class='ocr_line' id='line_1_22' title="bbox 260 3303 1675 3398; baseline 0.001 -22"><span class='ocrx_word' id='word_1_199' title='bbox 260 3303 376 3376; x_wconf 88' lang='lat' dir='ltr'>statim</span> <span class='ocrx_word' id='word_1_200' title='bbox 392 3311 487 3398; x_wconf 79' lang='lat' dir='ltr'>terga</span> <span class='ocrx_word' id='word_1_201' title='bbox 498 3311 673 3376; x_wconf 84' lang='lat' dir='ltr'>vertentes</span> <span class='ocrx_word' id='word_1_202' title='bbox 693 3303 811 3398; x_wconf 80' lang='lat' dir='ltr'>lugam</span> <span class='ocrx_word' id='word_1_203' title='bbox 828 3304 1016 3398; x_wconf 88' lang='lat' dir='ltr'>petierunt;</span> <span class='ocrx_word' id='word_1_204' title='bbox 1038 3325 1126 3397; x_wconf 87' lang='lat' dir='ltr'>qnos</span> <span class='ocrx_word' id='word_1_205' title='bbox 1144 3303 1341 3376; x_wconf 87' lang='lat' dir='ltr'>Cremenses</span> <span class='ocrx_word' id='word_1_206' title='bbox 1359 3305 1523 3378; x_wconf 86' lang='lat' dir='ltr'>audacter</span> <span class='ocrx_word' id='word_1_207' title='bbox 1535 3307 1675 3380; x_wconf 88' lang='lat' dir='ltr'>luerunt</span> 
     </span>
     <span class='ocr_line' id='line_1_23' title="bbox 262 3425 1675 3525; baseline 0.004 -27"><span class='ocrx_word' id='word_1_208' title='bbox 262 3427 389 3516; x_wconf 89' lang='lat' dir='ltr'>secuti,</span> <span class='ocrx_word' id='word_1_209' title='bbox 411 3425 505 3499; x_wconf 90' lang='lat' dir='ltr'>etde</span> <span class='ocrx_word' id='word_1_210' title='bbox 525 3426 575 3498; x_wconf 90' lang='lat' dir='ltr'>eis</span> <span class='ocrx_word' id='word_1_211' title='bbox 589 3426 739 3522; x_wconf 87' lang='lat' dir='ltr'>amplius</span> <span class='ocrx_word' id='word_1_212' title='bbox 752 3435 890 3500; x_wconf 91' lang='lat' dir='ltr'>centum</span> <span class='ocrx_word' id='word_1_213' title='bbox 910 3428 1074 3500; x_wconf 86' lang='lat' dir='ltr'>militibus</span> <span class='ocrx_word' id='word_1_214' title='bbox 1091 3428 1257 3501; x_wconf 90' lang='lat' dir='ltr'>Cremone</span> <span class='ocrx_word' id='word_1_215' title='bbox 1274 3439 1458 3524; x_wconf 90' lang='lat' dir='ltr'>ceperunt,</span> <span class='ocrx_word' id='word_1_216' title='bbox 1473 3440 1507 3502; x_wconf 90' lang='lat' dir='ltr'>et</span> <span class='ocrx_word' id='word_1_217' title='bbox 1526 3441 1675 3525; x_wconf 89' lang='lat' dir='ltr'>quatuor</span> 
     </span>
     <span class='ocr_line' id='line_1_24' title="bbox 261 3551 1675 3645; baseline 0.004 -22"><span class='ocrx_word' id='word_1_218' title='bbox 261 3551 438 3642; x_wconf 88' lang='lat' dir='ltr'>consules,</span> <span class='ocrx_word' id='word_1_219' title='bbox 460 3559 496 3624; x_wconf 89' lang='lat' dir='ltr'>el</span> <span class='ocrx_word' id='word_1_220' title='bbox 511 3560 659 3645; x_wconf 88' lang='lat' dir='ltr'>quatuor</span> <span class='ocrx_word' id='word_1_221' title='bbox 677 3551 805 3624; x_wconf 83' lang='lat' dir='ltr'>vexilla</span> <span class='ocrx_word' id='word_1_222' title='bbox 820 3553 1014 3624; x_wconf 91' lang='lat' dir='ltr'>communis</span> <span class='ocrx_word' id='word_1_223' title='bbox 1032 3553 1212 3638; x_wconf 88' lang='lat' dir='ltr'>Cremone,</span> <span class='ocrx_word' id='word_1_224' title='bbox 1232 3574 1367 3626; x_wconf 92' lang='lat' dir='ltr'>necnon</span> <span class='ocrx_word' id='word_1_225' title='bbox 1388 3563 1421 3626; x_wconf 91' lang='lat' dir='ltr'>et</span> <span class='ocrx_word' id='word_1_226' title='bbox 1442 3555 1560 3626; x_wconf 92' lang='lat' dir='ltr'>tubam</span> <span class='ocrx_word' id='word_1_227' title='bbox 1574 3557 1675 3628; x_wconf 91' lang='lat' dir='ltr'>simi-</span> 
     </span>
    </p>

    <p class='ocr_par' dir='ltr' id='par_1_4' title="bbox 201 3655 1605 3772">
     <span class='ocr_line' id='line_1_25' title="bbox 201 3655 1605 3772; baseline 0.004 -27"><span class='ocrx_word' id='word_1_228' title='bbox 201 3655 204 3663; x_wconf 29' lang='lat'>*</span> <span class='ocrx_word' id='word_1_229' title='bbox 261 3675 338 3746; x_wconf 91' lang='lat' dir='ltr'>liter</span> <span class='ocrx_word' id='word_1_230' title='bbox 353 3673 568 3762; x_wconf 79' lang='lat' dir='ltr'>habuerunt3</span> <span class='ocrx_word' id='word_1_231' title='bbox 589 3696 677 3768; x_wconf 91' lang='lat' dir='ltr'>qnos</span> <span class='ocrx_word' id='word_1_232' title='bbox 692 3675 800 3746; x_wconf 87' lang='lat' dir='ltr'>victos</span> <span class='ocrx_word' id='word_1_233' title='bbox 819 3675 1130 3749; x_wconf 86' lang='lat' dir='ltr'>Creme&#39;dnxernnt</span> <span class='ocrx_word' id='word_1_234' title='bbox 1149 3685 1183 3749; x_wconf 88' lang='lat' dir='ltr'>et</span> <span class='ocrx_word' id='word_1_235' title='bbox 1200 3677 1236 3747; x_wconf 93' lang='lat' dir='ltr'>in</span> <span class='ocrx_word' id='word_1_236' title='bbox 1251 3697 1386 3749; x_wconf 87' lang='lat' dir='ltr'>carcere</span> <span class='ocrx_word' id='word_1_237' title='bbox 1403 3689 1605 3772; x_wconf 91' lang='lat' dir='ltr'>posuerunt.</span> 
     </span>
    </p>

    <p class='ocr_par' dir='ltr' id='par_1_5' title="bbox 262 3795 1680 4517">
     <span class='ocr_line' id='line_1_26' title="bbox 311 3795 1677 3893; baseline 0.003 -23"><span class='ocrx_word' id='word_1_238' title='bbox 311 3795 360 3870; x_wconf 85' lang='lat' dir='ltr'>tt.</span> <span class='ocrx_word' id='word_1_239' title='bbox 378 3795 441 3868; x_wconf 90' lang='lat' dir='ltr'>CC.</span> <span class='ocrx_word' id='word_1_240' title='bbox 460 3796 543 3886; x_wconf 87' lang='lat' dir='ltr'>XV,</span> <span class='ocrx_word' id='word_1_241' title='bbox 567 3817 686 3870; x_wconf 89' lang='lat' dir='ltr'>mense</span> <span class='ocrx_word' id='word_1_242' title='bbox 701 3799 900 3890; x_wconf 89' lang='lat' dir='ltr'>novembri,</span> <span class='ocrx_word' id='word_1_243' title='bbox 920 3821 1085 3893; x_wconf 82' lang='lat' dir='ltr'>magnum</span> <span class='ocrx_word' id='word_1_244' title='bbox 1104 3801 1306 3872; x_wconf 91' lang='lat' dir='ltr'>conscilium</span> <span class='ocrx_word' id='word_1_245' title='bbox 1335 3799 1467 3872; x_wconf 93' lang='lat' dir='ltr'>domini</span> <span class='ocrx_word' id='word_1_246' title='bbox 1487 3803 1677 3877; x_wconf 90' lang='lat' dir='ltr'>lnnocentii</span> 
     </span>
     <span class='ocr_line' id='line_1_27' title="bbox 262 3917 1676 4025; baseline 0.008 -35"><span class='ocrx_word' id='word_1_247' title='bbox 262 3919 391 3990; x_wconf 90' lang='lat' dir='ltr'>summi</span> <span class='ocrx_word' id='word_1_248' title='bbox 409 3917 580 4014; x_wconf 90' lang='lat' dir='ltr'>pontilicis</span> <span class='ocrx_word' id='word_1_249' title='bbox 594 3921 629 3990; x_wconf 93' lang='lat' dir='ltr'>in</span> <span class='ocrx_word' id='word_1_250' title='bbox 649 3919 802 3992; x_wconf 86' lang='lat' dir='ltr'>Romana</span> <span class='ocrx_word' id='word_1_251' title='bbox 818 3921 957 3994; x_wconf 88' lang='lat' dir='ltr'>civitate</span> <span class='ocrx_word' id='word_1_252' title='bbox 976 3921 1041 3992; x_wconf 88' lang='lat' dir='ltr'>luit</span> <span class='ocrx_word' id='word_1_253' title='bbox 1059 3922 1284 4013; x_wconf 76' lang='lat' dir='ltr'>celebratnm3</span> <span class='ocrx_word' id='word_1_254' title='bbox 1302 3922 1399 4017; x_wconf 91' lang='lat' dir='ltr'>qnod</span> <span class='ocrx_word' id='word_1_255' title='bbox 1415 3923 1479 3995; x_wconf 86' lang='lat' dir='ltr'>init</span> <span class='ocrx_word' id='word_1_256' title='bbox 1501 3926 1676 4025; x_wconf 89' lang='lat' dir='ltr'>inceptum</span> 
     </span>
     <span class='ocr_line' id='line_1_28' title="bbox 264 4042 1679 4148; baseline 0.008 -34"><span class='ocrx_word' id='word_1_257' title='bbox 264 4044 299 4114; x_wconf 89' lang='lat' dir='ltr'>in</span> <span class='ocrx_word' id='word_1_258' title='bbox 312 4051 436 4116; x_wconf 87' lang='lat' dir='ltr'>octava</span> <span class='ocrx_word' id='word_1_259' title='bbox 453 4043 564 4116; x_wconf 89' lang='lat' dir='ltr'>sancti</span> <span class='ocrx_word' id='word_1_260' title='bbox 576 4043 733 4135; x_wconf 90' lang='lat' dir='ltr'>Martini,</span> <span class='ocrx_word' id='word_1_261' title='bbox 753 4042 799 4116; x_wconf 90' lang='lat' dir='ltr'>ad</span> <span class='ocrx_word' id='word_1_262' title='bbox 813 4043 910 4139; x_wconf 93' lang='lat' dir='ltr'>qnod</span> <span class='ocrx_word' id='word_1_263' title='bbox 929 4045 1120 4139; x_wconf 88' lang='lat' dir='ltr'>patriarche</span> <span class='ocrx_word' id='word_1_264' title='bbox 1136 4057 1171 4118; x_wconf 90' lang='lat' dir='ltr'>et</span> <span class='ocrx_word' id='word_1_265' title='bbox 1185 4045 1435 4142; x_wconf 87' lang='lat' dir='ltr'>archiepiscopi</span> <span class='ocrx_word' id='word_1_266' title='bbox 1460 4051 1679 4148; x_wconf 86' lang='lat' dir='ltr'>aliarumque</span> 
     </span>
     <span class='ocr_line' id='line_1_29' title="bbox 264 4165 1678 4272; baseline 0.011 -35"><span class='ocrx_word' id='word_1_267' title='bbox 264 4165 487 4238; x_wconf 88' lang='lat' dir='ltr'>ecclesiarum</span> <span class='ocrx_word' id='word_1_268' title='bbox 502 4166 623 4262; x_wconf 89' lang='lat' dir='ltr'>prelati</span> <span class='ocrx_word' id='word_1_269' title='bbox 637 4189 699 4262; x_wconf 91' lang='lat' dir='ltr'>per</span> <span class='ocrx_word' id='word_1_270' title='bbox 720 4167 875 4242; x_wconf 87' lang='lat' dir='ltr'>diversas</span> <span class='ocrx_word' id='word_1_271' title='bbox 891 4177 926 4241; x_wconf 88' lang='lat' dir='ltr'>et</span> <span class='ocrx_word' id='word_1_272' title='bbox 943 4179 1116 4242; x_wconf 87' lang='lat' dir='ltr'>extremas</span> <span class='ocrx_word' id='word_1_273' title='bbox 1132 4169 1254 4243; x_wconf 92' lang='lat' dir='ltr'>mundi</span> <span class='ocrx_word' id='word_1_274' title='bbox 1271 4172 1442 4266; x_wconf 80' lang='lat' dir='ltr'>regiones,</span> <span class='ocrx_word' id='word_1_275' title='bbox 1460 4172 1505 4246; x_wconf 92' lang='lat' dir='ltr'>de</span> <span class='ocrx_word' id='word_1_276' title='bbox 1519 4188 1678 4272; x_wconf 86' lang='lat' dir='ltr'>precepto</span> 
     </span>
     <span class='ocr_line' id='line_1_30' title="bbox 266 4287 1679 4390; baseline 0.01 -28"><span class='ocrx_word' id='word_1_277' title='bbox 266 4297 300 4362; x_wconf 89' lang='lat' dir='ltr'>et</span> <span class='ocrx_word' id='word_1_278' title='bbox 329 4287 509 4362; x_wconf 88' lang='lat' dir='ltr'>voluntate</span> <span class='ocrx_word' id='word_1_279' title='bbox 536 4289 668 4362; x_wconf 91' lang='lat' dir='ltr'>domini</span> <span class='ocrx_word' id='word_1_280' title='bbox 697 4291 874 4386; x_wconf 89' lang='lat' dir='ltr'>apostolici</span> <span class='ocrx_word' id='word_1_281' title='bbox 905 4292 1157 4366; x_wconf 87' lang='lat' dir='ltr'>coadunavere.</span> <span class='ocrx_word' id='word_1_282' title='bbox 1179 4293 1383 4390; x_wconf 88' lang='lat' dir='ltr'>ibidemque</span> <span class='ocrx_word' id='word_1_283' title='bbox 1405 4296 1679 4376; x_wconf 87' lang='lat' dir='ltr'>Mediolanenses</span> 
     </span>
     <span class='ocr_line' id='line_1_31' title="bbox 265 4413 1680 4517; baseline 0.011 -33"><span class='ocrx_word' id='word_1_284' title='bbox 265 4423 301 4484; x_wconf 93' lang='lat' dir='ltr'>et</span> <span class='ocrx_word' id='word_1_285' title='bbox 317 4413 506 4484; x_wconf 87' lang='lat' dir='ltr'>Placentini</span> <span class='ocrx_word' id='word_1_286' title='bbox 519 4421 554 4486; x_wconf 91' lang='lat' dir='ltr'>et</span> <span class='ocrx_word' id='word_1_287' title='bbox 570 4414 673 4486; x_wconf 89' lang='lat' dir='ltr'>totius</span> <span class='ocrx_word' id='word_1_288' title='bbox 691 4436 812 4488; x_wconf 87' lang='lat' dir='ltr'>eornm</span> <span class='ocrx_word' id='word_1_289' title='bbox 828 4416 933 4512; x_wconf 90' lang='lat' dir='ltr'>partis</span> <span class='ocrx_word' id='word_1_290' title='bbox 947 4417 1065 4510; x_wconf 76' lang='lat' dir='ltr'>legati,</span> <span class='ocrx_word' id='word_1_291' title='bbox 1080 4428 1115 4488; x_wconf 92' lang='lat' dir='ltr'>et</span> <span class='ocrx_word' id='word_1_292' title='bbox 1128 4417 1372 4492; x_wconf 89' lang='lat' dir='ltr'>Cremonenses</span> <span class='ocrx_word' id='word_1_293' title='bbox 1394 4430 1428 4492; x_wconf 88' lang='lat' dir='ltr'>et</span> <span class='ocrx_word' id='word_1_294' title='bbox 1443 4421 1627 4517; x_wconf 86' lang='lat' dir='ltr'>Papienses</span> <span class='ocrx_word' id='word_1_295' title='bbox 1644 4437 1680 4499; x_wconf 92' lang='lat' dir='ltr'>et</span> 
     </span>
    </p>
   </div>
   <div class='ocr_carea' id='block_1_3' title="bbox 309 4573 835 4656">
    <p class='ocr_par' dir='ltr' id='par_1_6' title="bbox 309 4573 835 4656">
     <span class='ocr_line' id='line_1_32' title="bbox 309 4573 835 4656; baseline 0.015 -22"><span class='ocrx_word' id='word_1_296' title='bbox 309 4573 351 4654; x_wconf 81' lang='lat' dir='ltr'>(a)</span> <span class='ocrx_word' id='word_1_297' title='bbox 372 4575 510 4638; x_wconf 80' lang='lat' dir='ltr'>Forsitan</span> <span class='ocrx_word' id='word_1_298' title='bbox 526 4577 678 4656; x_wconf 62' lang='lat' dir='ltr'>Paracata,</span> <span class='ocrx_word' id='word_1_299' title='bbox 693 4581 835 4642; x_wconf 79' lang='lat' dir='ltr'>Poazottc</span> 
     </span>
    </p>
   </div>
   <div class='ocr_carea' id='block_1_4' title="bbox 729 4733 1669 4755">
    <p class='ocr_par' dir='ltr' id='par_1_7' title="bbox 729 4733 1669 4755">
     <span class='ocr_line' id='line_1_33' title="bbox 729 4733 1669 4755; baseline 0.005 -12"><span class='ocrx_word' id='word_1_300' title='bbox 729 4733 850 4744; x_wconf 50' lang='lat' dir='ltr'>*nna—-</span> <span class='ocrx_word' id='word_1_301' title='bbox 854 4733 1604 4752; x_wconf 41' lang='lat' dir='ltr'>—n—-u—-u—-n--n-——n-——tm</span> <span class='ocrx_word' id='word_1_302' title='bbox 1610 4743 1669 4755; x_wconf 73' lang='grc'>..-</span> 
     </span>
    </p>
   </div>
   <div class='ocr_carea' id='block_1_5' title="bbox 300 4779 615 4882">
    <p class='ocr_par' dir='ltr' id='par_1_8' title="bbox 300 4779 615 4882">
     <span class='ocr_line' id='line_1_34' title="bbox 300 4779 615 4882; baseline 0.019 -20"><span class='ocrx_word' id='word_1_303' title='bbox 300 4779 340 4882; x_wconf 79' lang='lat' dir='ltr'>(t)</span> <span class='ocrx_word' id='word_1_304' title='bbox 359 4807 481 4866; x_wconf 81' lang='lat' dir='ltr'>lelundi</span> <span class='ocrx_word' id='word_1_305' title='bbox 495 4812 523 4865; x_wconf 71' lang='lat' dir='ltr'>at</span> <span class='ocrx_word' id='word_1_306' title='bbox 543 4811 615 4868; x_wconf 88' lang='lat' dir='ltr'>acllt.</span> 
     </span>
    </p>
   </div>
   <div class='ocr_carea' id='block_1_6' title="bbox 1506 4931 1522 4982">
    <p class='ocr_par' dir='ltr' id='par_1_9' title="bbox 1506 4931 1522 4982">
     <span class='ocr_line' id='line_1_35' title="bbox 1506 4931 1522 4982; baseline 0 0"><span class='ocrx_word' id='word_1_307' title='bbox 1506 4931 1522 4982; x_wconf 84' lang='lat' dir='ltr'>&#39;t</span> 
     </span>
    </p>
   </div>
   <div class='ocr_carea' id='block_1_7' title="bbox 0 0 2304 6068">
    <p class='ocr_par' dir='ltr' id='par_1_10' title="bbox 0 0 2304 6068">
     <span class='ocr_line' id='line_1_36' title="bbox 0 0 2304 6068; baseline 0 0"><span class='ocrx_word' id='word_1_308' title='bbox 0 0 2304 6068; x_wconf 95' lang='lat' dir='ltr'> </span> 
     </span>
    </p>
   </div>
  </div>
 </body>
</html>
