4594 6066
809 556 851 616 llll
875 555 1015 618 llnbla
1039 557 1191 622 ousrls.
1648 557 1709 620 boa

295 696 496 770 cruciantur
526 695 563 768 iu
598 691 837 768 confusionem
867 703 903 768 et
937 693 1160 792 obprobrium
1195 691 1327 768 ordinis
1356 692 1534 766 clericalis.
1567 693 1711 768 Prelntis

294 828 413 894 autem
430 817 634 916 Templariis
660 826 696 892 et
720 817 957 914 Hospitaluriis
982 828 1017 893 et
1043 817 1199 915 personis
1223 816 1464 892 ecclesiasticis
1490 839 1560 890 uon
1587 829 1641 891 est
1666 818 1713 893 de

297 943 461 1040 dampnis
476 942 580 1016 illatis
594 939 726 1015 eisdem
742 949 778 1014 et
794 941 929 1034 injuriis
942 942 1266 1016 satisfactumEum
1279 961 1420 1036 quoque
1432 949 1564 1012 eertum
1574 951 1628 1014 est
1641 943 1714 1018 lore

298 1067 471 1163 sacrilegii
489 1073 709 1163 patratorem.
725 1063 814 1138 Nam
828 1087 908 1138 cum
929 1065 1049 1160 prelati
1063 1065 1260 1139 Portueusis
1276 1073 1312 1138 ει
1325 1063 1547 1137 Preuestinus
1561 1065 1715 1162 episcopi

299 1199 334 1268 et
351 1191 593 1288 quamplures
609 1187 832 1262 ecelesiarum
851 1188 972 1284 prelati
987 1197 1022 1262 et
1037 1189 1150 1262 clerici
1168 1197 1239 1262 tam
1260 1189 1411 1283 religiosi
1422 1186 1471 1288 (a)
1486 1211 1593 1285 quam
1611 1212 1717 1265 secu-

299 1315 390 1389 lares
402 1313 451 1388 ad
460 1311 692 1410 Apostolicam
708 1310 834 1386 Sedem
852 1333 915 1408 pro
934 1312 1140 1388 celebrando
1158 1313 1303 1387 concilio
1323 1311 1420 1408 qood
1442 1313 1517 1409 ipse
1543 1314 1639 1409 prius
1658 1338 1717 1412 pe·

302 1438 403 1512 tieret
428 1435 632 1526 convocari,
658 1455 721 1532 per
740 1455 836 1510 mare
858 1435 1035 1528 venirent,
1059 1435 1126 1510 viis
1154 1435 1239 1532 ipsis
1264 1444 1354 1510 terre
1375 1433 1421 1510 de
1450 1437 1614 1512 mandato
1643 1439 1720 1532 ejus

303 1561 448 1635 omuino
463 1559 651 1658 preclusis,
670 1557 764 1632 idem
783 1556 954 1632 destinato
970 1557 1078 1632 Eucio
1097 1557 1167 1632 lilio
1185 1581 1250 1633 suo
1265 1581 1347 1633 cum
1366 1559 1588 1634 multitudine
1602 1561 1720 1656 galea·

161 1753 166 1760 .
301 1707 382 1758 rum
406 1695 442 1759 et
461 1706 525 1781 per
541 1684 627 1758 alias
652 1704 759 1778 quam
784 1683 901 1778 plures
920 1683 1023 1778 longe
1042 1692 1144 1758 autea
1165 1683 1255 1757 serio
1272 1691 1490 1780 preparatas,
1509 1683 1546 1756 iu
1564 1684 1722 1780 partibus

303 1807 428 1882 Tuscis
441 1807 624 1880 maritimis
639 1805 775 1880 insidiis
788 1806 910 1902 positis
922 1815 1040 1879 contra
1051 1828 1124 1895 eos,
1143 1817 1180 1879 ut
1190 1806 1333 1900 gravius
1348 1815 1464 1902 posset
1472 1807 1569 1880 virus
1583 1827 1723 1882 vomere

304 1940 593 2031 preconceptum,
623 1931 717 2026 ipsos
743 1951 832 2004 ausu
859 1930 1025 2026 sacrilego
1052 1932 1129 2027 capi
1157 1931 1255 2024 lecit,
1280 1927 1492 2026 quibusdam
1514 1930 1724 2026 prelatorum

306 2055 462 2154 ipsorum
479 2064 514 2129 et
526 2054 603 2130 aliis
622 2054 659 2126 in
677 2051 879 2146 hujusmodi
897 2053 1059 2148 captione
1075 2053 1281 2146 submersis,
1300 2075 1373 2126 non
1395 2053 1501 2126 nullis
1516 2053 1620 2127 etiam
1636 2053 1724 2128 inte-

305 2181 450 2276 remptis
468 2189 503 2252 et
521 2179 697 2274 aliquibus
711 2177 827 2252 hostili
842 2177 1055 2253 insecutione
1068 2178 1212 2274 iugatis,
1229 2177 1371 2273 reliquis
1388 2185 1504 2250 autem
1526 2176 1627 2250 bonis
1643 2199 1725 2252 om-

307 2302 413 2376 nibns
425 2303 582 2400 spoliatis
594 2311 628 2374 et
641 2301 687 2376 de
704 2301 780 2376 looo
804 2301 850 2375 ad
867 2301 981 2375 locum
998 2302 1032 2374 in
1047 2323 1155 2396 regno
1176 2300 1311 2373 Soioilie
1329 2299 1554 2396 obpmbriose
1567 2297 1727 2374 deductis

308 2447 352 2500 no
366 2425 499 2500 ibidem
521 2424 620 2499 duris
638 2425 836 2498 carceribus
857 2424 1060 2520 mancipatis
1079 2449 1089 2496 ε
1111 2443 1258 2518 quorum
1279 2421 1387 2516 aliqui
1405 2423 1568 2495 macerati
1592 2421 1729 2517 squalo-

307 2548 407 2622 ribus
420 2556 456 2620 et
473 2545 592 2620 inedia
607 2546 719 2643 pressi
741 2545 981 2620 miserabiliter
995 2545 1207 2620 delsoemnt.
1229 2545 1349 2618 Merito
1365 2546 1506 2640 insuper
1518 2555 1637 2619 eontra
1647 2565 1729 2618 eum

311 2667 358 2744 de
373 2668 526 2742 heretica
546 2667 715 2764 pravitate
729 2667 878 2762 suspitio
899 2677 952 2740 est
972 2677 1109 2760 exorta,
1134 2689 1215 2740 cum
1240 2675 1424 2764 postquam
1448 2667 1730 2745 excommunica·

308 2792 414 2866 tionis
429 2789 670 2864 senteutiama
688 2789 828 2886 prelatis
843 2789 874 2862 J.
892 2789 1075 2862 Sabinensi
1092 2789 1254 2886 episcopo
1273 2798 1308 2862 et
1320 2789 1359 2862 Τ.
1379 2787 1545 2862 cardinali
1564 2790 1730 2885 prolatam

310 2915 485 2989 incureret
503 2921 538 2988 ει
560 2911 674 2987 dictos
695 2934 787 3010 papa
814 2911 999 3008 Gregorius
1021 2911 1136 3010 ipsum
1159 2911 1387 2987 anathematis
1412 2913 1555 2986 vinculo
1577 2911 1731 2988 innoda-

310 3039 403 3113 verit
416 3037 478 3138 (b),
493 3038 609 3112 claves
624 3035 778 3112 Ecclesia
794 3037 1034 3132 contempserit
1049 3047 1084 3112 et
1096 3045 1328 3133 contempnat,
1343 3037 1410 3110 sibi
1423 3037 1554 3111 iaciens
1564 3037 1731 3112 celebrari

311 3163 371 3236 vel
383 3160 506 3258 pocius
517 3169 688 3257 quantum
700 3159 851 3233 incoest
863 3158 1072 3256 prophanari
1081 3157 1231 3260 [divina]
1239 3159 1330 3258 (c)se
1341 3161 1464 3258 prelati
1477 3160 1629 3256 Gregorii
1641 3181 1732 3258 pape

313 3285 507 3361 sentencias
523 3306 593 3358 uon
609 3283 736 3358 vereri.
754 3284 911 3358 Preterea
928 3285 1132 3378 conjunctus
1146 3283 1303 3356 amicicia
1320 3283 1513 3358 detestabili
1530 3285 1728 3373 Saracenis,

314 3407 462 3482 nuncios
476 3415 512 3482 et
526 3427 672 3480 munem
689 3403 819 3502 pluries
839 3403 1026 3479 destinavit
1043 3403 1175 3478 eisdem
1194 3413 1229 3478 et
1247 3405 1294 3478 ab
1311 3403 1442 3478 eisdem
1465 3404 1618 3478 vicissim
1636 3403 1731 3478 omni

313 3528 578 3608 honorificentia
602 3539 637 3603 et
659 3528 817 3625 pluritate
838 3528 983 3625 recepit,
1006 3526 1231 3625 ipsorumque
1248 3527 1335 3600 ritus
1352 3527 1589 3623 amplectitur,
1606 3528 1683 3602 illos
1694 3527 1729 3600 in

315 3655 513 3732 cottidianis
523 3655 601 3748 ejus
613 3651 791 3748 obsequiis
804 3651 999 3726 notabiliter
1010 3671 1128 3725 secum
1139 3659 1278 3743 tenens;
1294 3651 1494 3726 eorumdem
1503 3651 1607 3724 etiam
1618 3673 1728 3744 more,

316 3779 489 3854 uxoribus
501 3797 591 3873 quas
608 3775 734 3849 babuit
756 3773 802 3849 de
816 3776 922 3871 stirpe
936 3774 1032 3870 regia
1053 3773 1342 3849 descendentibus
1355 3772 1553 3868 eunuchos,
1567 3775 1732 3873 precipue

316 3921 406 3998 qnos
422 3909 462 3974 ut
480 3899 607 3973 dicitur
626 3897 717 3970 serio
736 3897 876 3971 castrari
898 3897 1042 3991 lecerat,
1062 3918 1130 3971 non
1154 3897 1294 3970 erubuit
1313 3895 1480 3994 deputare
1494 3897 1668 3974 custodes.
1688 3899 1732 3982 Et

317 4023 413 4120 quod
427 4020 659 4098 execrabilius
672 4028 742 4113 est,
770 4021 853 4093 olim
868 4019 1022 4094 existens
1037 4021 1073 4092 iu
1088 4019 1242 4116 partibus
1260 4021 1513 4113 transmarinis,
1532 4022 1622 4097 lacta
1637 4043 1731 4097 com·

317 4146 488 4244 positione
504 4143 658 4242 quadem
674 4143 782 4217 immo
800 4143 987 4232 collusione
999 4143 1118 4219 verius
1133 4164 1214 4217 cum
1227 4143 1394 4235 Soldano,
1411 4145 1591 4220 Macometi
1603 4166 1730 4220 nomeu

361 4359 404 4441 (a)
424 4361 462 4422 ln
473 4359 574 4423 codlos
586 4357 713 4442 gloriosi.

361 4463 403 4546 (b)
424 4467 462 4527 ln
474 4465 575 4528 oodlce
586 4463 782 4528 mmduticne.

363 4570 401 4650 (c)
422 4571 469 4633 lbl
481 4569 688 4650 plurudssuut
700 4587 778 4652 quus
790 4569 1163 4636 addimusectcoustustu·
1176 4573 1354 4649 monitat
1366 4573 1726 4654 supermanantem,

321 4677 357 4737 iu
367 4692 416 4751 u,
430 4684 486 4739 etc.
