<?xml version="1.0" encoding="UTF-8"?>
<!DOCTYPE html PUBLIC "-//W3C//DTD XHTML 1.0 Transitional//EN"
    "http://www.w3.org/TR/xhtml1/DTD/xhtml1-transitional.dtd">
<html xmlns="http://www.w3.org/1999/xhtml" xml:lang="en" lang="en">
 <head>
  <title>
</title>
<meta http-equiv="Content-Type" content="text/html;charset=utf-8" />
  <meta name='ocr-system' content='tesseract 3.04.00' />
  <meta name='ocr-capabilities' content='ocr_page ocr_carea ocr_par ocr_line ocrx_word'/>
</head>
<body>
  <div class='ocr_page' id='page_1' title='image "./chroniconplacen00huilgoog_0242.png"; bbox 0 0 4594 6066; ppageno 0'>
   <div class='ocr_carea' id='block_1_1' title="bbox 791 571 1687 640">
    <p class='ocr_par' dir='ltr' id='par_1_1' title="bbox 791 571 1687 640">
     <span class='ocr_line' id='line_1_1' title="bbox 791 571 1687 640; baseline -0.007 0"><span class='ocrx_word' id='word_1_1' title='bbox 791 579 832 640; x_wconf 86' lang='lat' dir='ltr'><strong>tlt</strong></span> <span class='ocrx_word' id='word_1_2' title='bbox 856 579 995 640; x_wconf 72' lang='lat' dir='ltr'><strong>trenta</strong></span> <span class='ocrx_word' id='word_1_3' title='bbox 1020 576 1170 640; x_wconf 75' lang='lat' dir='ltr'><strong>ossula.</strong></span> <span class='ocrx_word' id='word_1_4' title='bbox 1212 591 1218 598; x_wconf 88' lang='lat'><em>·</em></span> <span class='ocrx_word' id='word_1_5' title='bbox 1628 571 1687 636; x_wconf 80' lang='lat'><strong>188</strong></span> 
     </span>
    </p>
   </div>
   <div class='ocr_carea' id='block_1_2' title="bbox 270 708 1890 4409">
    <p class='ocr_par' dir='ltr' id='par_1_2' title="bbox 270 708 1890 2540">
     <span class='ocr_line' id='line_1_2' title="bbox 271 708 1687 804; baseline -0.006 -13"><span class='ocrx_word' id='word_1_6' title='bbox 271 717 464 792; x_wconf 71' lang='lat' dir='ltr'><strong>exaratum</strong></span> <span class='ocrx_word' id='word_1_7' title='bbox 479 715 638 790; x_wconf 73' lang='lat' dir='ltr'><strong>amessit.</strong></span> <span class='ocrx_word' id='word_1_8' title='bbox 654 715 693 788; x_wconf 93' lang='lat' dir='ltr'><strong>ln</strong></span> <span class='ocrx_word' id='word_1_9' title='bbox 710 714 866 790; x_wconf 87' lang='lat' dir='ltr'><strong>custodia</strong></span> <span class='ocrx_word' id='word_1_10' title='bbox 889 737 974 790; x_wconf 84' lang='lat' dir='ltr'><strong>vero</strong></span> <span class='ocrx_word' id='word_1_11' title='bbox 989 713 1138 788; x_wconf 72' lang='lat' dir='ltr'><strong>ciuibtis</strong></span> <span class='ocrx_word' id='word_1_12' title='bbox 1155 719 1229 786; x_wconf 89' lang='lat' dir='ltr'><strong>erat</strong></span> <span class='ocrx_word' id='word_1_13' title='bbox 1245 709 1484 804; x_wconf 75' lang='lat' dir='ltr'><strong>Sulieuguerra</strong></span> <span class='ocrx_word' id='word_1_14' title='bbox 1501 729 1581 782; x_wconf 90' lang='lat' dir='ltr'><strong>cnm</strong></span> <span class='ocrx_word' id='word_1_15' title='bbox 1599 708 1687 783; x_wconf 85' lang='lat' dir='ltr'><strong>eiri-</strong></span> 
     </span>
     <span class='ocr_line' id='line_1_3' title="bbox 270 833 1684 926; baseline -0.008 -12"><span class='ocrx_word' id='word_1_16' title='bbox 270 841 339 916; x_wconf 93' lang='lat' dir='ltr'><strong>bus</strong></span> <span class='ocrx_word' id='word_1_17' title='bbox 355 850 391 915; x_wconf 90' lang='lat' dir='ltr'><strong>at</strong></span> <span class='ocrx_word' id='word_1_18' title='bbox 402 841 454 914; x_wconf 90' lang='lat' dir='ltr'><strong>CC</strong></span> <span class='ocrx_word' id='word_1_19' title='bbox 471 839 639 913; x_wconf 75' lang='lat' dir='ltr'><strong>militibus</strong></span> <span class='ocrx_word' id='word_1_20' title='bbox 655 839 873 914; x_wconf 86' lang='lat' dir='ltr'><strong>Theotonicis</strong></span> <span class='ocrx_word' id='word_1_21' title='bbox 885 849 921 912; x_wconf 93' lang='lat' dir='ltr'><strong>et</strong></span> <span class='ocrx_word' id='word_1_22' title='bbox 933 839 1009 912; x_wconf 88' lang='lat' dir='ltr'><strong>aliis</strong></span> <span class='ocrx_word' id='word_1_23' title='bbox 1026 837 1194 910; x_wconf 78' lang='lat' dir='ltr'><strong>militibus</strong></span> <span class='ocrx_word' id='word_1_24' title='bbox 1212 833 1394 923; x_wconf 75' lang='lat' dir='ltr'><strong>cremone,</strong></span> <span class='ocrx_word' id='word_1_25' title='bbox 1410 833 1546 923; x_wconf 89' lang='lat' dir='ltr'><strong>Parme,</strong></span> <span class='ocrx_word' id='word_1_26' title='bbox 1565 833 1684 926; x_wconf 78' lang='lat' dir='ltr'><strong>liegii,</strong></span> 
     </span>
     <span class='ocr_line' id='line_1_4' title="bbox 271 953 1687 1060; baseline -0.009 -21"><span class='ocrx_word' id='word_1_27' title='bbox 271 964 405 1039; x_wconf 82' lang='lat' dir='ltr'><strong>Mutine</strong></span> <span class='ocrx_word' id='word_1_28' title='bbox 418 971 524 1060; x_wconf 86' lang='lat' dir='ltr'><strong>atque</strong></span> <span class='ocrx_word' id='word_1_29' title='bbox 539 963 689 1037; x_wconf 87' lang='lat' dir='ltr'><strong>Verona.</strong></span> <span class='ocrx_word' id='word_1_30' title='bbox 709 961 840 1036; x_wconf 79' lang='lat' dir='ltr'><strong>Eodem</strong></span> <span class='ocrx_word' id='word_1_31' title='bbox 860 983 944 1036; x_wconf 88' lang='lat' dir='ltr'><strong>vero</strong></span> <span class='ocrx_word' id='word_1_32' title='bbox 961 971 1114 1058; x_wconf 90' lang='lat' dir='ltr'><strong>tempora</strong></span> <span class='ocrx_word' id='word_1_33' title='bbox 1135 957 1257 1032; x_wconf 81' lang='lat' dir='ltr'><strong>Amizo</strong></span> <span class='ocrx_word' id='word_1_34' title='bbox 1279 957 1411 1030; x_wconf 89' lang='lat' dir='ltr'><strong>Sachus</strong></span> <span class='ocrx_word' id='word_1_35' title='bbox 1433 965 1467 1030; x_wconf 91' lang='lat' dir='ltr'><strong>at</strong></span> <span class='ocrx_word' id='word_1_36' title='bbox 1494 953 1555 1028; x_wconf 87' lang='lat' dir='ltr'><strong>lilii</strong></span> <span class='ocrx_word' id='word_1_37' title='bbox 1577 955 1687 1028; x_wconf 89' lang='lat' dir='ltr'><strong>etalii</strong></span> 
     </span>
     <span class='ocr_line' id='line_1_5' title="bbox 273 1079 1688 1182; baseline -0.007 -21"><span class='ocrx_word' id='word_1_38' title='bbox 273 1087 376 1162; x_wconf 87' lang='lat' dir='ltr'><strong>Saohi</strong></span> <span class='ocrx_word' id='word_1_39' title='bbox 392 1087 438 1161; x_wconf 94' lang='lat' dir='ltr'><strong>de</strong></span> <span class='ocrx_word' id='word_1_40' title='bbox 452 1085 573 1160; x_wconf 89' lang='lat' dir='ltr'><strong>Lauda</strong></span> <span class='ocrx_word' id='word_1_41' title='bbox 586 1107 676 1182; x_wconf 91' lang='lat' dir='ltr'><strong>qnos</strong></span> <span class='ocrx_word' id='word_1_42' title='bbox 693 1085 878 1182; x_wconf 85' lang='lat' dir='ltr'><strong>imperator</strong></span> <span class='ocrx_word' id='word_1_43' title='bbox 892 1094 1031 1182; x_wconf 87' lang='lat' dir='ltr'><strong>propter</strong></span> <span class='ocrx_word' id='word_1_44' title='bbox 1051 1093 1182 1158; x_wconf 89' lang='lat' dir='ltr'><strong>metum</strong></span> <span class='ocrx_word' id='word_1_45' title='bbox 1206 1081 1416 1179; x_wconf 81' lang='lat' dir='ltr'><strong>prodicionis</strong></span> <span class='ocrx_word' id='word_1_46' title='bbox 1429 1080 1521 1152; x_wconf 93' lang='lat' dir='ltr'><strong>illins</strong></span> <span class='ocrx_word' id='word_1_47' title='bbox 1538 1079 1688 1153; x_wconf 86' lang='lat' dir='ltr'><strong>civitatis</strong></span> 
     </span>
     <span class='ocr_line' id='line_1_6' title="bbox 274 1209 1689 1306; baseline -0.005 -21"><span class='ocrx_word' id='word_1_48' title='bbox 274 1211 450 1285; x_wconf 86' lang='lat' dir='ltr'><strong>direxerat</strong></span> <span class='ocrx_word' id='word_1_49' title='bbox 472 1210 520 1285; x_wconf 90' lang='lat' dir='ltr'><strong>ad</strong></span> <span class='ocrx_word' id='word_1_50' title='bbox 545 1210 709 1285; x_wconf 65' lang='lat' dir='ltr'><strong>eundum</strong></span> <span class='ocrx_word' id='word_1_51' title='bbox 735 1209 877 1306; x_wconf 90' lang='lat' dir='ltr'><strong>Papiam</strong></span> <span class='ocrx_word' id='word_1_52' title='bbox 904 1219 940 1284; x_wconf 90' lang='lat' dir='ltr'><strong>et</strong></span> <span class='ocrx_word' id='word_1_53' title='bbox 963 1209 1240 1298; x_wconf 87' lang='lat' dir='ltr'><strong>Pontremnlum,</strong></span> <span class='ocrx_word' id='word_1_54' title='bbox 1263 1213 1456 1280; x_wconf 89' lang='lat' dir='ltr'><strong>statuerunt</strong></span> <span class='ocrx_word' id='word_1_55' title='bbox 1481 1225 1544 1299; x_wconf 94' lang='lat' dir='ltr'><strong>per</strong></span> <span class='ocrx_word' id='word_1_56' title='bbox 1570 1225 1689 1278; x_wconf 90' lang='lat' dir='ltr'><strong>eorum</strong></span> 
     </span>
     <span class='ocr_line' id='line_1_7' title="bbox 274 1328 1690 1432; baseline -0.006 -24"><span class='ocrx_word' id='word_1_57' title='bbox 274 1336 421 1410; x_wconf 86' lang='lat' dir='ltr'><strong>nuncios</strong></span> <span class='ocrx_word' id='word_1_58' title='bbox 446 1345 486 1408; x_wconf 91' lang='lat' dir='ltr'><strong>ut</strong></span> <span class='ocrx_word' id='word_1_59' title='bbox 509 1334 657 1432; x_wconf 83' lang='lat' dir='ltr'><strong>quilibet</strong></span> <span class='ocrx_word' id='word_1_60' title='bbox 682 1336 835 1432; x_wconf 86' lang='lat' dir='ltr'><strong>ipsorum</strong></span> <span class='ocrx_word' id='word_1_61' title='bbox 861 1335 971 1431; x_wconf 89' lang='lat' dir='ltr'><strong>prima</strong></span> <span class='ocrx_word' id='word_1_62' title='bbox 996 1333 1055 1408; x_wconf 89' lang='lat' dir='ltr'><strong>die</strong></span> <span class='ocrx_word' id='word_1_63' title='bbox 1076 1333 1160 1406; x_wconf 93' lang='lat' dir='ltr'><strong>lune</strong></span> <span class='ocrx_word' id='word_1_64' title='bbox 1178 1330 1462 1426; x_wconf 78' lang='lat' dir='ltr'><strong>quadragessimo</strong></span> <span class='ocrx_word' id='word_1_65' title='bbox 1483 1328 1690 1402; x_wconf 86' lang='lat' dir='ltr'><strong>Placentiam</strong></span> 
     </span>
     <span class='ocr_line' id='line_1_8' title="bbox 275 1451 1690 1548; baseline -0.007 -14"><span class='ocrx_word' id='word_1_66' title='bbox 275 1459 443 1534; x_wconf 83' lang='lat' dir='ltr'><strong>accedere</strong></span> <span class='ocrx_word' id='word_1_67' title='bbox 460 1459 639 1534; x_wconf 88' lang='lat' dir='ltr'><strong>deberent.</strong></span> <span class='ocrx_word' id='word_1_68' title='bbox 654 1459 722 1544; x_wconf 88' lang='lat' dir='ltr'><strong>Qui</strong></span> <span class='ocrx_word' id='word_1_69' title='bbox 740 1480 862 1532; x_wconf 90' lang='lat' dir='ltr'><strong>ornnes</strong></span> <span class='ocrx_word' id='word_1_70' title='bbox 875 1457 966 1531; x_wconf 87' lang='lat' dir='ltr'><strong>sicut</strong></span> <span class='ocrx_word' id='word_1_71' title='bbox 982 1465 1169 1530; x_wconf 89' lang='lat' dir='ltr'><strong>statuerant</strong></span> <span class='ocrx_word' id='word_1_72' title='bbox 1183 1456 1240 1530; x_wconf 90' lang='lat' dir='ltr'><strong>die</strong></span> <span class='ocrx_word' id='word_1_73' title='bbox 1256 1457 1338 1528; x_wconf 92' lang='lat' dir='ltr'><strong>lune</strong></span> <span class='ocrx_word' id='word_1_74' title='bbox 1349 1454 1429 1526; x_wconf 87' lang='lat' dir='ltr'><strong>Xlll</strong></span> <span class='ocrx_word' id='word_1_75' title='bbox 1447 1452 1565 1525; x_wconf 90' lang='lat' dir='ltr'><strong>marcii</strong></span> <span class='ocrx_word' id='word_1_76' title='bbox 1577 1451 1626 1548; x_wconf 80' lang='lat' dir='ltr'><strong>(a)</strong></span> <span class='ocrx_word' id='word_1_77' title='bbox 1640 1452 1690 1524; x_wconf 94' lang='lat' dir='ltr'><strong>illi</strong></span> 
     </span>
     <span class='ocr_line' id='line_1_9' title="bbox 276 1575 1693 1678; baseline -0.004 -22"><span class='ocrx_word' id='word_1_78' title='bbox 276 1583 338 1678; x_wconf 90' lang='lat' dir='ltr'><strong>qui</strong></span> <span class='ocrx_word' id='word_1_79' title='bbox 356 1593 455 1656; x_wconf 79' lang='lat' dir='ltr'><strong>eram</strong></span> <span class='ocrx_word' id='word_1_80' title='bbox 470 1583 507 1654; x_wconf 93' lang='lat' dir='ltr'><strong>in</strong></span> <span class='ocrx_word' id='word_1_81' title='bbox 525 1583 757 1656; x_wconf 85' lang='lat' dir='ltr'><strong>Pontremullo</strong></span> <span class='ocrx_word' id='word_1_82' title='bbox 781 1581 960 1675; x_wconf 76' lang='lat' dir='ltr'><strong>fugierunt</strong></span> <span class='ocrx_word' id='word_1_83' title='bbox 985 1581 1022 1653; x_wconf 94' lang='lat' dir='ltr'><strong>in</strong></span> <span class='ocrx_word' id='word_1_84' title='bbox 1039 1578 1237 1654; x_wconf 86' lang='lat' dir='ltr'><strong>Vallantarii</strong></span> <span class='ocrx_word' id='word_1_85' title='bbox 1259 1587 1293 1652; x_wconf 90' lang='lat' dir='ltr'><strong>et</strong></span> <span class='ocrx_word' id='word_1_86' title='bbox 1312 1577 1362 1649; x_wconf 95' lang='lat' dir='ltr'><strong>illi</strong></span> <span class='ocrx_word' id='word_1_87' title='bbox 1388 1575 1451 1671; x_wconf 92' lang='lat' dir='ltr'><strong>qni</strong></span> <span class='ocrx_word' id='word_1_88' title='bbox 1475 1585 1573 1650; x_wconf 88' lang='lat' dir='ltr'><strong>erant</strong></span> <span class='ocrx_word' id='word_1_89' title='bbox 1588 1576 1693 1674; x_wconf 86' lang='lat' dir='ltr'><strong>Papia</strong></span> 
     </span>
     <span class='ocr_line' id='line_1_10' title="bbox 275 1699 1693 1802; baseline -0.004 -25"><span class='ocrx_word' id='word_1_90' title='bbox 275 1727 339 1802; x_wconf 87' lang='lat' dir='ltr'><strong>per</strong></span> <span class='ocrx_word' id='word_1_91' title='bbox 369 1727 496 1780; x_wconf 84' lang='lat' dir='ltr'><strong>narem</strong></span> <span class='ocrx_word' id='word_1_92' title='bbox 524 1704 735 1780; x_wconf 79' lang='lat' dir='ltr'><strong>Placentiam</strong></span> <span class='ocrx_word' id='word_1_93' title='bbox 762 1713 993 1780; x_wconf 83' lang='lat' dir='ltr'><strong>accessemnt.</strong></span> <span class='ocrx_word' id='word_1_94' title='bbox 1020 1705 1180 1777; x_wconf 89' lang='lat' dir='ltr'><strong>Preterea</strong></span> <span class='ocrx_word' id='word_1_95' title='bbox 1205 1703 1265 1776; x_wconf 92' lang='lat' dir='ltr'><strong>alii</strong></span> <span class='ocrx_word' id='word_1_96' title='bbox 1290 1701 1416 1774; x_wconf 85' lang='lat' dir='ltr'><strong>milites</strong></span> <span class='ocrx_word' id='word_1_97' title='bbox 1439 1699 1629 1774; x_wconf 87' lang='lat' dir='ltr'><strong>Sueborum</strong></span> <span class='ocrx_word' id='word_1_98' title='bbox 1658 1709 1693 1773; x_wconf 91' lang='lat' dir='ltr'><strong>et</strong></span> 
     </span>
     <span class='ocr_line' id='line_1_11' title="bbox 275 1823 1689 1924; baseline -0.006 -22"><span class='ocrx_word' id='word_1_99' title='bbox 275 1828 416 1902; x_wconf 82' lang='lat' dir='ltr'><strong>Abonas</strong></span> <span class='ocrx_word' id='word_1_100' title='bbox 432 1831 494 1924; x_wconf 92' lang='lat' dir='ltr'><strong>qui</strong></span> <span class='ocrx_word' id='word_1_101' title='bbox 509 1837 607 1902; x_wconf 88' lang='lat' dir='ltr'><strong>erant</strong></span> <span class='ocrx_word' id='word_1_102' title='bbox 619 1828 656 1900; x_wconf 94' lang='lat' dir='ltr'><strong>in</strong></span> <span class='ocrx_word' id='word_1_103' title='bbox 671 1828 804 1920; x_wconf 88' lang='lat' dir='ltr'><strong>Lauda,</strong></span> <span class='ocrx_word' id='word_1_104' title='bbox 815 1849 858 1901; x_wconf 90' lang='lat' dir='ltr'><strong>ea</strong></span> <span class='ocrx_word' id='word_1_105' title='bbox 874 1825 933 1900; x_wconf 91' lang='lat' dir='ltr'><strong>die</strong></span> <span class='ocrx_word' id='word_1_106' title='bbox 947 1825 1119 1900; x_wconf 89' lang='lat' dir='ltr'><strong>dederunt</strong></span> <span class='ocrx_word' id='word_1_107' title='bbox 1132 1826 1309 1898; x_wconf 89' lang='lat' dir='ltr'><strong>castellum</strong></span> <span class='ocrx_word' id='word_1_108' title='bbox 1322 1825 1454 1898; x_wconf 89' lang='lat' dir='ltr'><strong>Binbrii</strong></span> <span class='ocrx_word' id='word_1_109' title='bbox 1469 1823 1689 1898; x_wconf 88' lang='lat' dir='ltr'><strong>Placentinis.</strong></span> 
     </span>
     <span class='ocr_line' id='line_1_12' title="bbox 275 1949 1695 2048; baseline -0.002 -23"><span class='ocrx_word' id='word_1_110' title='bbox 275 1951 320 2025; x_wconf 82' lang='lat' dir='ltr'><strong>Et</strong></span> <span class='ocrx_word' id='word_1_111' title='bbox 337 1952 396 2027; x_wconf 94' lang='lat' dir='ltr'><strong>die</strong></span> <span class='ocrx_word' id='word_1_112' title='bbox 420 1951 596 2026; x_wconf 89' lang='lat' dir='ltr'><strong>dominico</strong></span> <span class='ocrx_word' id='word_1_113' title='bbox 622 1953 783 2048; x_wconf 84' lang='lat' dir='ltr'><strong>proximo</strong></span> <span class='ocrx_word' id='word_1_114' title='bbox 804 1951 956 2026; x_wconf 89' lang='lat' dir='ltr'><strong>marchio</strong></span> <span class='ocrx_word' id='word_1_115' title='bbox 979 1951 1105 2024; x_wconf 85' lang='lat' dir='ltr'><strong>Lancia</strong></span> <span class='ocrx_word' id='word_1_116' title='bbox 1121 1972 1200 2022; x_wconf 91' lang='lat' dir='ltr'><strong>cum</strong></span> <span class='ocrx_word' id='word_1_117' title='bbox 1218 1949 1457 2023; x_wconf 89' lang='lat' dir='ltr'><strong>Laudensihua</strong></span> <span class='ocrx_word' id='word_1_118' title='bbox 1475 1959 1510 2022; x_wconf 89' lang='lat' dir='ltr'><strong>et</strong></span> <span class='ocrx_word' id='word_1_119' title='bbox 1527 1949 1695 2022; x_wconf 87' lang='lat' dir='ltr'><strong>militibus</strong></span> 
     </span>
     <span class='ocr_line' id='line_1_13' title="bbox 275 2071 1890 2173; baseline -0.002 -25"><span class='ocrx_word' id='word_1_120' title='bbox 275 2073 427 2170; x_wconf 90' lang='lat' dir='ltr'><strong>Papieet</strong></span> <span class='ocrx_word' id='word_1_121' title='bbox 443 2075 609 2148; x_wconf 88' lang='lat' dir='ltr'><strong>Cremona</strong></span> <span class='ocrx_word' id='word_1_122' title='bbox 624 2075 740 2170; x_wconf 90' lang='lat' dir='ltr'><strong>ipsum</strong></span> <span class='ocrx_word' id='word_1_123' title='bbox 753 2075 930 2149; x_wconf 90' lang='lat' dir='ltr'><strong>castellum</strong></span> <span class='ocrx_word' id='word_1_124' title='bbox 951 2085 1242 2170; x_wconf 89' lang='lat' dir='ltr'><strong>recuperaverunt</strong></span> <span class='ocrx_word' id='word_1_125' title='bbox 1262 2083 1375 2170; x_wconf 89' lang='lat' dir='ltr'><strong>preter</strong></span> <span class='ocrx_word' id='word_1_126' title='bbox 1392 2087 1520 2148; x_wconf 85' lang='lat' dir='ltr'><strong>turrem</strong></span> <span class='ocrx_word' id='word_1_127' title='bbox 1542 2071 1550 2173; x_wconf 86' lang='grc' dir='ltr'>Ι</span> <span class='ocrx_word' id='word_1_128' title='bbox 1571 2075 1695 2170; x_wconf 92' lang='lat' dir='ltr'><strong>inqua</strong></span> <span class='ocrx_word' id='word_1_129' title='bbox 1728 2097 1890 2146; x_wconf 64' lang='lat' dir='ltr'><strong>anama.</strong></span> 
     </span>
     <span class='ocr_line' id='line_1_14' title="bbox 277 2197 1696 2292; baseline 0.002 -22"><span class='ocrx_word' id='word_1_130' title='bbox 277 2198 386 2290; x_wconf 75' lang='lat' dir='ltr'><strong>maior</strong></span> <span class='ocrx_word' id='word_1_131' title='bbox 407 2219 488 2292; x_wconf 91' lang='lat' dir='ltr'><strong>pars</strong></span> <span class='ocrx_word' id='word_1_132' title='bbox 509 2197 689 2271; x_wconf 91' lang='lat' dir='ltr'><strong>hominum</strong></span> <span class='ocrx_word' id='word_1_133' title='bbox 705 2198 910 2290; x_wconf 86' lang='lat' dir='ltr'><strong>intraverat,</strong></span> <span class='ocrx_word' id='word_1_134' title='bbox 933 2207 967 2271; x_wconf 91' lang='lat' dir='ltr'><strong>et</strong></span> <span class='ocrx_word' id='word_1_135' title='bbox 984 2199 1181 2272; x_wconf 90' lang='lat' dir='ltr'><strong>habuerunt</strong></span> <span class='ocrx_word' id='word_1_136' title='bbox 1193 2197 1258 2268; x_wconf 88' lang='lat' dir='ltr'><strong>XX</strong></span> <span class='ocrx_word' id='word_1_137' title='bbox 1278 2219 1387 2292; x_wconf 88' lang='lat' dir='ltr'><strong>equos</strong></span> <span class='ocrx_word' id='word_1_138' title='bbox 1402 2207 1437 2272; x_wconf 93' lang='lat' dir='ltr'><strong>et</strong></span> <span class='ocrx_word' id='word_1_139' title='bbox 1458 2198 1547 2272; x_wconf 91' lang='lat' dir='ltr'><strong>duos</strong></span> <span class='ocrx_word' id='word_1_140' title='bbox 1570 2199 1696 2273; x_wconf 85' lang='lat' dir='ltr'><strong>milites</strong></span> 
     </span>
     <span class='ocr_line' id='line_1_15' title="bbox 276 2319 1695 2419; baseline 0.001 -25"><span class='ocrx_word' id='word_1_141' title='bbox 276 2320 473 2412; x_wconf 87' lang='lat' dir='ltr'><strong>Placentia,</strong></span> <span class='ocrx_word' id='word_1_142' title='bbox 496 2330 530 2394; x_wconf 89' lang='lat' dir='ltr'><strong>et</strong></span> <span class='ocrx_word' id='word_1_143' title='bbox 546 2321 584 2393; x_wconf 94' lang='lat' dir='ltr'><strong>in</strong></span> <span class='ocrx_word' id='word_1_144' title='bbox 600 2321 715 2416; x_wconf 85' lang='lat' dir='ltr'><strong>platea</strong></span> <span class='ocrx_word' id='word_1_145' title='bbox 731 2319 850 2394; x_wconf 79' lang='lat' dir='ltr'><strong>laude</strong></span> <span class='ocrx_word' id='word_1_146' title='bbox 869 2343 980 2394; x_wconf 90' lang='lat' dir='ltr'><strong>unum</strong></span> <span class='ocrx_word' id='word_1_147' title='bbox 1002 2342 1049 2393; x_wconf 82' lang='lat' dir='ltr'><strong>ex</strong></span> <span class='ocrx_word' id='word_1_148' title='bbox 1063 2321 1245 2394; x_wconf 82' lang='lat' dir='ltr'><strong>Abnnibns</strong></span> <span class='ocrx_word' id='word_1_149' title='bbox 1263 2321 1326 2416; x_wconf 88' lang='lat' dir='ltr'><strong>qni</strong></span> <span class='ocrx_word' id='word_1_150' title='bbox 1342 2321 1472 2394; x_wconf 89' lang='lat' dir='ltr'><strong>ibidem</strong></span> <span class='ocrx_word' id='word_1_151' title='bbox 1491 2331 1612 2419; x_wconf 88' lang='lat' dir='ltr'><strong>captus</strong></span> <span class='ocrx_word' id='word_1_152' title='bbox 1630 2323 1695 2396; x_wconf 87' lang='lat' dir='ltr'><strong>luit</strong></span> 
     </span>
     <span class='ocr_line' id='line_1_16' title="bbox 276 2442 578 2540; baseline -0.007 -22"><span class='ocrx_word' id='word_1_153' title='bbox 276 2442 578 2540; x_wconf 83' lang='lat' dir='ltr'><strong>decapitaverunt.</strong></span> 
     </span>
    </p>

    <p class='ocr_par' dir='ltr' id='par_1_3' title="bbox 275 2565 1698 4409">
     <span class='ocr_line' id='line_1_17' title="bbox 326 2565 1694 2662; baseline 0.001 -21"><span class='ocrx_word' id='word_1_154' title='bbox 326 2567 375 2641; x_wconf 90' lang='grc' dir='ltr'><strong>Μ.</strong></span> <span class='ocrx_word' id='word_1_155' title='bbox 388 2567 454 2642; x_wconf 83' lang='lat' dir='ltr'><strong>CC.</strong></span> <span class='ocrx_word' id='word_1_156' title='bbox 464 2569 536 2660; x_wconf 89' lang='lat' dir='ltr'><strong>XL,</strong></span> <span class='ocrx_word' id='word_1_157' title='bbox 547 2566 737 2642; x_wconf 89' lang='lat' dir='ltr'><strong>indictione</strong></span> <span class='ocrx_word' id='word_1_158' title='bbox 749 2567 841 2660; x_wconf 89' lang='lat' dir='ltr'><strong>lllll,</strong></span> <span class='ocrx_word' id='word_1_159' title='bbox 861 2565 920 2640; x_wconf 90' lang='lat' dir='ltr'><strong>dia</strong></span> <span class='ocrx_word' id='word_1_160' title='bbox 932 2565 1141 2640; x_wconf 85' lang='lat' dir='ltr'><strong>venerisXV</strong></span> <span class='ocrx_word' id='word_1_161' title='bbox 1150 2567 1317 2640; x_wconf 86' lang='lat' dir='ltr'><strong>kalendas</strong></span> <span class='ocrx_word' id='word_1_162' title='bbox 1326 2567 1431 2662; x_wconf 91' lang='lat' dir='ltr'><strong>junii,</strong></span> <span class='ocrx_word' id='word_1_163' title='bbox 1449 2589 1529 2640; x_wconf 90' lang='lat' dir='ltr'><strong>cum</strong></span> <span class='ocrx_word' id='word_1_164' title='bbox 1542 2569 1694 2644; x_wconf 89' lang='lat' dir='ltr'><strong>marchio</strong></span> 
     </span>
     <span class='ocr_line' id='line_1_18' title="bbox 278 2691 1696 2788; baseline 0.001 -22"><span class='ocrx_word' id='word_1_165' title='bbox 278 2693 413 2766; x_wconf 68' lang='lat' dir='ltr'><strong>huces</strong></span> <span class='ocrx_word' id='word_1_166' title='bbox 432 2691 584 2766; x_wconf 84' lang='lat' dir='ltr'><strong>vicarius</strong></span> <span class='ocrx_word' id='word_1_167' title='bbox 600 2693 817 2788; x_wconf 85' lang='lat' dir='ltr'><strong>imperatoris</strong></span> <span class='ocrx_word' id='word_1_168' title='bbox 830 2713 911 2765; x_wconf 88' lang='lat' dir='ltr'><strong>cum</strong></span> <span class='ocrx_word' id='word_1_169' title='bbox 928 2691 1173 2786; x_wconf 88' lang='lat' dir='ltr'><strong>Papiensibns‚</strong></span> <span class='ocrx_word' id='word_1_170' title='bbox 1190 2692 1482 2782; x_wconf 83' lang='lat' dir='ltr'><strong>vercellensibus,</strong></span> <span class='ocrx_word' id='word_1_171' title='bbox 1501 2693 1696 2768; x_wconf 90' lang='lat' dir='ltr'><strong>Novarien-</strong></span> 
     </span>
     <span class='ocr_line' id='line_1_19' title="bbox 278 2814 1695 2910; baseline 0.001 -20"><span class='ocrx_word' id='word_1_172' title='bbox 278 2815 391 2908; x_wconf 86' lang='lat' dir='ltr'><strong>sibns,</strong></span> <span class='ocrx_word' id='word_1_173' title='bbox 414 2815 715 2908; x_wconf 86' lang='lat' dir='ltr'><strong>Tardonensibus,</strong></span> <span class='ocrx_word' id='word_1_174' title='bbox 737 2814 960 2908; x_wconf 81' lang='lat' dir='ltr'><strong>Astansibns,</strong></span> <span class='ocrx_word' id='word_1_175' title='bbox 979 2815 1212 2888; x_wconf 84' lang='lat' dir='ltr'><strong>Turimaschis</strong></span> <span class='ocrx_word' id='word_1_176' title='bbox 1227 2825 1331 2910; x_wconf 87' lang='lat' dir='ltr'><strong>atque</strong></span> <span class='ocrx_word' id='word_1_177' title='bbox 1350 2815 1549 2890; x_wconf 88' lang='lat' dir='ltr'><strong>marchione</strong></span> <span class='ocrx_word' id='word_1_178' title='bbox 1565 2817 1695 2892; x_wconf 84' lang='lat' dir='ltr'><strong>Malas-</strong></span> 
     </span>
     <span class='ocr_line' id='line_1_20' title="bbox 275 2937 1696 3038; baseline 0.001 -26"><span class='ocrx_word' id='word_1_179' title='bbox 275 2940 363 3038; x_wconf 90' lang='lat' dir='ltr'><strong>pina</strong></span> <span class='ocrx_word' id='word_1_180' title='bbox 382 2940 576 3014; x_wconf 86' lang='lat' dir='ltr'><strong>exercitum</strong></span> <span class='ocrx_word' id='word_1_181' title='bbox 589 2948 805 3036; x_wconf 87' lang='lat' dir='ltr'><strong>preparasset</strong></span> <span class='ocrx_word' id='word_1_182' title='bbox 820 2937 868 3037; x_wconf 81' lang='lat' dir='ltr'><strong>(l)</strong></span> <span class='ocrx_word' id='word_1_183' title='bbox 886 2961 989 3012; x_wconf 89' lang='lat' dir='ltr'><strong>eausa</strong></span> <span class='ocrx_word' id='word_1_184' title='bbox 1005 2949 1166 3036; x_wconf 76' lang='lat' dir='ltr'><strong>guastum</strong></span> <span class='ocrx_word' id='word_1_185' title='bbox 1181 2939 1332 3013; x_wconf 81' lang='lat' dir='ltr'><strong>faciendi</strong></span> <span class='ocrx_word' id='word_1_186' title='bbox 1345 2937 1557 3014; x_wconf 81' lang='lat' dir='ltr'><strong>Alexandria</strong></span> <span class='ocrx_word' id='word_1_187' title='bbox 1572 2951 1606 3014; x_wconf 94' lang='lat' dir='ltr'><strong>et</strong></span> <span class='ocrx_word' id='word_1_188' title='bbox 1622 2943 1696 3035; x_wconf 88' lang='lat' dir='ltr'><strong>jam</strong></span> 
     </span>
     <span class='ocr_line' id='line_1_21' title="bbox 278 3063 1696 3161; baseline 0.004 -23"><span class='ocrx_word' id='word_1_189' title='bbox 278 3065 400 3138; x_wconf 81' lang='lat' dir='ltr'><strong>fuisset</strong></span> <span class='ocrx_word' id='word_1_190' title='bbox 425 3065 462 3136; x_wconf 95' lang='lat' dir='ltr'><strong>in</strong></span> <span class='ocrx_word' id='word_1_191' title='bbox 482 3065 639 3161; x_wconf 89' lang='lat' dir='ltr'><strong>partibus</strong></span> <span class='ocrx_word' id='word_1_192' title='bbox 657 3065 877 3158; x_wconf 78' lang='lat' dir='ltr'><strong>Baseguaue,</strong></span> <span class='ocrx_word' id='word_1_193' title='bbox 897 3063 1126 3137; x_wconf 85' lang='lat' dir='ltr'><strong>Alexandrini</strong></span> <span class='ocrx_word' id='word_1_194' title='bbox 1142 3087 1221 3137; x_wconf 92' lang='lat' dir='ltr'><strong>cum</strong></span> <span class='ocrx_word' id='word_1_195' title='bbox 1240 3063 1291 3137; x_wconf 92' lang='lat' dir='ltr'><strong>eis</strong></span> <span class='ocrx_word' id='word_1_196' title='bbox 1307 3067 1398 3160; x_wconf 90' lang='lat' dir='ltr'><strong>pacti</strong></span> <span class='ocrx_word' id='word_1_197' title='bbox 1415 3067 1556 3140; x_wconf 85' lang='lat' dir='ltr'><strong>luerunt</strong></span> <span class='ocrx_word' id='word_1_198' title='bbox 1573 3067 1696 3143; x_wconf 87' lang='lat' dir='ltr'><strong>dantes</strong></span> 
     </span>
     <span class='ocr_line' id='line_1_22' title="bbox 276 3187 1696 3290; baseline 0.001 -26"><span class='ocrx_word' id='word_1_199' title='bbox 276 3189 331 3264; x_wconf 89' lang='lat' dir='ltr'><strong>eia</strong></span> <span class='ocrx_word' id='word_1_200' title='bbox 358 3189 690 3262; x_wconf 79' lang='lat' dir='ltr'><strong>Montemcastellum</strong></span> <span class='ocrx_word' id='word_1_201' title='bbox 716 3187 753 3260; x_wconf 93' lang='lat' dir='ltr'><strong>in</strong></span> <span class='ocrx_word' id='word_1_202' title='bbox 776 3187 950 3278; x_wconf 90' lang='lat' dir='ltr'><strong>custodia,</strong></span> <span class='ocrx_word' id='word_1_203' title='bbox 975 3189 1161 3284; x_wconf 89' lang='lat' dir='ltr'><strong>ipsumque</strong></span> <span class='ocrx_word' id='word_1_204' title='bbox 1184 3189 1418 3264; x_wconf 88' lang='lat' dir='ltr'><strong>marchionem</strong></span> <span class='ocrx_word' id='word_1_205' title='bbox 1437 3191 1606 3266; x_wconf 86' lang='lat' dir='ltr'><strong>lanceam</strong></span> <span class='ocrx_word' id='word_1_206' title='bbox 1634 3215 1696 3290; x_wconf 89' lang='lat' dir='ltr'><strong>par</strong></span> 
     </span>
     <span class='ocr_line' id='line_1_23' title="bbox 276 3309 1696 3409; baseline 0.005 -25"><span class='ocrx_word' id='word_1_207' title='bbox 276 3321 480 3408; x_wconf 90' lang='lat' dir='ltr'><strong>potestatem</strong></span> <span class='ocrx_word' id='word_1_208' title='bbox 497 3321 718 3408; x_wconf 89' lang='lat' dir='ltr'><strong>acceperunt.</strong></span> <span class='ocrx_word' id='word_1_209' title='bbox 736 3309 868 3384; x_wconf 83' lang='lat' dir='ltr'><strong>Eodem</strong></span> <span class='ocrx_word' id='word_1_210' title='bbox 882 3321 1033 3408; x_wconf 86' lang='lat' dir='ltr'><strong>tempora</strong></span> <span class='ocrx_word' id='word_1_211' title='bbox 1045 3313 1229 3409; x_wconf 87' lang='lat' dir='ltr'><strong>imperator</strong></span> <span class='ocrx_word' id='word_1_212' title='bbox 1243 3321 1316 3386; x_wconf 90' lang='lat' dir='ltr'><strong>erat</strong></span> <span class='ocrx_word' id='word_1_213' title='bbox 1329 3313 1366 3385; x_wconf 95' lang='lat' dir='ltr'><strong>in</strong></span> <span class='ocrx_word' id='word_1_214' title='bbox 1382 3313 1521 3409; x_wconf 79' lang='lat' dir='ltr'><strong>Apulia.</strong></span> <span class='ocrx_word' id='word_1_215' title='bbox 1539 3318 1603 3390; x_wconf 90' lang='lat' dir='ltr'><strong>Die</strong></span> <span class='ocrx_word' id='word_1_216' title='bbox 1620 3319 1696 3391; x_wconf 87' lang='lat' dir='ltr'><strong>sab·</strong></span> 
     </span>
     <span class='ocr_line' id='line_1_24' title="bbox 277 3435 1696 3533; baseline 0.004 -21"><span class='ocrx_word' id='word_1_217' title='bbox 277 3437 397 3512; x_wconf 84' lang='lat' dir='ltr'><strong>batill</strong></span> <span class='ocrx_word' id='word_1_218' title='bbox 416 3437 546 3511; x_wconf 90' lang='lat' dir='ltr'><strong>mansis</strong></span> <span class='ocrx_word' id='word_1_219' title='bbox 557 3437 648 3531; x_wconf 91' lang='lat' dir='ltr'><strong>junii</strong></span> <span class='ocrx_word' id='word_1_220' title='bbox 665 3435 834 3533; x_wconf 83' lang='lat' dir='ltr'><strong>proximi,</strong></span> <span class='ocrx_word' id='word_1_221' title='bbox 856 3435 1093 3530; x_wconf 79' lang='lat' dir='ltr'><strong>Salienguerra</strong></span> <span class='ocrx_word' id='word_1_222' title='bbox 1108 3437 1262 3510; x_wconf 81' lang='lat' dir='ltr'><strong>reddidit</strong></span> <span class='ocrx_word' id='word_1_223' title='bbox 1276 3439 1450 3512; x_wconf 85' lang='lat' dir='ltr'><strong>civitatem</strong></span> <span class='ocrx_word' id='word_1_224' title='bbox 1467 3441 1617 3516; x_wconf 85' lang='lat' dir='ltr'><strong>Ferraria</strong></span> <span class='ocrx_word' id='word_1_225' title='bbox 1632 3443 1696 3516; x_wconf 92' lang='lat' dir='ltr'><strong>do·</strong></span> 
     </span>
     <span class='ocr_line' id='line_1_25' title="bbox 278 3559 1696 3656; baseline 0.004 -22"><span class='ocrx_word' id='word_1_226' title='bbox 278 3561 376 3634; x_wconf 93' lang='lat' dir='ltr'><strong>mino</strong></span> <span class='ocrx_word' id='word_1_227' title='bbox 389 3561 502 3656; x_wconf 80' lang='lat' dir='ltr'><strong>legato</strong></span> <span class='ocrx_word' id='word_1_228' title='bbox 516 3569 552 3634; x_wconf 91' lang='lat' dir='ltr'><strong>et</strong></span> <span class='ocrx_word' id='word_1_229' title='bbox 570 3559 653 3634; x_wconf 93' lang='lat' dir='ltr'><strong>duci</strong></span> <span class='ocrx_word' id='word_1_230' title='bbox 666 3559 827 3652; x_wconf 80' lang='lat' dir='ltr'><strong>venecia,</strong></span> <span class='ocrx_word' id='word_1_231' title='bbox 844 3559 925 3633; x_wconf 88' lang='lat' dir='ltr'><strong>data</strong></span> <span class='ocrx_word' id='word_1_232' title='bbox 940 3559 1089 3634; x_wconf 87' lang='lat' dir='ltr'><strong>fidancia</strong></span> <span class='ocrx_word' id='word_1_233' title='bbox 1104 3561 1267 3634; x_wconf 90' lang='lat' dir='ltr'><strong>omnibus</strong></span> <span class='ocrx_word' id='word_1_234' title='bbox 1285 3563 1479 3636; x_wconf 78' lang='lat' dir='ltr'><strong>forensibus</strong></span> <span class='ocrx_word' id='word_1_235' title='bbox 1495 3587 1575 3639; x_wconf 90' lang='lat' dir='ltr'><strong>cum</strong></span> <span class='ocrx_word' id='word_1_236' title='bbox 1591 3567 1696 3640; x_wconf 90' lang='lat' dir='ltr'><strong>armis</strong></span> 
     </span>
     <span class='ocr_line' id='line_1_26' title="bbox 278 3684 1696 3787; baseline 0.001 -27"><span class='ocrx_word' id='word_1_237' title='bbox 278 3705 415 3760; x_wconf 89' lang='lat' dir='ltr'><strong>eorum.</strong></span> <span class='ocrx_word' id='word_1_238' title='bbox 432 3684 519 3756; x_wconf 88' lang='lat' dir='ltr'><strong>Com</strong></span> <span class='ocrx_word' id='word_1_239' title='bbox 539 3693 657 3756; x_wconf 87' lang='lat' dir='ltr'><strong>autem</strong></span> <span class='ocrx_word' id='word_1_240' title='bbox 670 3684 805 3778; x_wconf 76' lang='lat' dir='ltr'><strong>lagatus</strong></span> <span class='ocrx_word' id='word_1_241' title='bbox 822 3693 857 3756; x_wconf 90' lang='lat' dir='ltr'><strong>et</strong></span> <span class='ocrx_word' id='word_1_242' title='bbox 874 3684 949 3758; x_wconf 87' lang='lat' dir='ltr'><strong>dux</strong></span> <span class='ocrx_word' id='word_1_243' title='bbox 959 3685 1107 3758; x_wconf 88' lang='lat' dir='ltr'><strong>Veneoie</strong></span> <span class='ocrx_word' id='word_1_244' title='bbox 1122 3685 1183 3780; x_wconf 92' lang='lat' dir='ltr'><strong>qni</strong></span> <span class='ocrx_word' id='word_1_245' title='bbox 1200 3695 1357 3782; x_wconf 90' lang='lat' dir='ltr'><strong>preerant</strong></span> <span class='ocrx_word' id='word_1_246' title='bbox 1370 3689 1536 3761; x_wconf 88' lang='lat' dir='ltr'><strong>exercitui</strong></span> <span class='ocrx_word' id='word_1_247' title='bbox 1546 3685 1696 3787; x_wconf 87' lang='lat' dir='ltr'><strong>[posses-</strong></span> 
     </span>
     <span class='ocr_line' id='line_1_27' title="bbox 279 3803 1697 3906; baseline 0.006 -26"><span class='ocrx_word' id='word_1_248' title='bbox 279 3803 430 3906; x_wconf 88' lang='lat' dir='ltr'><strong>sionem]</strong></span> <span class='ocrx_word' id='word_1_249' title='bbox 450 3806 601 3882; x_wconf 81' lang='lat' dir='ltr'><strong>civitatis</strong></span> <span class='ocrx_word' id='word_1_250' title='bbox 614 3805 766 3880; x_wconf 83' lang='lat' dir='ltr'><strong>Ferraria</strong></span> <span class='ocrx_word' id='word_1_251' title='bbox 776 3805 992 3898; x_wconf 88' lang='lat' dir='ltr'><strong>habuissent,</strong></span> <span class='ocrx_word' id='word_1_252' title='bbox 1005 3807 1199 3904; x_wconf 87' lang='lat' dir='ltr'><strong>predictum</strong></span> <span class='ocrx_word' id='word_1_253' title='bbox 1211 3809 1485 3905; x_wconf 77' lang='lat' dir='ltr'><strong>Salianguerram</strong></span> <span class='ocrx_word' id='word_1_254' title='bbox 1500 3822 1534 3886; x_wconf 90' lang='lat' dir='ltr'><strong>et</strong></span> <span class='ocrx_word' id='word_1_255' title='bbox 1550 3835 1697 3888; x_wconf 86' lang='lat' dir='ltr'><strong>uxorem</strong></span> 
     </span>
     <span class='ocr_line' id='line_1_28' title="bbox 277 3929 1696 4027; baseline 0.005 -23"><span class='ocrx_word' id='word_1_256' title='bbox 277 3929 444 4004; x_wconf 84' lang='lat' dir='ltr'><strong>etlilium</strong></span> <span class='ocrx_word' id='word_1_257' title='bbox 461 3939 496 4004; x_wconf 90' lang='lat' dir='ltr'><strong>et</strong></span> <span class='ocrx_word' id='word_1_258' title='bbox 520 3951 628 4026; x_wconf 88' lang='lat' dir='ltr'><strong>qnam</strong></span> <span class='ocrx_word' id='word_1_259' title='bbox 648 3931 766 4026; x_wconf 84' lang='lat' dir='ltr'><strong>plures</strong></span> <span class='ocrx_word' id='word_1_260' title='bbox 786 3939 964 4027; x_wconf 77' lang='lat' dir='ltr'><strong>magnates</strong></span> <span class='ocrx_word' id='word_1_261' title='bbox 985 3931 1076 4005; x_wconf 90' lang='lat' dir='ltr'><strong>illius</strong></span> <span class='ocrx_word' id='word_1_262' title='bbox 1095 3933 1242 4008; x_wconf 85' lang='lat' dir='ltr'><strong>civitatis</strong></span> <span class='ocrx_word' id='word_1_263' title='bbox 1258 3935 1294 4007; x_wconf 95' lang='lat' dir='ltr'><strong>in</strong></span> <span class='ocrx_word' id='word_1_264' title='bbox 1313 3935 1506 4010; x_wconf 86' lang='lat' dir='ltr'><strong>custodiam</strong></span> <span class='ocrx_word' id='word_1_265' title='bbox 1517 3937 1696 4012; x_wconf 84' lang='lat' dir='ltr'><strong>Venetiam</strong></span> 
     </span>
     <span class='ocr_line' id='line_1_29' title="bbox 280 4052 1696 4158; baseline 0.004 -30"><span class='ocrx_word' id='word_1_266' title='bbox 280 4052 412 4128; x_wconf 87' lang='lat' dir='ltr'><strong>ducere</strong></span> <span class='ocrx_word' id='word_1_267' title='bbox 427 4053 602 4144; x_wconf 80' lang='lat' dir='ltr'><strong>iecerunt3</strong></span> <span class='ocrx_word' id='word_1_268' title='bbox 619 4052 876 4128; x_wconf 87' lang='lat' dir='ltr'><strong>introducentes</strong></span> <span class='ocrx_word' id='word_1_269' title='bbox 888 4055 1121 4130; x_wconf 85' lang='lat' dir='ltr'><strong>marchionem</strong></span> <span class='ocrx_word' id='word_1_270' title='bbox 1135 4056 1180 4130; x_wconf 90' lang='lat' dir='ltr'><strong>de</strong></span> <span class='ocrx_word' id='word_1_271' title='bbox 1191 4059 1251 4132; x_wconf 84' lang='lat' dir='ltr'><strong>Est</strong></span> <span class='ocrx_word' id='word_1_272' title='bbox 1262 4059 1298 4131; x_wconf 94' lang='lat' dir='ltr'><strong>in</strong></span> <span class='ocrx_word' id='word_1_273' title='bbox 1313 4059 1424 4158; x_wconf 90' lang='lat' dir='ltr'><strong>ipsam</strong></span> <span class='ocrx_word' id='word_1_274' title='bbox 1437 4060 1626 4155; x_wconf 84' lang='lat' dir='ltr'><strong>civitatem,</strong></span> <span class='ocrx_word' id='word_1_275' title='bbox 1639 4061 1696 4134; x_wconf 92' lang='lat' dir='ltr'><strong>cui</strong></span> 
     </span>
     <span class='ocr_line' id='line_1_30' title="bbox 279 4175 1698 4283; baseline 0.006 -31"><span class='ocrx_word' id='word_1_276' title='bbox 279 4175 507 4252; x_wconf 77' lang='lat' dir='ltr'><strong>deusdonam</strong></span> <span class='ocrx_word' id='word_1_277' title='bbox 530 4177 758 4274; x_wconf 86' lang='lat' dir='ltr'><strong>prebuerunt.</strong></span> <span class='ocrx_word' id='word_1_278' title='bbox 772 4179 893 4253; x_wconf 88' lang='lat' dir='ltr'><strong>Statim</strong></span> <span class='ocrx_word' id='word_1_279' title='bbox 911 4179 1005 4253; x_wconf 88' lang='lat' dir='ltr'><strong>idam</strong></span> <span class='ocrx_word' id='word_1_280' title='bbox 1022 4181 1175 4254; x_wconf 86' lang='lat' dir='ltr'><strong>marchio</strong></span> <span class='ocrx_word' id='word_1_281' title='bbox 1191 4184 1369 4257; x_wconf 88' lang='lat' dir='ltr'><strong>castellum</strong></span> <span class='ocrx_word' id='word_1_282' title='bbox 1387 4194 1424 4257; x_wconf 91' lang='lat' dir='ltr'><strong>et</strong></span> <span class='ocrx_word' id='word_1_283' title='bbox 1436 4185 1609 4283; x_wconf 90' lang='lat' dir='ltr'><strong>palacium</strong></span> <span class='ocrx_word' id='word_1_284' title='bbox 1628 4207 1698 4282; x_wconf 90' lang='lat' dir='ltr'><strong>qne</strong></span> 
     </span>
     <span class='ocr_line' id='line_1_31' title="bbox 280 4300 1698 4409; baseline 0.007 -35"><span class='ocrx_word' id='word_1_285' title='bbox 280 4300 378 4377; x_wconf 92' lang='lat' dir='ltr'><strong>idem</strong></span> <span class='ocrx_word' id='word_1_286' title='bbox 395 4302 639 4398; x_wconf 76' lang='lat' dir='ltr'><strong>Salieuguerra</strong></span> <span class='ocrx_word' id='word_1_287' title='bbox 659 4301 811 4378; x_wconf 84' lang='lat' dir='ltr'><strong>habebat</strong></span> <span class='ocrx_word' id='word_1_288' title='bbox 831 4301 1019 4401; x_wconf 65' lang='lat' dir='ltr'><strong>desumit,</strong></span> <span class='ocrx_word' id='word_1_289' title='bbox 1040 4307 1246 4405; x_wconf 89' lang='lat' dir='ltr'><strong>expellendo</strong></span> <span class='ocrx_word' id='word_1_290' title='bbox 1269 4331 1432 4406; x_wconf 79' lang='lat' dir='ltr'><strong>maguam</strong></span> <span class='ocrx_word' id='word_1_291' title='bbox 1456 4319 1589 4409; x_wconf 89' lang='lat' dir='ltr'><strong>partem</strong></span> <span class='ocrx_word' id='word_1_292' title='bbox 1611 4311 1698 4386; x_wconf 90' lang='lat' dir='ltr'><strong>ami·</strong></span> 
     </span>
    </p>
   </div>
   <div class='ocr_carea' id='block_1_3' title="bbox 325 4581 1080 4776">
    <p class='ocr_par' dir='ltr' id='par_1_4' title="bbox 325 4581 1080 4776">
     <span class='ocr_line' id='line_1_32' title="bbox 325 4581 1080 4669; baseline 0.008 -25"><span class='ocrx_word' id='word_1_293' title='bbox 325 4581 368 4665; x_wconf 82' lang='lat' dir='ltr'><strong>(a)</strong></span> <span class='ocrx_word' id='word_1_294' title='bbox 390 4583 480 4646; x_wconf 85' lang='lat' dir='ltr'><strong>Deest</strong></span> <span class='ocrx_word' id='word_1_295' title='bbox 492 4583 607 4664; x_wconf 79' lang='lat' dir='ltr'><strong>abqnld</strong></span> <span class='ocrx_word' id='word_1_296' title='bbox 622 4602 631 4648; x_wconf 74' lang='grc' dir='ltr'><em>τ</em></span> <span class='ocrx_word' id='word_1_297' title='bbox 643 4583 825 4669; x_wconf 58' lang='lat' dir='ltr'><strong>moinus</strong></span> <span class='ocrx_word' id='word_1_298' title='bbox 836 4587 885 4650; x_wconf 84' lang='lat' dir='ltr'><strong>rel</strong></span> <span class='ocrx_word' id='word_1_299' title='bbox 897 4586 1080 4668; x_wconf 77' lang='lat' dir='ltr'><strong>hujusmodl.</strong></span> 
     </span>
     <span class='ocr_line' id='line_1_33' title="bbox 327 4689 1063 4776; baseline 0.011 -24"><span class='ocrx_word' id='word_1_300' title='bbox 327 4689 369 4772; x_wconf 77' lang='lat' dir='ltr'><strong>(b)</strong></span> <span class='ocrx_word' id='word_1_301' title='bbox 390 4690 742 4776; x_wconf 72' lang='lat' dir='ltr'><strong>moedoepepemat.</strong></span> <span class='ocrx_word' id='word_1_302' title='bbox 1058 4703 1063 4714; x_wconf 90' lang='lat'>&#39;</span> 
     </span>
    </p>
   </div>
   <div class='ocr_carea' id='block_1_4' title="bbox 0 0 2317 6066">
    <p class='ocr_par' dir='ltr' id='par_1_5' title="bbox 0 0 2317 6066">
     <span class='ocr_line' id='line_1_34' title="bbox 0 0 2317 6066; baseline 0 0"><span class='ocrx_word' id='word_1_303' title='bbox 0 0 2317 6066; x_wconf 95' lang='lat' dir='ltr'><strong> </strong></span> 
     </span>
    </p>
   </div>
  </div>
 </body>
</html>
