4676 6066
966 673 1165 754 nabasce.
1715 710 1779 753 ιιιιι

350 825 478 910 cation
497 826 547 908 de
565 848 637 906 son
655 821 871 905 manuscrit
888 822 1055 906 attribue
1072 824 1163 905 bun
1178 845 1418 931 personnage
1434 819 1567 928 appele
1581 819 1777 904 sirellaul.

349 957 466 1046 Notae
484 955 698 1039 manuscrit
715 953 916 1064 n'apporte
940 955 1050 1065 point
1071 953 1430 1038 d’dclaineissement
1452 978 1520 1034 sun
1542 952 1579 1034 le
1600 953 1783 1038 veritable

350 1115 443 1173 nam
466 1089 516 1172 de
536 1115 579 1171 ce
607 1085 887 1197 ahraniqneur,
916 1086 1100 1197 puisqu'il
1127 1113 1177 1169 ne
1203 1086 1372 1170 contient
1399 1111 1548 1168 aucune
1573 1085 1782 1169 indication

349 1221 529 1304 d'auteur
558 1220 634 1330 (1).
669 1219 729 1302 Ειι
758 1219 966 1328 revancbe‚
990 1219 1019 1300 il
1050 1244 1149 1302 nous
1181 1217 1326 1301 fournit
1353 1244 1407 1300 un
1435 1217 1665 1326 exemplaire
1693 1217 1783 1328 plus

349 1363 460 1438 exact
481 1363 520 1437 et
545 1337 672 1436 meme
700 1352 790 1461 plus
816 1353 984 1461 complet
1011 1353 1060 1434 de
1087 1377 1131 1434 ae
1157 1360 1257 1434 texte
1288 1350 1521 1459 important,
1551 1350 1683 1460 publie
1712 1379 1783 1462 par

350 1486 533 1572 Mun-atoni
550 1485 703 1595 d'apnds
726 1510 804 1566 une
820 1484 928 1594 copie
945 1483 1143 1592 beaucoup
1162 1483 1252 1591 plus
1278 1482 1440 1564 rbcente.
1462 1481 1567 1566 Nous
1588 1484 1781 1566 transani-

348 1644 445 1702 vons
459 1617 508 1700 ici
526 1617 564 1700 le
581 1619 670 1700 titre
682 1619 732 1700 de
749 1616 947 1728 l'ouunage
960 1627 998 1700 et
1014 1616 1053 1698 la
1071 1615 1175 1699 table
1193 1616 1261 1697 des
1275 1615 1465 1723 chapitnes
1482 1615 1552 1726 qui
1570 1628 1783 1728 manquent

352 1751 452 1834 dans
469 1749 642 1832 l'edition
656 1749 875 1858 imprimes.

403 1883 567 1966 Libellus
590 1881 659 1964 iste
680 1893 925 1993 nuncupatur
945 1880 1115 1964 Libellus
1132 1877 1284 1961 tristitie
1310 1891 1345 1960 et
1362 1879 1531 1978 doloris,
1556 1880 1727 1990 anqustie
1747 1895 1783 1964 et
1900 1865 1904 1876 ¹

356 2014 635 2113 tribulationis,
654 2015 875 2125 passionum
894 2025 930 2097 et
949 2026 1237 2110 tormentorun,·
1253 2013 1360 2121 cujas
1380 2012 1503 2095 libelli
1520 2015 1586 2096 bec
1603 2027 1689 2096 sunt
1705 2042 1781 2097 aa·

347 2146 514 2256 pilula.-

403 2286 456 2362 Ile
470 2278 662 2361 obsidione
682 2283 848 2363 Terdone
865 2281 914 2362 ab
931 2278 1161 2390 imperatore
1179 2277 1372 2360 Federieo.

404 2417 456 2493 lle
484 2412 565 2520 ejas
583 2413 834 2496 destructione
859 2411 975 2522 (lisez
1002 2408 1300 2521 constructione)
1329 2437 1356 2491 a
1380 2411 1717 2496 Mediolanensibus
1746 2429 1781 2497 et

349 2544 593 2626 Placentinis.
1139 2575 1141 2582 ⁴

403 2683 455 2760 Ile
474 2675 667 2758 laboribus
680 2688 715 2758 et
733 2675 907 2787 expensis
920 2675 961 2758 in
974 2675 1060 2786 ipsa
1077 2673 1228 2758 civitate
1248 2673 1520 2782 reedificanda.

403 2815 456 2890 lle
479 2807 753 2892 carntruatione
772 2811 976 2892 antrorum
1002 2811 1170 2891 locarunt
1183 2834 1210 2888 a
1227 2805 1579 2890 Mediolanensibus.

404 2947 456 3023 lle
473 2939 724 3023 destructione
740 2945 946 3022 multorum
960 2953 1171 3022 castrorum
1193 2953 1227 3021 e't
1244 2941 1412 3021 locorum
1425 2938 1627 3021 Placentia.

405 3079 456 3155 lle
475 3073 612 3154 castris
640 3073 746 3156 eirca
780 3072 939 3182 triqinta
956 3071 999 3154 in
1020 3073 1123 3154 ualle
1147 3075 1193 3152 de
1216 3077 1367 3180 lupono
1395 3100 1421 3152 a
1442 3071 1778 3158 Mediolanensibus

351 3205 473 3316 captis
493 3219 527 3287 et
546 3205 766 3287 construatis
782 3205 886 3313 (sia).
969 3239 971 3246 ·
1027 3221 1031 3230 '

403 3345 455 3420 lle
479 3337 655 3446 pentibus
677 3337 851 3422 mirabili
877 3365 946 3450 ope
974 3364 1089 3448 super
1115 3336 1281 3422 Ticinum
1307 3338 1529 3420 construatis
1560 3353 1595 3422 et
1617 3339 1730 3450 saetis
1753 3370 1778 3423 a

348 3468 700 3552 Mediolanensibus.

403 3607 455 3683 lle
480 3601 616 3682 eastris
639 3613 674 3682 et
699 3601 792 3684 locis
820 3601 934 3709 saetis
965 3629 991 3684 a
1017 3601 1353 3686 Mediolanensibus
1380 3601 1421 3682 in
1447 3603 1635 3685 lunilina
1663 3633 1777 3714 usqne

352 3737 632 3816 Graoadanum.
1496 3759 1498 3765 ’
1591 3721 1593 3724 ’

403 3873 455 3949 lle
471 3877 595 3946 castro
613 3869 658 3946 de
679 3865 859 3974 Vipeoana
878 3878 988 3976 capto
1003 3893 1028 3946 a
1046 3863 1397 3949 Mediolanensibus.

403 4005 455 4080 lle
469 3996 652 4078 militibus
670 4009 704 4078 et
715 3996 904 4107 peditibus
920 3997 1037 4107 Papia
1051 3997 1132 4105 sere
1147 3997 1313 4078 oneribus
1331 3996 1493 4107 captisa
1510 3999 1775 4084 Mediolanen-

347 4129 465 4210 sibus.

358 4279 1354 4298 mffl-mnu—-nm—-=n—n-ooe——-——na—
1367 4286 1487 4296 ‘nunu-u·-
1493 4287 1620 4298 —n—-nnos
1627 4289 1771 4300 -ι--ιοα

395 4367 446 4458 (1)
468 4368 494 4436 11
512 4375 561 4436 est
578 4367 706 4436 trident
722 4389 785 4457 que
802 4377 853 4436 eet
878 4377 1004 4455 auteur,
1020 4368 1124 4458 quelle
1147 4389 1208 4458 que
1225 4367 1272 4436 lut
1288 4369 1527 4460 l’ortbographe
1542 4369 1581 4438 de
1601 4391 1660 4438 son
1683 4391 1773 4452 nom,

349 4482 601 4551 calintensis.
621 4481 721 4552 Outre
735 4485 948 4571 l’inseription
972 4481 1131 4552 luntraire
1149 4483 1188 4550 de
1204 4483 1304 4564 l3ll‚
1321 4485 1401 4552 aitte
1421 4507 1481 4576 per
1500 4483 1637 4555 Calcbus
1651 4494 1683 4553 et
1700 4507 1776 4576 rep·

351 4600 463 4687 postte
481 4617 540 4685 par
557 4597 731 4677 Muratori,
748 4601 804 4667 tae.
823 4619 902 4682 nepe.
919 4601 985 4677 eia,
1000 4599 1140 4684 praefat,
1163 4620 1194 4687 p.
1215 4599 1315 4679 1170,
1331 4621 1412 4668 nous
1431 4620 1551 4690 voyons
1568 4619 1607 4666 on
1629 4599 1716 4670 1235
1732 4622 1775 4669 un

351 4712 445 4778 Guida
462 4713 497 4775 de
510 4714 614 4780 Raule,
629 4711 790 4792 Milanais‚
809 4713 929 4802 figuret
944 4711 1024 4779 dans
1041 4711 1134 4781 l’aate
1150 4711 1190 4781 de
1205 4715 1480 4783 reneuvellement
1496 4714 1536 4782 de
1549 4714 1580 4782 le
1594 4715 1679 4804 ligue
1693 4715 1778 4784 lom·

350 4821 728 4912 barde.Cl.lrlum0u1,
750 4831 853 4911 Antia.
875 4829 948 4894 Ital.
967 4827 1043 4894 med.
1057 4829 1135 4909 aeui,
1149 4836 1173 4896 t.
1193 4829 1247 4916 lv,
1263 4851 1294 4918 p.
1314 4828 1392 4898 331.
