4568 6064
614 647 677 707 tlt
1089 653 1329 716 canonicos
1353 655 1404 714 DE
1429 653 1559 715 ancus

614 792 648 855 et
666 784 841 856 exercitus
860 784 991 858 domini
1016 789 1108 883 regis
1123 790 1237 862 Karoli
1253 790 1313 884 qni
1339 813 1401 885 per
1418 801 1485 862 tres
1501 811 1637 876 menses
1659 799 1694 861 et
1716 789 1793 884 plus
1809 790 1845 860 in
1862 791 1931 862 illis
1948 809 2033 862 con·

613 908 729 980 tractis
745 917 909 980 steterant
924 920 1013 983 retro
1029 934 1067 984 se
1082 913 1161 984 lecit
1177 923 1212 986 et
1232 915 1372 986 recessit
1390 914 1540 1008 penitus.

662 1034 712 1104 De
727 1055 846 1104 mense
857 1035 935 1126 julii
953 1037 1111 1129 proximo
1127 1039 1288 1132 preterito
1301 1037 1465 1110 dominns
1480 1059 1571 1132 papa
1585 1036 1694 1108 movit
1709 1058 1747 1108 se
1758 1037 1804 1109 de
1816 1036 1909 1108 Urbe
1920 1037 2033 1108 Veteri

614 1156 675 1227 ubi
692 1166 766 1227 erat
783 1178 860 1226 cum
882 1166 952 1230 tota
973 1160 1070 1231 curia
1084 1181 1147 1232 sua
1163 1171 1198 1233 et
1216 1161 1312 1232 venit
1333 1163 1537 1234 Florentiam
1556 1169 1591 1232 et
1605 1159 1725 1232 habito
1748 1160 1996 1254 compromisso
2015 1181 2036 1231 a

614 1277 742 1350 Guellis
759 1289 793 1350 et
815 1301 835 1350 a
854 1281 1012 1352 Gibilinis
1031 1282 1076 1354 de
1093 1283 1269 1356 Florencia
1293 1285 1370 1354 tulit
1392 1285 1604 1356 sentenciam
1632 1283 1801 1354 intereos
1828 1283 1953 1354 malam
1974 1304 2036 1377 pro

615 1401 774 1473 Gibilinis
799 1403 860 1496 qui
888 1414 986 1476 erant
1010 1415 1109 1476 extra
1131 1408 1355 1478 Florsnciam.
1375 1407 1517 1479 Ossides
1535 1415 1570 1478 et
1592 1415 1703 1478 castra
1726 1405 1956 1477 Gibilinorum
1979 1427 2035 1478 ac·

616 1525 707 1618 cepit
724 1535 759 1597 et
775 1526 873 1599 dedit
891 1527 926 1598 in
945 1528 1052 1600 loreia
1067 1529 1199 1600 domini
1218 1531 1309 1624 regis
1334 1530 1448 1604 Karoli
1471 1539 1505 1601 et
1518 1529 1622 1622 jussit
1640 1527 1806 1600 Gibilinos
1825 1537 1917 1601 stare
1938 1538 2036 1602 extm

615 1649 789 1720 civitatem
810 1651 977 1722 Florentia
992 1651 1169 1742 godiendo
1185 1675 1247 1724 sua
1265 1654 1356 1725 bona
1373 1675 1484 1748 usque
1502 1653 1548 1724 ad
1569 1653 1689 1726 decem
1705 1673 1826 1724 annos.
1848 1651 1981 1724 Deinde
2000 1673 2037 1724 se

615 1774 723 1844 movit
737 1794 815 1844 cum
831 1783 900 1845 tota
921 1776 1017 1846 curie
1037 1786 1071 1846 et
1087 1777 1184 1848 venit
1209 1777 1254 1848 ad
1270 1778 1429 1849 Sanctam
1449 1776 1592 1848 Crucem
1608 1797 1714 1869 prope
1728 1777 1917 1848 Bononiam
1935 1776 2036 1847 stibi

615 1895 738 1969 habuit
759 1919 919 1992 magnam
941 1897 1176 1970 infirmitatem
1200 1909 1234 1972 et
1251 1901 1344 1971 stetit
1364 1900 1412 1970 ibi
1433 1898 1607 1992 usquead
1627 1900 1660 1970 X
1681 1896 1756 1970 dies
1780 1908 1931 1970 exeunte
1953 1919 2036 1994 sep-

616 2021 758 2093 tembre.
786 2021 919 2093 Deinde
942 2021 1062 2092 habita
1090 2023 1359 2095 convalexencia
1392 2022 1438 2095 de
1468 2043 1614 2116 persona
1641 2043 1679 2094 se
1704 2021 1813 2095 mouit
1838 2032 1874 2094 et
1895 2021 2037 2093 intravit

615 2145 874 2232 lombardiam,
892 2156 926 2216 et
945 2146 1140 2217 successive
1157 2148 1302 2218 refertur
1323 2167 1428 2241 super
1450 2166 1561 2239 equos
1575 2145 1620 2218 de
1635 2145 1711 2216 loco
1728 2143 1776 2216 ad
1794 2145 1907 2216 locum
1932 2165 2037 2218 causa

615 2268 722 2341 cundi
739 2268 957 2360 legadinum
978 2270 1036 2340 ubi
1057 2270 1174 2340 statuit
1191 2271 1302 2342 lacere
1322 2269 1503 2340 consilium
1524 2290 1646 2361 regum
1666 2279 1701 2340 et
1721 2267 1891 2340 baronum
1906 2277 1942 2342 et
1955 2291 2038 2364 pre·

615 2393 762 2464 latorum
777 2391 822 2464 de
841 2395 929 2464 ultra
948 2393 1141 2480 montibus,
1161 2415 1264 2464 causa
1284 2391 1433 2464 laciendi
1456 2391 1636 2462 transitum
1656 2392 1746 2463 ultra
1763 2414 1859 2464 mure
1877 2392 1913 2463 in
1930 2413 2038 2464 recn-

617 2517 794 2611 peratione
807 2519 907 2589 Terre
927 2518 1063 2588 Sancte.
1081 2515 1143 2586 Die
1157 2517 1240 2587 lune
1255 2517 1284 2586 ll
1304 2515 1431 2586 mensis
1447 2513 1601 2587 octubris
1625 2515 1659 2584 in
1676 2514 1762 2586 bora
1776 2516 1881 2586 tercie
1897 2514 2039 2586 intravit

560 2623 563 2628 ⁵
617 2640 822 2712 Placentiam
846 2649 879 2712 et
907 2637 1020 2710 statim
1047 2639 1141 2710 misit
1163 2638 1306 2710 domino
1330 2638 1445 2710 comiti
1469 2637 1634 2708 Ubertino
1659 2636 1705 2708 de
1727 2637 1846 2709 Laudo
1872 2658 1954 2708 suas
1979 2637 2038 2708 lit-

618 2772 707 2835 teras
731 2762 881 2836 fidancie
896 2784 1008 2856 usque
1032 2760 1079 2833 ad
1101 2760 1228 2834 Xdies
1257 2771 1295 2831 ut·
1316 2783 1438 2832 secure
1459 2760 1565 2855 possit
1590 2761 1640 2850 ire
1667 2759 1712 2832 ad
1739 2781 1820 2832 eum
1846 2769 1882 2831 et
1908 2769 2037 2832 cartam

620 2885 768 2959 lidancie
783 2886 958 2981 potestatis
975 2896 1009 2956 et
1024 2884 1194 2980 capitanei
1213 2885 1406 2956 communis
1420 2884 1591 2955 Placentia
1605 2893 1639 2956 et
1654 2905 1736 2956 sues
1755 2884 1880 2956 milites
1895 2885 2037 2956 obviam

620 3011 653 3081 ei
673 3019 711 3081 ut
728 3011 842 3104 ipsum
854 3011 1084 3084 adsociarent.
1096 3010 1218 3082 Comes
1235 3030 1318 3080 vero
1335 3030 1403 3079 non
1416 3018 1491 3080 erat
1506 3010 1541 3078 in
1556 3009 1661 3103 Papia
1670 3009 1733 3082 sed
1746 3018 1820 3080 erat
1831 3008 1878 3081 ad
1887 3009 2036 3098 Petram,

620 3145 656 3205 et
681 3134 765 3206 visis
783 3135 901 3206 litteris
917 3134 1048 3207 domini
1073 3155 1164 3230 pape
1180 3143 1214 3206 et
1232 3133 1426 3205 communis
1444 3133 1616 3204 Placentia
1631 3135 1750 3205 statuit
1768 3135 1819 3206 ire
1838 3135 1873 3204 in
1891 3133 2039 3206 Placen-

621 3259 704 3330 tiam
727 3258 784 3332 die
804 3259 939 3331 veneris
955 3258 1130 3352 sequenti;
1156 3279 1228 3352 qno
1252 3257 1372 3330 audito
1398 3278 1460 3352 per
1484 3257 1663 3329 Albertum
1686 3255 1732 3329 de
1751 3259 1905 3329 Fontana
1922 3265 1957 3329 et
1985 3278 2040 3329 se·

619 3405 747 3477 quaces
771 3385 847 3476 ejus
864 3384 976 3455 taliter
993 3383 1242 3455 ordinaverunt
1258 3403 1338 3453 cum
1361 3381 1501 3454 domino
1522 3381 1670 3454 lieberto
1688 3381 1734 3453 de
1751 3383 1890 3454 Lavena
1911 3391 1947 3453 et
1968 3380 2039 3452 du·

620 3508 714 3579 mino
734 3507 911 3579 Octobono
926 3506 1091 3580 cardinali
1116 3505 1211 3598 quod
1228 3506 1389 3579 dominus
1414 3526 1506 3600 papa
1525 3505 1584 3578 die
1601 3505 1738 3577 veneris
1755 3527 1826 3600 qua
1844 3525 1960 3578 comes
1985 3505 2037 3576 ire

620 3632 783 3725 debebat,
801 3633 970 3705 transiens
988 3631 1119 3704 Padum
1138 3631 1202 3702 ivit
1218 3631 1391 3720 Laudem,
1409 3629 1538 3703 deinde
1555 3630 1613 3703 die
1628 3629 1802 3703 dominico
1820 3631 1895 3702 vllt
1910 3631 2040 3702 mensis

620 3757 773 3829 octubris
786 3757 927 3828 intravit
939 3755 1188 3845 Mediolanum,
1204 3764 1238 3826 et
1249 3754 1366 3827 habita
1382 3753 1532 3826 lidancia
1549 3753 1711 3827 dominus
1726 3775 1842 3826 comes
1860 3752 2041 3850 predictus

621 3903 642 3952 a
658 3881 833 3952 communi
850 3879 1033 3952 Mediolani
1051 3889 1084 3950 et
1103 3901 1124 3950 a
1143 3878 1283 3950 domino
1300 3899 1390 3973 papa
1410 3877 1492 3949 illuc
1512 3877 1576 3948 ivit
1593 3899 1673 3950 oum
1690 3879 1736 3948 vl
1757 3877 2041 3950 ambasiatoribus

621 4005 813 4076 communis
829 4004 934 4098 Papie
951 4029 959 4073 :
978 4012 1092 4074 tamen
1113 4003 1148 4073 in
1166 4002 1361 4074 Mediolano
1380 4023 1449 4074 non
1466 4001 1577 4094 potuit
1593 4002 1687 4094 loqui
1708 4000 1849 4074 domino
1869 4023 1959 4096 pape
1978 3999 2040 4095 qni

621 4125 781 4218 diejovis
795 4127 945 4222 proximi
961 4147 998 4199 se
1016 4125 1125 4196 movit
1140 4123 1185 4196 de
1203 4125 1398 4198 Mediolano
1416 4133 1451 4196 et
1468 4124 1532 4196 ivit
1547 4124 1594 4197 ad
1612 4124 1870 4198 Morimundum
1889 4124 1937 4197 ad
1955 4124 2041 4197 bos-

622 4251 817 4346 pitandum,
829 4262 862 4322 ct
879 4251 1043 4323 dominus
1054 4271 1169 4322 comes
1187 4249 1342 4342 sequitur
1355 4270 1436 4321 oum
1450 4269 1533 4320 cum
1548 4247 1835 4321 ambaxatoribus
1846 4247 2040 4321 communis

622 4369 727 4465 Papie
739 4391 843 4442 causa
853 4369 1017 4464 loquendi
1030 4367 1114 4450 sibi;
1129 4368 1189 4462 qui
1203 4367 1365 4438 dominus
1374 4366 1508 4462 papain
1518 4367 1766 4460 temporalibus
1776 4367 1948 4462 proximis
1960 4387 2040 4461 pro·

622 4515 689 4565 nus
700 4491 1009 4592 (illecitquinqne
1025 4491 1239 4564 cardinales:
1256 4491 1387 4563 scilicet
1398 4490 1578 4563 dominum
1591 4491 1855 4564 Vioedominum
1872 4490 2040 4585 archiepi-

627 4667 1146 4685 ba—-n—m-m—-affl--a-..a
1155 4673 1288 4681 ----..--
1293 4673 1319 4680 ..-

659 4765 695 4838 lt)
715 4765 751 4821 Le
765 4767 836 4820 texte
848 4762 884 4819 du
900 4763 1047 4820 manuscrit
1058 4767 1101 4820 est
1113 4762 1247 4820 douteux:
1261 4777 1295 4820 on
1308 4760 1377 4817 lirait
1387 4759 1476 4834 piutdt
1487 4760 1576 4832 pretia
1585 4775 1619 4817 ou
1632 4762 1722 4833 procis
1733 4775 1803 4834 pour
1814 4759 1954 4834 procliuia.
1966 4759 2039 4816 Nous
