4534 6074
685 663 925 727 (lllRONlCON
951 663 1255 728 Paecautluutt.
1641 659 1681 720 75

266 888 315 958 lle
336 905 420 980 poce
442 893 475 956 et
491 880 663 954 rocetta
682 881 774 974 sacto
793 882 881 954 inter
905 882 1135 974 imperatorem
1151 889 1184 950 et
1205 877 1406 950 Loralrordos
1427 897 1490 969 per
1514 898 1683 948 summum

871 1005 1074 1098 pontificem.

316 1185 365 1260 bl.
382 1183 447 1256 CC.
462 1181 593 1274 XXVI,
611 1179 802 1254 indictione
821 1180 896 1268 XV,
918 1179 964 1253 de
985 1201 1104 1252 mense
1121 1178 1292 1266 octubris,
1309 1176 1415 1270 legati
1440 1175 1567 1246 summi
1591 1196 1688 1270 pon-

271 1307 374 1380 tilicis
398 1329 480 1379 cnm
507 1305 641 1380 domini
667 1305 714 1375 im
737 1301 743 1400 Ι
767 1305 929 1398 peratoris
958 1303 1091 1374 nuntiis
1112 1300 1353 1374 Lombardiam
1371 1299 1551 1389 intrantes,
1572 1308 1688 1371 ructo-
1713 1319 1880 1365 nuptm.

273 1433 370 1504 ribus
409 1430 582 1503 societatis
609 1426 815 1499 Lombardie
839 1436 873 1500 et
902 1427 1178 1520 uniuscnjusque
1204 1423 1352 1496 civitatis
1389 1422 1615 1517 potestatibus
1642 1443 1690 1494 err

269 1565 369 1652 parte
395 1553 523 1627 summi
555 1549 730 1648 pontificis
756 1549 984 1646 precipientes
1019 1560 1060 1621 ut
1087 1549 1134 1622 ad
1166 1551 1243 1641 ejus
1276 1548 1482 1643 presentiam
1512 1566 1577 1642 pro
1611 1543 1690 1617 dis-

271 1678 392 1753 cordia
416 1697 523 1772 qnam
549 1697 628 1746 cum
659 1675 864 1769 imperatore
891 1673 1068 1746 habebant
1093 1673 1259 1749 accedere
1280 1671 1459 1745 deberent.
1484 1670 1691 1743 Communi-

272 1811 349 1874 cato
364 1820 448 1872 vero
462 1797 638 1887 conscilio,
652 1799 782 1890 legatos
800 1797 892 1868 viros
908 1795 1045 1868 nobiles
1058 1807 1094 1868 et
1108 1795 1297 1892 prudentes
1315 1795 1362 1868 ad
1379 1795 1505 1866 summi
1520 1793 1692 1889 pontificis

273 1925 486 2016 majestatem
513 1921 646 1992 mittere
669 1928 876 1991 statuerunt.
909 1923 960 1992 De
986 1941 1106 1992 mense
1127 1929 1244 1993 antem
1268 1919 1465 1991 novembris
1493 1918 1559 2013 ipsi
1586 1918 1692 2012 legati

273 2046 465 2120 Bononiam
487 2042 709 2133 accedentes,
729 2040 860 2115 ibidem
884 2063 922 2116 se
946 2052 1170 2139 expectantes
1192 2061 1319 2116 omnes·
1333 2063 1371 2115 se
1393 2043 1690 2117 coadunaverunt.

273 2169 339 2242 llie
356 2168 533 2243 dominico
551 2187 644 2240 nono
666 2165 833 2240 kalendas
851 2165 1045 2240 decembris
1059 2166 1123 2264 (l),
1144 2167 1209 2239 itcr
1235 2187 1355 2240 corum
1380 2165 1623 2262 proficiscendi
1647 2164 1694 2238 ad

273 2295 465 2366 Romanam
482 2291 615 2364 curiam
628 2290 851 2379 direxerunt3
872 2291 933 2384 qul
953 2313 1127 2364 asumma
1152 2289 1314 2386 pontifice
1334 2299 1369 2363 et
1387 2293 1575 2364 allomane
1600 2291 1695 2364 curie

278 2415 515 2490 cardinalibus
535 2423 640 2508 atque
657 2413 742 2485 viris
760 2413 938 2487 nobilibus
952 2425 988 2487 et
1013 2415 1233 2510 magnatibus
1260 2415 1357 2486 urbis
1382 2415 1489 2488 Rome
1513 2413 1695 2508 magnilica

278 2547 314 2612 et
334 2537 497 2610 decenter
514 2539 654 2608 luerunt
675 2537 817 2632 recepti.
843 2539 893 2609 De
911 2559 1030 2610 mense
1051 2560 1136 2612 veru
1155 2537 1331 2612 decembri
1360 2559 1431 2632 pax
1454 2547 1489 2608 et
1512 2539 1696 2610 concordia

279 2661 370 2734 lucta
386 2661 451 2732 luit
467 2681 528 2754 per
543 2681 719 2732 summum
739 2659 934 2755 pontificem
948 2663 1039 2734 inter
1054 2663 1293 2759 imperatorem
1311 2673 1347 2734 et
1363 2663 1456 2756 ipsos
1472 2661 1694 2734 lombardos.

326 2784 375 2856 lt.
391 2783 455 2856 CC.
472 2785 600 2876 XXVI,
623 2783 812 2858 indictione
826 2783 969 2876 XV,·de
985 2809 1104 2860 mense
1127 2787 1307 2876 februarii,
1325 2786 1511 2860 Placentini
1530 2787 1700 2880 eligerunt

280 2907 317 2978 in
351 2915 553 3002 potestatem
594 2907 777 2980 dominum
812 2907 1006 2982 Gnidonem
1041 2910 1086 2984 de
1118 2909 1313 2984 landriano
1352 2909 1465 2982 civem
1499 2908 1697 2983 Mediolani.

280 3031 344 3104 Die
366 3031 487 3103 martis
510 3031 652 3103 intravit
674 3032 711 3102 in
734 3031 904 3125 regimine
921 3033 1030 3128 ipsius
1048 3033 1210 3106 civitatis.
1231 3033 1295 3105 Die
1312 3031 1405 3126 jovis
1425 3033 1516 3105 Xllll
1536 3032 1701 3106 kalendae

282 3154 402 3250 aprilis
431 3155 519 3226 obiit
544 3175 636 3250 papa
658 3155 851 3244 Honorius,
868 3168 904 3228 et
936 3159 1092 3230 elevatus
1121 3157 1187 3230 luit
1209 3179 1301 3252 papa
1331 3157 1516 3249 Gregorius
1541 3157 1604 3251 qui
1630 3165 1702 3230 erat

282 3287 366 3350 tnnc
383 3279 549 3373 temporis
568 3277 754 3350 cardinalis
774 3289 809 3351 et
825 3277 1007 3352 dicebatur
1023 3281 1217 3374 Hngolinus
1233 3281 1418 3376 episcopus
1437 3281 1481 3353 de
1495 3281 1625 3352 Hostia.

331 3403 378 3476 Μ.
394 3401 458 3474 CC.
473 3402 598 3474 XXVII
626 3399 678 3498 (2)
704 3401 894 3474 Placentini
916 3403 1091 3494 eligerunt
1110 3403 1147 3475 in
1168 3412 1368 3498 potestatem
1387 3414 1421 3476 et
1442 3413 1607 3476 rectorem
1634 3403 1702 3476 do·

283 3525 418 3597 minum
438 3525 634 3598 Abiaticum
652 3525 891 3599 Marcellinum
910 3525 1026 3600 virum
1049 3525 1199 3598 nobilem
1225 3535 1260 3599 et
1284 3525 1490 3622 prudentem
1513 3527 1609 3599 urbis
1625 3527 1703 3602 lte-

285 3645 431 3737 diolani,
452 3647 513 3742 qui
530 3657 653 3721 octavo
672 3649 800 3721 mensis
822 3648 935 3721 martii
953 3649 1095 3722 intravit
1110 3648 1146 3719 in
1162 3649 1331 3742 regimine
1347 3649 1497 3725 civitatis
1515 3651 1699 3726 Placentia.

285 3874 335 3944 De
355 3873 473 3946 itinere
494 3875 583 3965 sacto
604 3875 647 3946 ob
669 3877 868 3968 imperatore
893 3877 986 3950 ultro
1004 3899 1098 3950 mure
1123 3887 1156 3950 ct
1173 3877 1214 3950 de
1239 3879 1467 3952 annuemus·
1492 3881 1703 3956 rurititrtdiac

333 3995 483 4068 uirorurm
508 3997 694 4070 bellicorum
715 3999 894 4074 coadunati
910 3997 989 4098 (sie)
1008 4001 1101 4097 opud
1120 4001 1370 4096 Brutudueirtm,
1391 4005 1504 4098 prditus
1524 4007 1705 4102 imperator

334 4119 444 4192 notuit
462 4119 544 4191 darc
563 4123 753 4194 transitum.

336 4293 609 4388 tt.CC.xxv1,
630 4297 780 4372 Honorio
802 4321 893 4395 papa
916 4301 1086 4376 existente
1108 4299 1172 4402 [in]
1190 4304 1357 4398 Ecclesia,
1379 4305 1524 4401 Rogerio
1539 4309 1704 4384 Federiou

285 4415 519 4490 Romanorum
545 4419 750 4516 imperatore
774 4433 960 4514 regnante,
980 4424 1103 4500 eodem
1124 4435 1278 4523 tempore
1305 4450 1392 4522 gens
1415 4434 1641 4507 transmarina
1670 4445 1706 4507 et

287 4579 396 4592 ‘²-

324 4665 360 4738 (t)
380 4665 416 4722 le
430 4670 447 4723 9
459 4667 508 4725 des
521 4668 647 4727 kalendas
661 4670 696 4728 de
708 4671 851 4730 dtoenbre
863 4675 908 4747 lit
922 4675 1076 4750 novembre)
1091 4675 1206 4734 tombait
1221 4693 1259 4735 rm
1272 4677 1356 4736 lundi.

325 4761 366 4833 (2)
385 4761 498 4836 lls’agit
508 4763 543 4820 ici
554 4765 589 4822 de
600 4764 653 4823 l'rn
667 4770 1066 4846 rrrs,oommap1ushautde
1079 4773 1223 4836 l’aulit'l.
