4568 6064
600 655 660 716 382
1072 655 1313 719 cunottlcott
1338 660 1390 720 DE
1414 659 1543 722 REBUS

600 789 717 862 martis
733 791 808 862 vltl
823 791 951 862 mensis
970 789 1061 882 junii
1078 793 1217 884 Zagnns
1239 793 1285 868 de
1301 795 1417 868 Monte
1433 797 1552 891 Pingio
1570 807 1605 869 et
1619 797 1769 870 Iovmns
1792 797 1883 870 filius
1898 799 2017 894 Egidii

600 914 644 987 de
665 914 764 986 Petra
782 912 943 985 Cravuna
966 935 1046 986 cum
1064 915 1140 987 aliis
1163 915 1209 988 de
1231 919 1445 992 Zavatarollo
1467 920 1593 992 furtive
1614 920 1659 994 de
1686 931 1786 992 nocte
1810 921 2016 992 circa-diam

599 1037 814 1108 intraverunt
839 1037 877 1106 in'
901 1044 1048 1109 castrum
1080 1035 1126 1109 de
1146 1039 1261 1113 Monte
1286 1041 1405 1136 Piogio
1426 1042 1601 1136 capientes
1628 1040 1736 1111 filium
1760 1041 1946 1114 Lombardi
1973 1043 2017 1116 de

599 1159 766 1232 Vixirano
782 1160 843 1252 qui
858 1159 907 1230 ibi
932 1169 1005 1232 erat
1023 1181 1085 1255 pro
1109 1162 1289 1255 capitaneo
1314 1183 1375 1258 pro
1400 1163 1574 1236 communi
1591 1163 1784 1252 Placentie;
1804 1165 1841 1235 in
1863 1187 1935 1258 quo
1956 1165 2017 1240 ba·

599 1281 750 1354 buerunt
764 1281 871 1354 DCCC
883 1282 1011 1354 bestias
1027 1283 1177 1356 minutas
1195 1295 1230 1356 et
1243 1285 1302 1356 LX
1321 1285 1468 1358 bovinas
1485 1307 1573 1381 quas
1594 1288 1772 1360 duxerunt
1794 1287 1840 1362 ad
1866 1291 2017 1363 Zavata-

599 1406 741 1496 rellum;
758 1404 805 1478 ad
822 1403 919 1498 quod
939 1404 1214 1500 expugnandum
1235 1408 1479 1501 equitaverunt
1497 1409 1623 1482 milites
1647 1409 1708 1502 qui
1730 1422 1965 1484 remanserant
1979 1413 2016 1484 in

599 1529 773 1603 Placentia
794 1537 829 1601 et
844 1539 937 1601 totus
964 1531 1115 1624 populus
1132 1531 1233 1603 Porto
1248 1531 1345 1604 Nove
1362 1541 1396 1604 et
1413 1543 1510 1627 porte
1530 1533 1716 1606 Mediolani
1739 1544 1775 1606 et
1796 1535 2016 1630 postmodnm

600 1663 692 1727 totus
711 1654 859 1748 populus
877 1663 975 1748 porto
995 1655 1119 1726 Sancte
1135 1655 1274 1748 Brigide
1292 1667 1326 1728 ct
1350 1668 1446 1750 porte
1463 1657 1649 1749 Gariverti‚
1664 1667 1698 1730 et
1715 1657 1797 1730 data
1816 1660 2017 1732 ossiditione

600 1777 650 1848 illi
665 1785 823 1848 rastroet
841 1786 972 1847 sturmo
997 1787 1072 1847 orta
1090 1786 1143 1848 est
1164 1775 1338 1850 discordia
1356 1778 1444 1851 inter
1460 1781 1617 1872 Zagnum
1638 1779 1683 1852 de
1704 1781 1820 1854 Monta
1839 1783 1958 1874 Piogio
1983 1793 2019 1854 et

600 1902 769 1974 Lovatnm
795 1897 841 1972 de
857 1899 956 1970 Petra
974 1899 1132 1972 Cravuna
1153 1910 1291 1994 propter
1316 1903 1567 1997 parlamentum
1589 1901 1687 1996 qnod
1704 1903 1778 1997 ipse
1798 1904 1950 1976 Lovatus
1971 1905 2018 1976 la·

601 2032 696 2097 cerat
723 2024 781 2096 illc
803 2022 862 2095 die
885 2031 1005 2095 contra
1034 2023 1249 2096 voluntatem
1277 2023 1361 2096 dicti
1390 2026 1497 2119 Zagni
1524 2047 1604 2097 cum
1627 2024 1705 2098 filiis
1730 2026 1827 2118 Nigri
1850 2027 1960 2100 liubai
1984 2037 2019 2098 et

601 2149 706 2222 Osato
728 2147 773 2220 de
798 2147 967 2238 Fontana,
996 2147 1079 2242 quia
1106 2147 1180 2242 ipse
1204 2149 1354 2220 Lovatus
1375 2149 1514 2221 volebat
1536 2150 1634 2222 exiro
1660 2149 1705 2222 da
1732 2151 1849 2222 banno
1874 2159 1910 2221 et
1935 2151 2018 2224 dara

601 2275 715 2346 locum
732 2271 908 2344 communi
932 2271 1117 2344 Placentia.
1139 2270 1239 2344 Unde
1268 2272 1383 2344 dietus
1406 2275 1543 2366 Zagnus
1564 2273 1650 2346 clam
1677 2283 1777 2347 nocte
1799 2275 1911 2346 silenti
1937 2295 2018 2346 oum

601 2399 675 2471 suis
701 2396 932 2469 servientibus
955 2395 1084 2489 quibus
1105 2393 1308 2488 displicebat
1326 2396 1556 2490 colloquium,
1581 2398 1690 2468 fracto
1710 2418 1810 2470 muro
1834 2397 1937 2470 castri
1959 2396 2018 2468 ubi

601 2531 675 2594 erat
692 2543 802 2592 unum
819 2519 1021 2612 sagiarium,
1043 2520 1202 2592 roccessit
1216 2529 1250 2591 et
1262 2519 1410 2613 auffugit
1428 2519 1474 2592 de
1491 2521 1566 2614 ipso
1585 2529 1697 2592 castro
1716 2541 1822 2590 sanus
1837 2531 1873 2592 et
1883 2521 2015 2609 salvus,

601 2645 710 2718 inscio
734 2647 865 2717 Lovato
883 2645 949 2716 isto
969 2644 1030 2738 qui
1052 2643 1245 2715 custodiam
1271 2644 1418 2716 iaciebat
1435 2665 1513 2715 cum
1531 2643 1603 2715 suis
1628 2665 1691 2738 per
1716 2653 1840 2715 sortem
1865 2643 2018 2737 quesibi

602 2769 787 2842 acciderat.
814 2767 882 2853 Qui
903 2769 1043 2862 Zagnns
1060 2789 1139 2838 cum
1158 2767 1222 2838 luit
1239 2789 1260 2840 a
1277 2767 1379 2860 longe
1397 2767 1535 2840 sonavit
1556 2768 1726 2855 tubetam,
1744 2779 1779 2838 et
1793 2769 1844 2840 sic
1864 2767 1938 2862 ipse
1953 2769 2017 2841 Lo·

602 2903 705 2968 vetus
722 2892 941 2988 perpendens
961 2891 1006 2964 de
1026 2893 1115 2965 facto
1137 2891 1199 2963 ivit
1215 2889 1261 2964 ad
1277 2891 1485 2964 ccrcandum
1503 2893 1563 2964 ubi
1580 2904 1654 2965 erat
1676 2897 1812 2986 Zagnns
1828 2901 1865 2964 et
1876 2915 1946 2964 non
1966 2893 2019 2964 in·

602 3019 700 3092 venit
716 3039 796 3089 eum
812 3039 877 3088 nec
894 3017 1083 3089 servientes
1099 3017 1187 3108 ejus,
1210 3025 1244 3087 et
1260 3015 1311 3086 sic
1330 3015 1404 3110 ipse
1420 3017 1570 3090 Lovatus
1592 3017 1682 3088 sicut
1701 3017 1825 3087 stultus
1844 3016 2016 3089 cridavit:

606 3143 761 3215 «Venite
774 3151 807 3213 et
821 3141 928 3212 tollite
942 3151 1092 3213 castrum
1110 3165 1151 3228 n,
1169 3149 1204 3212 et
1222 3141 1271 3212 sio
1287 3150 1377 3211 totus
1399 3141 1572 3212 exercitus
1586 3141 1651 3212 tuit
1671 3141 1717 3214 ad
1731 3161 1827 3212 arma
1840 3150 1875 3212 et
1891 3141 2022 3214 babue-

603 3277 685 3340 runt
702 3283 849 3340 castrum
866 3275 901 3336 et
917 3273 1082 3360 ceperunt
1095 3265 1209 3358 ipsum
1227 3265 1395 3336 Lovatnm
1411 3274 1446 3336 et
1462 3265 1537 3335 Vlll
1558 3286 1638 3336 cum
1659 3285 1702 3336 eo
1721 3285 1809 3358 quos
1831 3264 2021 3358 suspende-

603 3403 686 3464 runt
703 3401 738 3464 et
758 3393 883 3463 multos
909 3397 1075 3484 ceperunt
1093 3389 1150 3460 illa
1173 3398 1273 3460 nocte
1297 3410 1385 3483 quus
1408 3409 1529 3460 omnes
1551 3387 1753 3460 occiderunt
1768 3386 1826 3460 die
1844 3389 1965 3460 martis
1985 3389 2021 3459 in

605 3525 705 3590 nocte
721 3517 784 3588 XV
797 3515 889 3608 junii
907 3524 941 3586 et
958 3515 1071 3586 locum
1092 3511 1348 3584 combuxerunt
1362 3533 1432 3584 non
1448 3513 1539 3585 serio
1557 3511 1621 3585 sed
1639 3511 1894 3604 ignorantibus.

653 3641 716 3713 Die
734 3640 872 3712 veneris
895 3638 972 3709 XVl
991 3637 1118 3708 mensis
1132 3635 1229 3726 julii,
1258 3635 1412 3708 marchio
1437 3637 1664 3709 Montisfcrati
1682 3645 1776 3708 stans
1794 3659 1875 3708 cum
1894 3657 2022 3728 magno

605 3764 761 3838 exercitu
797 3763 834 3833 in
867 3761 1068 3833 ossiditione
1096 3759 1283 3832 Castellacii
1314 3760 1359 3833 de
1388 3757 1601 3832 Alexandria
1629 3760 1685 3832 siti
1713 3761 1815 3852 Juxta
1845 3760 2022 3831 civitatem

605 3887 817 3962 Alexandria
836 3909 898 3982 per
916 3887 976 3957 llll
995 3886 1141 3958 miliaria
1163 3885 1198 3955 in
1214 3907 1284 3978 quo
1298 3907 1378 3980 pars
1396 3886 1533 3956 illorum
1557 3886 1602 3958 do
1617 3885 1726 3958 Puteo
1744 3883 1790 3958 de
1808 3885 2023 3958 Alexandria

605 4011 816 4109 guerriando
837 4011 1012 4084 civitatem
1037 4031 1075 4081 se
1094 4009 1329 4097 reduxerunt,
1353 4009 1568 4082 trabucando
1591 4009 1706 4104 ipsum
1725 4009 1848 4080 habuit
1872 4018 2023 4082 castrum

605 4147 640 4211 et
657 4136 816 4210 homines
830 4133 877 4208 ad
892 4155 989 4205 suam
1008 4133 1220 4205 voluntatem
1242 4153 1322 4204 cum
1344 4133 1446 4204 certis
1463 4132 1572 4227 pactis
1596 4141 1631 4204 et
1654 4131 1948 4223 condictionibus,
1975 4132 2022 4202 ita

606 4260 703 4358 quod
723 4261 886 4334 dominns
909 4269 961 4332 est
981 4256 1213 4346 Alexandria,
1233 4267 1267 4328 et
1290 4257 1440 4351 acceptis
1462 4255 1665 4330 obscidibus
1687 4256 1824 4328 illorum
1847 4256 1892 4329 de
1916 4257 2024 4328 Puteo

605 4407 767 4459 reversus
779 4393 831 4456 est
848 4385 884 4454 in
900 4381 1169 4470 Alexandriam,
1189 4379 1317 4454 deinde
1333 4380 1540 4453 Terdonam.

654 4510 716 4582 Die
723 4509 817 4602 j0vis
830 4507 951 4581 XVllll
965 4505 1094 4578 mansis
1107 4505 1246 4598 augusti
1261 4505 1418 4577 homines
1431 4503 1587 4576 Terdone
1604 4503 1787 4596 tractatim,
1804 4517 1899 4576 stans
1909 4501 2022 4574 domi·

605 4657 673 4707 nus
690 4633 843 4706 marchio
863 4630 1087 4705 Montislerati
1114 4631 1150 4702 in
1172 4629 1312 4702 civitate
1335 4627 1441 4720 Albe,
1461 4627 1714 4700 rebellaverunt
1736 4649 1774 4700 aa
1791 4637 1825 4699 et
1846 4627 2020 4699 civitatem

605 4757 763 4832 Terdune
792 4755 859 4852 ipsi
889 4755 1030 4828 domino
1061 4753 1251 4827 marchioni
1277 4751 1486 4848 expellendo
1514 4750 1695 4825 dominum
1724 4751 1944 4823 Guillelmum
1978 4749 2024 4824 de
