4534 6074
793 685 835 745 llll
859 684 1002 746 trxttlt
1026 683 1177 746 cestra
1638 681 1697 754 113

276 817 351 890 cius
368 815 547 890 districtus
562 839 682 891 eornm
699 841 779 891 cum
798 821 961 894 omnibus
984 817 1258 916 possessionibus
1271 826 1306 890 et
1317 817 1423 890 rebus
1435 837 1555 890 corum
1573 839 1697 890 manu·

277 953 394 1012 tenere
419 949 455 1012 et
480 939 656 1013 custodire
680 942 818 1035 utique,
848 951 883 1014 et
907 941 1004 1036 quod
1028 962 1096 1014 non
1121 949 1236 1037 posset
1260 960 1321 1011 eos
1349 959 1472 1033 cogere
1498 939 1546 1012 ad
1575 949 1697 1035 potes-

275 1069 382 1133 tatem
407 1062 669 1157 accipiendam,
688 1073 724 1136 et
752 1085 833 1135 cum
856 1063 991 1135 veniret
1018 1065 1053 1133 in
1072 1061 1330 1152 lombardiam,
1346 1081 1415 1135 non
1441 1061 1582 1134 deberet
1607 1071 1698 1136 stare

274 1185 365 1256 ultra
384 1192 452 1258 tres
468 1185 544 1258 dies
566 1187 603 1257 in
627 1195 717 1260 terra
741 1187 939 1260 Mediolani.
959 1189 1002 1259 Et
1017 1186 1291 1260 Mediolanenses
1307 1195 1544 1260 convenerunt
1560 1188 1591 1258 ei
1615 1187 1699 1260 dare

273 1319 310 1378 et
324 1309 439 1381 lacere
455 1330 498 1382 ea
511 1311 627 1406 omnia
642 1332 714 1404 que
728 1311 857 1405 aliquis
874 1311 1058 1405 imperator
1076 1332 1096 1382 a
1116 1319 1255 1381 centum
1281 1309 1381 1380 annis
1409 1309 1495 1382 citra
1519 1309 1642 1380 habuit
1665 1321 1700 1382 et

274 1441 505 1504 consueverat
532 1433 684 1523 babere,
706 1433 824 1506 dando
854 1434 1052 1529 imperatori
1081 1431 1156 1504 CCC
1182 1431 1342 1503 obscides
1368 1430 1414 1502 de
1438 1431 1640 1503 melioribus
1664 1443 1701 1504 et

276 1555 506 1629 nobilioribus
530 1555 693 1629 civitatis.
720 1557 822 1631 Facta
851 1558 917 1630 luit
946 1567 1062 1630 autem
1091 1555 1156 1630 hec
1186 1552 1369 1627 eonmrdia
1400 1553 1460 1625 llll
1487 1552 1547 1626 die
1571 1557 1700 1628 mensis

274 1678 493 1774 septembris.
524 1678 641 1753 Altera
669 1701 755 1752 vero
784 1681 843 1754 die
878 1702 958 1752 cnm
996 1679 1271 1754 Mediolanenses
1300 1677 1428 1749 vellent
1459 1677 1699 1773 imperatorem

273 1823 519 1875 mansuescere
534 1812 569 1874 et
584 1823 689 1876 omne
706 1802 815 1876 decus
837 1803 870 1876 ei
890 1805 1002 1878 lacere
1026 1813 1061 1874 et
1079 1802 1245 1875 honorem
1272 1801 1469 1896 imperatori
1494 1801 1636 1893 inferre,
1663 1804 1698 1874 in

273 1925 463 1998 festivitate
484 1927 589 1998 Beate
613 1925 724 2000 Mario
744 1926 874 2018 egressi
900 1923 1009 2024 [sunt]
1035 1925 1080 1999 de
1104 1925 1243 1998 civitate
1265 1925 1455 1999 discalciati
1482 1947 1563 1996 curn
1593 1926 1698 2000 nudis

273 2050 418 2122 ensibus
436 2049 473 2120 in
497 2071 603 2121 manu
631 2058 666 2121 et
693 2071 773 2122 oum
796 2049 1055 2144 archiepiscopo
1082 2057 1118 2121 et
1141 2050 1235 2122 omni
1267 2049 1358 2120 clero
1376 2070 1456 2120 cnm
1482 2049 1644 2121 crucibus
1660 2051 1695 2121 in

272 2173 437 2245 manibus
453 2182 488 2244 et
505 2170 712 2245 rediderunt
729 2173 861 2267 seipsos
874 2183 910 2244 et
925 2173 1113 2262 civitatem,
1132 2181 1172 2242 ut
1188 2169 1380 2265 predictum
1392 2180 1457 2264 est,
1477 2171 1618 2246 domino
1632 2174 1696 2244 im·

270 2297 440 2390 peratori;
456 2295 579 2389 etipse
592 2315 652 2367 eos
670 2295 773 2366 simili
787 2295 891 2369 modo
911 2295 1058 2390 recepit,
1079 2305 1114 2366 et
1129 2295 1269 2366 nomine
1287 2295 1383 2390 pacis
1397 2295 1692 2391 archiepiscopum

271 2430 307 2492 et
323 2431 474 2492 rectores
491 2419 681 2493 Mediolani
698 2419 896 2492 obsculatus
911 2421 993 2510 luit,
1017 2417 1204 2490 extrahens
1229 2417 1274 2490 de
1299 2419 1428 2491 banno.
1448 2419 1611 2492 Similiter
1629 2421 1694 2492 Pa-

271 2541 410 2632 pienses
424 2539 486 2633 qui
501 2551 599 2611 erant
617 2539 654 2610 in
671 2541 811 2612 civitate
823 2541 1009 2613 Mediolani
1030 2541 1194 2612 carcerati
1212 2541 1274 2633 qui
1291 2549 1389 2613 erant
1404 2541 1453 2612 M.
1470 2543 1529 2632 D.‚
1547 2543 1693 2616 reddere

270 2661 363 2734 lecit.
378 2661 605 2758 Precepitque
624 2669 660 2735 et
682 2663 802 2734 statuit
829 2673 868 2734 ut
895 2662 1023 2736 deinde
1041 2662 1139 2736 firma
1157 2685 1228 2758 pax
1246 2685 1308 2759 per
1325 2677 1429 2736 totam
1453 2665 1691 2740 lombardiam

269 2795 457 2857 teneretur.
488 2787 634 2880 Insuper
666 2785 940 2860 Mediolanenses
974 2795 1162 2882 posuerunt
1199 2787 1368 2860 vexillum
1404 2788 1619 2882 imperatoris
1655 2791 1691 2862 in

270 2919 364 2981 turre
388 2909 530 3000 maioris
557 2909 702 2982 ecclesie
731 2931 803 3003 que
830 2910 929 2981 altior
954 2919 1028 2981 erat
1053 2909 1216 2982 omnibus
1244 2909 1321 2981 aliis
1345 2909 1562 2984 Lombardie.
1582 2913 1693 3007 lmpe-

270 3041 364 3104 rator
382 3053 466 3104 vero
491 3031 573 3106 dato
599 3045 758 3105 comeatu
787 3033 957 3105 exercitui
974 3053 1040 3104 suo
1056 3033 1209 3128 perrexit
1231 3034 1418 3105 Bolzonum
1437 3031 1485 3128 (a)
1512 3057 1592 3106 cum
1621 3045 1692 3111 tota

268 3153 398 3226 lamilia
419 3153 427 3250 Ι
449 3177 513 3226 sua
531 3163 567 3226 et
582 3155 631 3226 ibi
653 3155 747 3228 stetit
761 3157 835 3228 Vlll
853 3155 942 3228 dies.
966 3155 1087 3228 Postea
1113 3153 1268 3227 ascendit
1289 3155 1449 3228 Moetiam
1470 3167 1504 3228 et
1524 3159 1691 3232 morando

268 3275 319 3347 ibi
337 3277 420 3349 lecit
435 3275 658 3350 concordiam
684 3287 786 3350 caute
814 3301 895 3351 cum
920 3279 1151 3352 Martensibus
1176 3287 1211 3351 et
1238 3281 1519 3374 Seperiensibus,
1537 3282 1617 3355 data
1639 3285 1691 3357 eis

267 3401 423 3473 maxima
449 3401 617 3494 pecunia,
639 3407 674 3473 et
687 3404 738 3473 sic
755 3401 1037 3496 derelinquerunt
1051 3402 1325 3476 Mediolanenses
1340 3425 1419 3474 cum
1436 3405 1566 3498 quibus
1587 3409 1690 3498 jura-

267 3533 393 3596 verant
415 3533 450 3596 et
468 3522 612 3597 lederati
627 3535 739 3597 erant.
760 3525 881 3598 Statim
897 3526 1083 3622 imperator
1101 3525 1198 3599 dedit
1213 3527 1372 3599 comitem
1389 3526 1566 3600 Gozonum
1585 3551 1690 3622 quem

267 3646 313 3719 de
345 3647 414 3720 illis
445 3647 665 3720 comitatibus
694 3648 886 3722 investivit.
916 3649 1038 3722 Postea
1065 3649 1281 3723 descendens
1311 3647 1394 3722 inde
1424 3652 1578 3745 perrexit
1607 3655 1688 3726 Ter·

267 3770 361 3842 dum
388 3769 436 3867 (b)
466 3779 502 3843 et
531 3771 567 3841 in
598 3792 641 3843 eo
673 3772 790 3866 posuit
821 3772 846 3844 C
878 3773 1002 3844 milites
1034 3772 1164 3866 quibus
1196 3772 1376 3868 preposuit
1415 3772 1611 3847 Conradum
1643 3775 1689 3850 de

265 3893 363 3966 Moze
377 3891 425 3989 (r)
440 3902 475 3965 et
492 3891 725 3987 Rodcgerium
744 3905 779 3967 et
795 3893 878 3968 inde
901 3895 998 3968 venit
1011 3894 1231 3986 Cremonam,
1253 3905 1288 3968 et
1309 3893 1490 3970 descendit
1507 3898 1554 3972 ad
1573 3911 1688 3994 partes

265 4015 408 4088 Mantne
433 4025 468 4089 et
494 4018 630 4090 Verone
655 4027 690 4092 et
718 4017 973 4114 transpadavit,
994 4028 1028 4090 et
1045 4017 1105 4091 die
1122 4020 1210 4092 lesio
1238 4020 1353 4092 Sancti
1379 4021 1516 4093 Martini
1536 4026 1686 4118 proximi

263 4140 414 4212 venitin
433 4141 634 4213 comitatum
650 4141 887 4216 Placentinum
915 4143 951 4213 in
976 4143 1052 4216 looo
1072 4142 1134 4236 qui
1148 4141 1331 4216 Medianas
1349 4144 1544 4239 Iniquitatis
1560 4145 1687 4220 dicitnr

263 4283 399 4356 suaque
421 4265 602 4358 temptoria
627 4263 707 4337 lixit
722 4265 775 4358 (d)
798 4275 833 4339 et
854 4265 1014 4340 obscides
1033 4265 1222 4338 Placentini
1237 4266 1314 4362 (sic)
1328 4267 1439 4363 primo
1457 4277 1539 4342 tunc
1564 4270 1687 4344 habuit

305 4461 348 4543 (a)
370 4465 407 4526 ln
419 4465 487 4527 cod.
503 4466 644 4528 Portant
660 4483 709 4544 ap.
725 4467 870 4530 Mumtor.
882 4465 1052 4528 Bolzonum.
1148 4459 1151 4465 ’

303 4568 348 4650 (1)
368 4571 405 4632 ln
417 4571 485 4632 cod.
500 4573 596 4634 Puris.
612 4578 643 4633 et
656 4589 706 4651 ap.
720 4572 866 4636 Murator.
886 4575 1037 4651 Tritium
1051 4573 1174 4636 lorsltau
1191 4573 1357 4639 Tridinam.

303 4673 344 4755 (c)
369 4679 407 4738 ln
420 4676 522 4738 codlos
534 4677 632 4740 Paris.
648 4677 683 4739 dc
694 4680 815 4758 Moatc;
827 4697 876 4760 ap.
891 4679 1038 4744 Murator.
1053 4677 1088 4740 dc
1099 4679 1197 4743 Maza.

306 4777 350 4860 (d)
369 4783 406 4841 1n
419 4779 635 4862 oodlceflnrrlt.
