4554 6080
569 615 632 677 θλ)
1045 607 1289 670 clibortlcolt
1312 609 1364 670 bl:
1388 608 1518 670 RERUS
1595 603 1599 612 '

569 771 691 824 eorum
711 747 772 844 qui
789 756 887 820 erant
901 755 1002 819 extra
1026 745 1202 818 civitatem
1225 743 1343 818 Laude
1367 743 1694 842 propterdediotam
1711 767 1874 842 guerram
1896 747 1991 822 eirea

569 875 713 948 terciam
736 871 878 944 intravit
896 870 932 942 in
951 868 1127 943 civitatem
1146 867 1264 942 Laude
1284 869 1361 942 sine
1381 868 1488 941 ermis
1505 889 1613 942 eausa
1631 869 1832 943 oonlerendi
1853 872 1905 944 eie
1923 872 1993 944 bo-

570 1021 689 1072 norem
704 995 756 1094 (a)
772 1005 871 1069 extra
888 994 1061 1068 civitatem
1078 1015 1158 1065 eum
1176 1015 1304 1086 magna
1319 993 1434 1065 leticia
1449 1003 1554 1088 atque
1569 991 1717 1087 gaudio;
1736 1003 1771 1067 et
1786 995 1900 1068 statim
1919 995 1993 1069 do—

571 1123 688 1196 minus
705 1122 824 1216 Napus
847 1140 927 1192 oum
946 1117 1012 1190 luit
1039 1117 1232 1191 incivitate
1256 1117 1335 1190 leoit
1350 1117 1396 1190 de
1413 1127 1517 1210 gente
1541 1139 1606 1190 suu
1629 1119 1793 1212 guarnire
1822 1130 1934 1193 turres
1956 1131 1994 1193 et

572 1247 748 1322 fortilioias
766 1243 916 1318 civitatis
934 1253 969 1314 et
984 1243 1063 1316 lecit
1077 1242 1203 1314 eridari
1217 1242 1313 1336 quod
1331 1241 1477 1337 quilibet
1494 1242 1683 1338 deponeret
1696 1265 1804 1316 arma.
1826 1243 1926 1317 Unde
1942 1245 1993 1316 illi

572 1371 621 1446 de
634 1369 876 1466 partedomini
896 1367 991 1442 Suoii
1015 1367 1060 1440 de
1082 1367 1262 1440 Vistedino
1280 1379 1315 1438 et
1337 1367 1623 1464 Ovreguegorum
1647 1369 1803 1442 volentes
1820 1367 1857 1440 in
1882 1377 1992 1441 totum

571 1496 758 1570 observare
774 1501 938 1591 preoepta
956 1491 1086 1564 domini
1105 1491 1206 1586 Napi,
1229 1491 1345 1563 statim
1364 1491 1619 1587 depossuerunt
1633 1513 1750 1580 armu;
1769 1493 1826 1564 elii
1846 1514 1929 1564 vero
1946 1491 1993 1566 de

572 1629 670 1717 parte
695 1619 957 1692 Sumarivorum
982 1637 1051 1689 non
1074 1615 1329 1712 depossuerunt
1352 1639 1417 1690 sua
1437 1639 1553 1706 arma,
1572 1627 1608 1690 et
1630 1626 1759 1690 mantes
1781 1617 1829 1688 ita
1853 1629 1993 1712 sumpto

558 1741 720 1838 ,prandio
732 1743 834 1834 juxta
852 1761 961 1813 nonas
987 1739 1034 1811 illi
1056 1739 1101 1812 de
1119 1751 1217 1835 parte
1240 1741 1501 1814 Sumarivorum
1522 1764 1603 1814 eum
1621 1741 1726 1814 armis
1747 1741 1924 1816 insultum.
1937 1742 1993 1813 ie-

573 1875 696 1939 oerunt
716 1865 753 1936 in
770 1863 847 1936 illos
870 1863 915 1936 de
929 1874 1027 1958 parte
1044 1865 1346 1958 Ovregnagornm‚
1363 1875 1400 1938 et
1411 1866 1524 1961 primo
1548 1865 1791 1938 interfecerunt
1811 1865 1993 1938 dominum

573 1991 739 2064 Ubertnm
762 1987 808 2061 de
834 1987 989 2078 Bellone,
1010 1999 1128 2082 postea
1151 1990 1308 2084 Raynum
1325 1989 1373 2063 de
1394 1989 1576 2062 Vistadino
1592 1998 1627 2062 et
1641 1989 1803 2062 Frentum
1820 1989 1866 2061 de
1881 1991 1993 2062 vista·

574 2113 659 2186 diuo
675 2112 784 2184 lilium
801 2111 934 2183 domini
949 2113 1043 2184 Sucii
1061 2123 1096 2184 et
1109 2113 1236 2184 multos
1254 2114 1339 2185 alios
1353 2134 1466 2208 usque
1483 2115 1519 2186 in
1533 2113 1625 2186 Lxx
1638 2125 1673 2186 et
1689 2113 1791 2207 quasi
1810 2133 1932 2185 omues
1947 2113 1994 2185 de

574 2247 671 2334 parte
692 2237 750 2308 illa
768 2235 1042 2326 derobaverunt;
1059 2237 1210 2308 etmulti
1233 2237 1278 2312 de
1297 2247 1394 2332 parte
1418 2240 1493 2334 ipsa
1511 2237 1590 2332 plus
1606 2237 1651 2310 de
1668 2237 1702 2308 M
1721 2238 1995 2310 absentaverunt

573 2372 608 2434 et
623 2361 799 2454 lugierunt
814 2361 903 2433 siout
922 2361 1044 2432 melius
1060 2370 1228 2456 poterent.
1247 2363 1415 2434 Dominus
1435 2383 1520 2434 vero
1540 2363 1658 2456 Napns
1675 2359 1788 2434 stabat
1808 2363 1845 2432 in
1861 2361 1994 2455 palacio

573 2496 609 2560 et
624 2487 750 2559 milites
771 2485 831 2580 qui
850 2507 969 2558 seeum
994 2500 1093 2558 erant
1116 2486 1253 2558 stabant
1278 2497 1313 2558 et
1331 2487 1429 2559 ibant
1452 2507 1514 2582 per
1538 2486 1715 2558 civitatem
1733 2495 1768 2557 et
1788 2485 1995 2558 dimitebant

573 2613 686 2684 laoere
705 2621 739 2682 et
760 2609 998 2682 ooniortabant
1017 2609 1176 2681 homines
1195 2610 1241 2683 ed
1258 2611 1458 2684 laciendum
1473 2633 1577 2683 omne
1593 2612 1741 2701 melum,
1767 2619 1802 2682 et
1821 2611 1901 2682 iacit
1918 2607 1994 2681 lieri

574 2733 737 2807 dominus
750 2735 868 2829 Nepos
895 2734 930 2804 in
953 2733 1092 2804 civitate
1108 2733 1225 2806 leude
1243 2735 1332 2806 inter
1346 2745 1480 2830 portam
1494 2733 1786 2808 Mediolanensem
1801 2745 1836 2807 et
1858 2743 1994 2829 portum

574 2859 737 2951 Regslem
755 2857 923 2929 deversus
939 2855 1173 2928 Mediolanum
1186 2857 1233 2930 ad
1252 2879 1427 2954 expensae
1441 2859 1636 2931 eommunis
1653 2858 1770 2931 Laude
1789 2880 1900 2930 unum
1914 2877 1992 2930 oas-

576 2993 681 3053 trum.
693 2979 824 3052 Eodem
836 2989 1074 3074 temporeorta
1086 2979 1323 3054 estdiseordia
1336 2981 1371 3052 in
1385 2981 1576 3054 Allamaniu
1589 2980 1775 3056 interillos
1788 2979 1994 3054 marchionis

576 3105 621 3178 de
646 3105 789 3195 Misnia,
810 3113 1071 3199 propterquam
1095 3103 1305 3178 discordiam
1333 3105 1496 3178 dilatatus
1520 3114 1572 3178 est
1601 3107 1679 3178 sive
1702 3105 1895 3178 retardatos
1927 3103 1992 3177 ad·

576 3240 701 3302 ventus
719 3228 812 3322 regis
829 3227 1001 3300 Frederioi
1020 3229 1128 3300 tercii.
1150 3229 1282 3302 Eodem
1301 3239 1456 3325 tempore
1474 3230 1662 3302 Placentini
1681 3227 1856 3301 intrinseci
1875 3227 1994 3302 dolore

576 3355 755 3427 oonlliotus
772 3351 948 3424 exereitus
965 3351 1101 3424 illorum
1122 3351 1168 3424 de
1181 3351 1278 3425 Fisoo
1297 3354 1396 3440 tacti,
1417 3354 1611 3426 exereitum
1634 3361 1933 3448 congregaverunt
1947 3350 1995 3424 ad

575 3479 727 3552 Roobam
745 3477 790 3551 de
808 3475 912 3548 Bardi
926 3497 1032 3548 causa
1053 3475 1162 3549 eundi
1181 3499 1286 3572 super
1305 3476 1521 3550 Placentinos
1543 3477 1756 3550 extrinsecos
1776 3477 1832 3550 vel
1855 3475 1902 3550 ad
1924 3477 1995 3548 Pe-

576 3602 747 3674 traviuum
769 3601 826 3673 vel
852 3597 899 3672 ad
915 3599 1113 3693 Grevagum
1133 3600 1190 3670 uel
1217 3599 1264 3672 ad
1287 3599 1548 3696 Compleoiuum
1574 3599 1636 3672 ubi
1656 3610 1826 3672 steterunt
1848 3621 1995 3694 oompe-

576 3724 701 3798 nando
716 3723 803 3820 (sic)
820 3723 992 3796 auxilium
1017 3723 1206 3796 amisorum
1223 3745 1285 3818 per
1303 3731 1372 3797 tres
1387 3723 1601 3797 ebdomadae
1618 3734 1654 3796 et
1676 3723 1767 3818 plus.
1789 3723 1830 3794 Et
1853 3724 1992 3796 interim

578 3847 740 3922 dominus
762 3869 877 3921 comes
900 3847 1024 3920 timens
1042 3847 1088 3919 de
1104 3849 1202 3920 Petra
1221 3847 1369 3920 'lravina
1387 3847 1468 3920 leoit
1485 3845 1596 3944 ipsam
1617 3847 1699 3941 igne
1715 3847 1861 3919 eremari
1877 3855 1913 3920 et
1925 3847 1995 3920 de-

576 3972 740 4066 relinquit
753 3973 879 4065 ipsem.
897 3969 996 4044 Unde
1009 3971 1193 4043 Plaeentini
1210 3992 1289 4043 oum
1301 3970 1352 4043 CC
1368 3971 1643 4044 eavuleatoribus
1656 3969 1843 4043 Mediolani
1862 3979 1899 4042 et
1913 3991 1993 4042 oum

577 4094 783 4168 Lmilitibus
799 4095 919 4165 Parme
931 4103 965 4166 et
979 4093 1029 4166 CC
1045 4092 1221 4188 peditibus
1235 4105 1271 4168 et
1284 4097 1309 4166 L
1320 4095 1516 4167 ballisteriis
1528 4093 1686 4187 ejusdem
1699 4093 1849 4165 civitatis
1864 4103 1900 4165 et
1913 4115 1994 4165 eum

578 4219 740 4293 omnibus
764 4215 931 4290 militibus
952 4217 1124 4291 Placentie
1144 4215 1151 4315 Ι
1172 4229 1302 4291 etcum
1321 4219 1384 4290 Mb
1402 4217 1577 4314 peditibus
1599 4218 1644 4291 de
1662 4217 1804 4289 civitate
1820 4217 1995 4290 Plaoeutie

577 4353 613 4416 et
633 4363 713 4417 oum
731 4340 926 4414 ballisteriis
944 4349 980 4412 et
1000 4337 1103 4434 gente
1121 4341 1166 4414 de
1184 4343 1406 4440 episcopatu,
1427 4341 1485 4416 die
1498 4341 1592 4434 iovis
1613 4343 1646 4414 X
1664 4339 1795 4413 mensis
1810 4340 1890 4432 julii
1916 4339 1995 4413 ive-

578 4479 660 4541 runt
684 4467 730 4540 ad
754 4475 917 4562 guastum
948 4463 1121 4560 Gravagbi
1147 4467 1208 4540 ubi
1239 4477 1313 4542 erat
1342 4489 1458 4542 eomes
1482 4467 1668 4541 Ubertinus
1691 4467 1737 4539 de
1767 4465 1885 4538 Laudo
1912 4486 1993 4537 cum

621 4739 662 4820 (α)
685 4743 720 4802 Iu
734 4740 833 4802 codice
845 4740 991 4818 quaedem
1006 4738 1046 4798 ibl
1061 4737 1179 4801 desunt.
