<?xml version="1.0" encoding="UTF-8"?>
<!DOCTYPE html PUBLIC "-//W3C//DTD XHTML 1.0 Transitional//EN"
    "http://www.w3.org/TR/xhtml1/DTD/xhtml1-transitional.dtd">
<html xmlns="http://www.w3.org/1999/xhtml" xml:lang="en" lang="en">
 <head>
  <title>
</title>
<meta http-equiv="Content-Type" content="text/html;charset=utf-8" />
  <meta name='ocr-system' content='tesseract 3.04.00' />
  <meta name='ocr-capabilities' content='ocr_page ocr_carea ocr_par ocr_line ocrx_word'/>
</head>
<body>
  <div class='ocr_page' id='page_1' title='image "./chroniconplacen00huilgoog_0147.png"; bbox 0 0 4534 6074; ppageno 0'>
   <div class='ocr_carea' id='block_1_1' title="bbox 576 645 1563 716">
    <p class='ocr_par' dir='ltr' id='par_1_1' title="bbox 576 645 1563 716">
     <span class='ocr_line' id='line_1_1' title="bbox 576 645 1563 716; baseline -0.008 0"><span class='ocrx_word' id='word_1_1' title='bbox 576 653 616 716; x_wconf 84' lang='grc'><strong>86</strong></span> <span class='ocrx_word' id='word_1_2' title='bbox 995 645 1236 708; x_wconf 72' lang='lat' dir='ltr'><strong>canonicos</strong></span> <span class='ocrx_word' id='word_1_3' title='bbox 1262 647 1563 710; x_wconf 76' lang='lat' dir='ltr'><strong>Pnacsurutont.</strong></span> 
     </span>
    </p>
   </div>
   <div class='ocr_carea' id='block_1_2' title="bbox 576 781 2111 4832">
    <p class='ocr_par' dir='ltr' id='par_1_2' title="bbox 576 781 2111 4832">
     <span class='ocr_line' id='line_1_2' title="bbox 576 781 1994 882; baseline -0.004 -18"><span class='ocrx_word' id='word_1_4' title='bbox 576 809 714 864; x_wconf 90' lang='lat' dir='ltr'><strong>summa</strong></span> <span class='ocrx_word' id='word_1_5' title='bbox 737 786 773 859; x_wconf 86' lang='lat' dir='ltr'><strong>vi</strong></span> <span class='ocrx_word' id='word_1_6' title='bbox 801 785 893 858; x_wconf 88' lang='lat' dir='ltr'><strong>illico</strong></span> <span class='ocrx_word' id='word_1_7' title='bbox 923 793 1073 858; x_wconf 80' lang='lat' dir='ltr'><strong>castrum</strong></span> <span class='ocrx_word' id='word_1_8' title='bbox 1100 792 1181 856; x_wconf 89' lang='lat' dir='ltr'><strong>sunt</strong></span> <span class='ocrx_word' id='word_1_9' title='bbox 1207 785 1321 882; x_wconf 87' lang='lat' dir='ltr'><strong>conati</strong></span> <span class='ocrx_word' id='word_1_10' title='bbox 1348 785 1489 858; x_wconf 88' lang='lat' dir='ltr'><strong>intrare.</strong></span> <span class='ocrx_word' id='word_1_11' title='bbox 1522 782 1660 858; x_wconf 81' lang='lat' dir='ltr'><strong>Accidit</strong></span> <span class='ocrx_word' id='word_1_12' title='bbox 1688 781 1811 857; x_wconf 85' lang='lat' dir='ltr'><strong>divina</strong></span> <span class='ocrx_word' id='word_1_13' title='bbox 1841 786 1994 880; x_wconf 84' lang='lat' dir='ltr'><strong>potentia</strong></span> 
     </span>
     <span class='ocr_line' id='line_1_3' title="bbox 577 907 1995 1010; baseline -0.003 -24"><span class='ocrx_word' id='word_1_14' title='bbox 577 914 673 1010; x_wconf 91' lang='lat' dir='ltr'><strong>quod</strong></span> <span class='ocrx_word' id='word_1_15' title='bbox 694 921 844 986; x_wconf 80' lang='lat' dir='ltr'><strong>castrum</strong></span> <span class='ocrx_word' id='word_1_16' title='bbox 866 931 908 982; x_wconf 89' lang='lat' dir='ltr'><strong>ea</strong></span> <span class='ocrx_word' id='word_1_17' title='bbox 924 909 982 982; x_wconf 95' lang='lat' dir='ltr'><strong>die</strong></span> <span class='ocrx_word' id='word_1_18' title='bbox 1001 908 1141 1004; x_wconf 92' lang='lat' dir='ltr'><strong>penitus</strong></span> <span class='ocrx_word' id='word_1_19' title='bbox 1164 908 1370 1004; x_wconf 88' lang='lat' dir='ltr'><strong>dissipatum</strong></span> <span class='ocrx_word' id='word_1_20' title='bbox 1394 917 1429 982; x_wconf 91' lang='lat' dir='ltr'><strong>et</strong></span> <span class='ocrx_word' id='word_1_21' title='bbox 1450 907 1670 982; x_wconf 90' lang='lat' dir='ltr'><strong>combustum</strong></span> <span class='ocrx_word' id='word_1_22' title='bbox 1693 907 1759 980; x_wconf 87' lang='lat' dir='ltr'><strong>luit</strong></span> <span class='ocrx_word' id='word_1_23' title='bbox 1776 909 1995 1003; x_wconf 76' lang='lat' dir='ltr'>presentibus</span> 
     </span>
     <span class='ocr_line' id='line_1_4' title="bbox 577 1031 1996 1128; baseline 0 -20"><span class='ocrx_word' id='word_1_24' title='bbox 577 1035 834 1108; x_wconf 83' lang='lat' dir='ltr'><strong>stridentibus</strong></span> <span class='ocrx_word' id='word_1_25' title='bbox 863 1032 1011 1106; x_wconf 90' lang='lat' dir='ltr'><strong>inimicis</strong></span> <span class='ocrx_word' id='word_1_26' title='bbox 1038 1061 1047 1104; x_wconf 76' lang='lat' dir='ltr'><em>z</em></span> <span class='ocrx_word' id='word_1_27' title='bbox 1073 1031 1169 1126; x_wconf 92' lang='lat' dir='ltr'><strong>quod</strong></span> <span class='ocrx_word' id='word_1_28' title='bbox 1192 1042 1344 1106; x_wconf 80' lang='lat' dir='ltr'><strong>castrum</strong></span> <span class='ocrx_word' id='word_1_29' title='bbox 1373 1033 1475 1106; x_wconf 80' lang='lat' dir='ltr'><strong>fossis</strong></span> <span class='ocrx_word' id='word_1_30' title='bbox 1503 1032 1685 1127; x_wconf 81' lang='lat' dir='ltr'><strong>profundis</strong></span> <span class='ocrx_word' id='word_1_31' title='bbox 1707 1043 1743 1106; x_wconf 86' lang='lat' dir='ltr'><strong>et</strong></span> <span class='ocrx_word' id='word_1_32' title='bbox 1766 1055 1859 1128; x_wconf 90' lang='lat' dir='ltr'><strong>aqna</strong></span> <span class='ocrx_word' id='word_1_33' title='bbox 1884 1035 1996 1128; x_wconf 92' lang='lat' dir='ltr'><strong>plenis</strong></span> 
     </span>
     <span class='ocr_line' id='line_1_5' title="bbox 578 1155 1996 1252; baseline -0.002 -19"><span class='ocrx_word' id='word_1_34' title='bbox 578 1169 652 1233; x_wconf 90' lang='lat' dir='ltr'><strong>erat</strong></span> <span class='ocrx_word' id='word_1_35' title='bbox 667 1157 936 1248; x_wconf 88' lang='lat' dir='ltr'><strong>circumdatum,</strong></span> <span class='ocrx_word' id='word_1_36' title='bbox 956 1155 1075 1250; x_wconf 86' lang='lat' dir='ltr'><strong>spadis</strong></span> <span class='ocrx_word' id='word_1_37' title='bbox 1090 1177 1232 1252; x_wconf 88' lang='lat' dir='ltr'><strong>quoque</strong></span> <span class='ocrx_word' id='word_1_38' title='bbox 1248 1166 1283 1230; x_wconf 91' lang='lat' dir='ltr'><strong>et</strong></span> <span class='ocrx_word' id='word_1_39' title='bbox 1300 1157 1473 1248; x_wconf 87' lang='lat' dir='ltr'><strong>lignorum</strong></span> <span class='ocrx_word' id='word_1_40' title='bbox 1490 1155 1608 1229; x_wconf 88' lang='lat' dir='ltr'><strong>castris</strong></span> <span class='ocrx_word' id='word_1_41' title='bbox 1621 1165 1657 1231; x_wconf 89' lang='lat' dir='ltr'><strong>et</strong></span> <span class='ocrx_word' id='word_1_42' title='bbox 1671 1158 1853 1251; x_wconf 86' lang='lat' dir='ltr'><strong>manganis</strong></span> <span class='ocrx_word' id='word_1_43' title='bbox 1867 1169 1902 1230; x_wconf 86' lang='lat' dir='ltr'><strong>et</strong></span> <span class='ocrx_word' id='word_1_44' title='bbox 1914 1179 1996 1252; x_wconf 88' lang='lat' dir='ltr'><strong>pre-</strong></span> 
     </span>
     <span class='ocr_line' id='line_1_6' title="bbox 579 1281 1997 1376; baseline -0.003 -18"><span class='ocrx_word' id='word_1_45' title='bbox 579 1285 688 1358; x_wconf 90' lang='lat' dir='ltr'><strong>dariis</strong></span> <span class='ocrx_word' id='word_1_46' title='bbox 712 1293 747 1356; x_wconf 87' lang='lat' dir='ltr'><strong>et</strong></span> <span class='ocrx_word' id='word_1_47' title='bbox 770 1283 847 1354; x_wconf 92' lang='lat' dir='ltr'><strong>aliis</strong></span> <span class='ocrx_word' id='word_1_48' title='bbox 871 1281 1039 1354; x_wconf 88' lang='lat' dir='ltr'><strong>machinis</strong></span> <span class='ocrx_word' id='word_1_49' title='bbox 1063 1291 1137 1354; x_wconf 90' lang='lat' dir='ltr'><strong>erat</strong></span> <span class='ocrx_word' id='word_1_50' title='bbox 1153 1281 1326 1352; x_wconf 89' lang='lat' dir='ltr'><strong>munitum</strong></span> <span class='ocrx_word' id='word_1_51' title='bbox 1344 1283 1471 1376; x_wconf 91' lang='lat' dir='ltr'><strong>pariter</strong></span> <span class='ocrx_word' id='word_1_52' title='bbox 1490 1291 1525 1354; x_wconf 90' lang='lat' dir='ltr'><strong>et</strong></span> <span class='ocrx_word' id='word_1_53' title='bbox 1540 1282 1718 1354; x_wconf 85' lang='lat' dir='ltr'><strong>vallatum.</strong></span> <span class='ocrx_word' id='word_1_54' title='bbox 1735 1283 1773 1354; x_wconf 95' lang='lat' dir='ltr'><strong>ln</strong></span> <span class='ocrx_word' id='word_1_55' title='bbox 1792 1302 1866 1376; x_wconf 91' lang='lat' dir='ltr'><strong>quo</strong></span> <span class='ocrx_word' id='word_1_56' title='bbox 1884 1291 1997 1354; x_wconf 87' lang='lat' dir='ltr'><strong>castro</strong></span> 
     </span>
     <span class='ocr_line' id='line_1_7' title="bbox 577 1391 1998 1500; baseline -0.002 -21"><span class='ocrx_word' id='word_1_57' title='bbox 577 1406 812 1479; x_wconf 88' lang='lat' dir='ltr'><strong>Bononienses</strong></span> <span class='ocrx_word' id='word_1_58' title='bbox 833 1391 1030 1478; x_wconf 91' lang='lat' dir='ltr'><strong>habuerunt</strong></span> <span class='ocrx_word' id='word_1_59' title='bbox 1046 1403 1296 1498; x_wconf 87' lang='lat' dir='ltr'><strong>quadrigentos</strong></span> <span class='ocrx_word' id='word_1_60' title='bbox 1312 1405 1406 1478; x_wconf 85' lang='lat' dir='ltr'><strong>viros</strong></span> <span class='ocrx_word' id='word_1_61' title='bbox 1431 1414 1466 1478; x_wconf 90' lang='lat' dir='ltr'><strong>st</strong></span> <span class='ocrx_word' id='word_1_62' title='bbox 1483 1426 1548 1478; x_wconf 86' lang='lat' dir='ltr'><strong>sex</strong></span> <span class='ocrx_word' id='word_1_63' title='bbox 1572 1404 1697 1478; x_wconf 79' lang='lat' dir='ltr'><strong>milites</strong></span> <span class='ocrx_word' id='word_1_64' title='bbox 1719 1427 1808 1500; x_wconf 88' lang='lat' dir='ltr'><strong>quos</strong></span> <span class='ocrx_word' id='word_1_65' title='bbox 1828 1414 1998 1500; x_wconf 89' lang='lat' dir='ltr'><strong>ceperunt</strong></span> 
     </span>
     <span class='ocr_line' id='line_1_8' title="bbox 579 1527 1996 1624; baseline -0.001 -21"><span class='ocrx_word' id='word_1_66' title='bbox 579 1540 613 1604; x_wconf 92' lang='lat' dir='ltr'><strong>et</strong></span> <span class='ocrx_word' id='word_1_67' title='bbox 630 1529 739 1602; x_wconf 88' lang='lat' dir='ltr'><strong>victos</strong></span> <span class='ocrx_word' id='word_1_68' title='bbox 755 1528 837 1602; x_wconf 92' lang='lat' dir='ltr'><strong>inde</strong></span> <span class='ocrx_word' id='word_1_69' title='bbox 855 1528 1043 1601; x_wconf 82' lang='lat' dir='ltr'><strong>duxerunt.</strong></span> <span class='ocrx_word' id='word_1_70' title='bbox 1062 1527 1125 1599; x_wconf 89' lang='lat' dir='ltr'><strong>Die</strong></span> <span class='ocrx_word' id='word_1_71' title='bbox 1142 1529 1302 1600; x_wconf 89' lang='lat' dir='ltr'><strong>mercurii</strong></span> <span class='ocrx_word' id='word_1_72' title='bbox 1320 1530 1479 1624; x_wconf 87' lang='lat' dir='ltr'><strong>sequenti</strong></span> <span class='ocrx_word' id='word_1_73' title='bbox 1495 1529 1584 1602; x_wconf 90' lang='lat' dir='ltr'><strong>inter</strong></span> <span class='ocrx_word' id='word_1_74' title='bbox 1604 1534 1611 1620; x_wconf 87' lang='grc' dir='ltr'>Ι</span> <span class='ocrx_word' id='word_1_75' title='bbox 1631 1550 1761 1602; x_wconf 89' lang='lat' dir='ltr'><strong>nonam</strong></span> <span class='ocrx_word' id='word_1_76' title='bbox 1780 1539 1817 1602; x_wconf 90' lang='lat' dir='ltr'><strong>et</strong></span> <span class='ocrx_word' id='word_1_77' title='bbox 1833 1551 1996 1624; x_wconf 86' lang='lat' dir='ltr'><strong>vesperas</strong></span> 
     </span>
     <span class='ocr_line' id='line_1_9' title="bbox 579 1652 1995 1744; baseline -0.003 -16"><span class='ocrx_word' id='word_1_78' title='bbox 579 1655 840 1742; x_wconf 82' lang='lat' dir='ltr'><strong>Cremonenses,</strong></span> <span class='ocrx_word' id='word_1_79' title='bbox 858 1653 1060 1724; x_wconf 90' lang='lat' dir='ltr'><strong>Parmenses</strong></span> <span class='ocrx_word' id='word_1_80' title='bbox 1078 1661 1113 1724; x_wconf 92' lang='lat' dir='ltr'><strong>ct</strong></span> <span class='ocrx_word' id='word_1_81' title='bbox 1130 1652 1342 1726; x_wconf 88' lang='lat' dir='ltr'><strong>lllutinenses</strong></span> <span class='ocrx_word' id='word_1_82' title='bbox 1367 1653 1525 1726; x_wconf 88' lang='lat' dir='ltr'><strong>asclerati</strong></span> <span class='ocrx_word' id='word_1_83' title='bbox 1547 1653 1649 1726; x_wconf 87' lang='lat' dir='ltr'><strong>etad</strong></span> <span class='ocrx_word' id='word_1_84' title='bbox 1671 1653 1802 1726; x_wconf 89' lang='lat' dir='ltr'><strong>bellum</strong></span> <span class='ocrx_word' id='word_1_85' title='bbox 1823 1653 1995 1744; x_wconf 84' lang='lat' dir='ltr'><strong>ordinati,</strong></span> 
     </span>
     <span class='ocr_line' id='line_1_10' title="bbox 580 1775 1998 1870; baseline -0.001 -18"><span class='ocrx_word' id='word_1_86' title='bbox 580 1779 826 1852; x_wconf 76' lang='lat' dir='ltr'><strong>Cremonenses</strong></span> <span class='ocrx_word' id='word_1_87' title='bbox 856 1777 901 1848; x_wconf 91' lang='lat' dir='ltr'><strong>ab</strong></span> <span class='ocrx_word' id='word_1_88' title='bbox 929 1798 1000 1847; x_wconf 92' lang='lat' dir='ltr'><strong>una</strong></span> <span class='ocrx_word' id='word_1_89' title='bbox 1024 1785 1122 1870; x_wconf 88' lang='lat' dir='ltr'><strong>parte</strong></span> <span class='ocrx_word' id='word_1_90' title='bbox 1146 1775 1291 1869; x_wconf 90' lang='lat' dir='ltr'><strong>carocii,</strong></span> <span class='ocrx_word' id='word_1_91' title='bbox 1317 1776 1519 1849; x_wconf 89' lang='lat' dir='ltr'><strong>Parmenses</strong></span> <span class='ocrx_word' id='word_1_92' title='bbox 1548 1798 1630 1849; x_wconf 90' lang='lat' dir='ltr'><strong>vero</strong></span> <span class='ocrx_word' id='word_1_93' title='bbox 1658 1797 1706 1849; x_wconf 84' lang='lat' dir='ltr'><strong>ex</strong></span> <span class='ocrx_word' id='word_1_94' title='bbox 1734 1779 1860 1868; x_wconf 87' lang='lat' dir='ltr'><strong>altera,</strong></span> <span class='ocrx_word' id='word_1_95' title='bbox 1887 1777 1998 1850; x_wconf 86' lang='lat' dir='ltr'><strong>bluti-</strong></span> 
     </span>
     <span class='ocr_line' id='line_1_11' title="bbox 580 1899 1997 1996; baseline -0.001 -22"><span class='ocrx_word' id='word_1_96' title='bbox 580 1924 706 1976; x_wconf 89' lang='lat' dir='ltr'><strong>nenses</strong></span> <span class='ocrx_word' id='word_1_97' title='bbox 725 1921 865 1996; x_wconf 88' lang='lat' dir='ltr'><strong>quoque</strong></span> <span class='ocrx_word' id='word_1_98' title='bbox 885 1899 920 1970; x_wconf 92' lang='lat' dir='ltr'><strong>iu</strong></span> <span class='ocrx_word' id='word_1_99' title='bbox 939 1899 1050 1994; x_wconf 91' lang='lat' dir='ltr'><strong>prima</strong></span> <span class='ocrx_word' id='word_1_100' title='bbox 1067 1900 1156 1971; x_wconf 91' lang='lat' dir='ltr'><strong>actie</strong></span> <span class='ocrx_word' id='word_1_101' title='bbox 1180 1900 1243 1994; x_wconf 91' lang='lat' dir='ltr'><strong>qui</strong></span> <span class='ocrx_word' id='word_1_102' title='bbox 1258 1920 1379 1972; x_wconf 90' lang='lat' dir='ltr'><strong>omnes</strong></span> <span class='ocrx_word' id='word_1_103' title='bbox 1397 1899 1639 1972; x_wconf 84' lang='lat' dir='ltr'><strong>universaliter</strong></span> <span class='ocrx_word' id='word_1_104' title='bbox 1655 1921 1719 1996; x_wconf 91' lang='lat' dir='ltr'><strong>pro</strong></span> <span class='ocrx_word' id='word_1_105' title='bbox 1736 1921 1801 1973; x_wconf 91' lang='lat' dir='ltr'><strong>sno</strong></span> <span class='ocrx_word' id='word_1_106' title='bbox 1822 1902 1997 1974; x_wconf 90' lang='lat' dir='ltr'><strong>communi</strong></span> 
     </span>
     <span class='ocr_line' id='line_1_12' title="bbox 583 2023 1999 2119; baseline -0.002 -21"><span class='ocrx_word' id='word_1_107' title='bbox 583 2026 714 2098; x_wconf 88' lang='lat' dir='ltr'><strong>ibidem</strong></span> <span class='ocrx_word' id='word_1_108' title='bbox 737 2025 874 2096; x_wconf 85' lang='lat' dir='ltr'><strong>luerent</strong></span> <span class='ocrx_word' id='word_1_109' title='bbox 904 2023 1124 2116; x_wconf 86' lang='lat' dir='ltr'><strong>congregati,</strong></span> <span class='ocrx_word' id='word_1_110' title='bbox 1145 2023 1364 2096; x_wconf 87' lang='lat' dir='ltr'><strong>accntissima</strong></span> <span class='ocrx_word' id='word_1_111' title='bbox 1389 2023 1480 2096; x_wconf 85' lang='lat' dir='ltr'><strong>actia</strong></span> <span class='ocrx_word' id='word_1_112' title='bbox 1502 2031 1715 2112; x_wconf 90' lang='lat' dir='ltr'><strong>constructa,</strong></span> <span class='ocrx_word' id='word_1_113' title='bbox 1745 2025 1856 2097; x_wconf 89' lang='lat' dir='ltr'><strong>veloci</strong></span> <span class='ocrx_word' id='word_1_114' title='bbox 1885 2023 1999 2119; x_wconf 86' lang='lat' dir='ltr'><strong>gradu</strong></span> 
     </span>
     <span class='ocr_line' id='line_1_13' title="bbox 582 2146 1997 2242; baseline -0.001 -20"><span class='ocrx_word' id='word_1_115' title='bbox 582 2159 701 2222; x_wconf 89' lang='lat' dir='ltr'><strong>contra</strong></span> <span class='ocrx_word' id='word_1_116' title='bbox 733 2148 926 2222; x_wconf 80' lang='lat' dir='ltr'><strong>exercitum</strong></span> <span class='ocrx_word' id='word_1_117' title='bbox 961 2146 1230 2219; x_wconf 78' lang='lat' dir='ltr'><strong>bononiensium</strong></span> <span class='ocrx_word' id='word_1_118' title='bbox 1256 2155 1487 2219; x_wconf 89' lang='lat' dir='ltr'><strong>accesserunt.</strong></span> <span class='ocrx_word' id='word_1_119' title='bbox 1515 2147 1558 2218; x_wconf 85' lang='lat' dir='ltr'><strong>Et</strong></span> <span class='ocrx_word' id='word_1_120' title='bbox 1586 2156 1669 2218; x_wconf 87' lang='lat' dir='ltr'><strong>lunc</strong></span> <span class='ocrx_word' id='word_1_121' title='bbox 1706 2147 1812 2220; x_wconf 85' lang='lat' dir='ltr'><strong>actiae</strong></span> <span class='ocrx_word' id='word_1_122' title='bbox 1847 2147 1997 2242; x_wconf 87' lang='lat' dir='ltr'><strong>quedam</strong></span> 
     </span>
     <span class='ocr_line' id='line_1_14' title="bbox 582 2269 1999 2366; baseline -0.002 -20"><span class='ocrx_word' id='word_1_123' title='bbox 582 2273 816 2346; x_wconf 87' lang='lat' dir='ltr'><strong>Parmensium</strong></span> <span class='ocrx_word' id='word_1_124' title='bbox 840 2281 875 2344; x_wconf 88' lang='lat' dir='ltr'><strong>et</strong></span> <span class='ocrx_word' id='word_1_125' title='bbox 897 2270 1146 2342; x_wconf 89' lang='lat' dir='ltr'><strong>Mutinensium</strong></span> <span class='ocrx_word' id='word_1_126' title='bbox 1177 2270 1384 2365; x_wconf 88' lang='lat' dir='ltr'><strong>peritissime</strong></span> <span class='ocrx_word' id='word_1_127' title='bbox 1407 2269 1564 2344; x_wconf 90' lang='lat' dir='ltr'><strong>ordinata</strong></span> <span class='ocrx_word' id='word_1_128' title='bbox 1591 2279 1710 2343; x_wconf 93' lang='lat' dir='ltr'><strong>contra</strong></span> <span class='ocrx_word' id='word_1_129' title='bbox 1735 2281 1868 2366; x_wconf 90' lang='lat' dir='ltr'><strong>partem</strong></span> <span class='ocrx_word' id='word_1_130' title='bbox 1894 2294 1999 2343; x_wconf 90' lang='lat' dir='ltr'><strong>unam</strong></span> 
     </span>
     <span class='ocr_line' id='line_1_15' title="bbox 586 2391 2000 2491; baseline -0.002 -23"><span class='ocrx_word' id='word_1_131' title='bbox 586 2396 750 2491; x_wconf 86' lang='lat' dir='ltr'><strong>quarterii</strong></span> <span class='ocrx_word' id='word_1_132' title='bbox 767 2394 1034 2466; x_wconf 88' lang='lat' dir='ltr'><strong>Bononiensium</strong></span> <span class='ocrx_word' id='word_1_133' title='bbox 1053 2391 1199 2488; x_wconf 91' lang='lat' dir='ltr'><strong>prelium</strong></span> <span class='ocrx_word' id='word_1_134' title='bbox 1212 2393 1408 2486; x_wconf 84' lang='lat' dir='ltr'><strong>inchoavit,</strong></span> <span class='ocrx_word' id='word_1_135' title='bbox 1428 2394 1476 2464; x_wconf 84' lang='lat' dir='ltr'><strong>ita</strong></span> <span class='ocrx_word' id='word_1_136' title='bbox 1495 2402 1706 2488; x_wconf 80' lang='lat' dir='ltr'><strong>magnumst</strong></span> <span class='ocrx_word' id='word_1_137' title='bbox 1724 2394 1883 2487; x_wconf 90' lang='lat' dir='ltr'><strong>iniquum</strong></span> <span class='ocrx_word' id='word_1_138' title='bbox 1903 2393 2000 2488; x_wconf 91' lang='lat' dir='ltr'><strong>quod</strong></span> 
     </span>
     <span class='ocr_line' id='line_1_16' title="bbox 584 2515 1999 2610; baseline -0.001 -18"><span class='ocrx_word' id='word_1_139' title='bbox 584 2543 605 2592; x_wconf 91' lang='lat' dir='ltr'><strong>a</strong></span> <span class='ocrx_word' id='word_1_140' title='bbox 629 2519 793 2592; x_wconf 85' lang='lat' dir='ltr'><strong>memoria</strong></span> <span class='ocrx_word' id='word_1_141' title='bbox 819 2518 999 2590; x_wconf 92' lang='lat' dir='ltr'><strong>hominum</strong></span> <span class='ocrx_word' id='word_1_142' title='bbox 1028 2517 1064 2588; x_wconf 95' lang='lat' dir='ltr'><strong>in</strong></span> <span class='ocrx_word' id='word_1_143' title='bbox 1083 2517 1181 2588; x_wconf 90' lang='lat' dir='ltr'><strong>ltalia</strong></span> <span class='ocrx_word' id='word_1_144' title='bbox 1206 2515 1378 2590; x_wconf 87' lang='lat' dir='ltr'><strong>recordari</strong></span> <span class='ocrx_word' id='word_1_145' title='bbox 1407 2516 1549 2588; x_wconf 91' lang='lat' dir='ltr'><strong>minime</strong></span> <span class='ocrx_word' id='word_1_146' title='bbox 1570 2524 1701 2610; x_wconf 84' lang='lat' dir='ltr'><strong>potest3</strong></span> <span class='ocrx_word' id='word_1_147' title='bbox 1727 2525 1830 2609; x_wconf 87' lang='lat' dir='ltr'><strong>gente</strong></span> <span class='ocrx_word' id='word_1_148' title='bbox 1846 2517 1999 2590; x_wconf 88' lang='lat' dir='ltr'><strong>Bononia</strong></span> 
     </span>
     <span class='ocr_line' id='line_1_17' title="bbox 585 2637 2001 2740; baseline -0.004 -23"><span class='ocrx_word' id='word_1_149' title='bbox 585 2667 647 2740; x_wconf 92' lang='lat' dir='ltr'><strong>per</strong></span> <span class='ocrx_word' id='word_1_150' title='bbox 671 2665 832 2738; x_wconf 89' lang='lat' dir='ltr'><strong>campum</strong></span> <span class='ocrx_word' id='word_1_151' title='bbox 861 2643 1047 2714; x_wconf 88' lang='lat' dir='ltr'><strong>enormiter</strong></span> <span class='ocrx_word' id='word_1_152' title='bbox 1074 2639 1229 2735; x_wconf 86' lang='lat' dir='ltr'><strong>dispersa</strong></span> <span class='ocrx_word' id='word_1_153' title='bbox 1253 2661 1324 2712; x_wconf 93' lang='lat' dir='ltr'><strong>non</strong></span> <span class='ocrx_word' id='word_1_154' title='bbox 1352 2638 1505 2712; x_wconf 88' lang='lat' dir='ltr'><strong>credenti</strong></span> <span class='ocrx_word' id='word_1_155' title='bbox 1531 2637 1628 2733; x_wconf 88' lang='lat' dir='ltr'><strong>quod</strong></span> <span class='ocrx_word' id='word_1_156' title='bbox 1653 2639 1800 2732; x_wconf 90' lang='lat' dir='ltr'><strong>prelium</strong></span> <span class='ocrx_word' id='word_1_157' title='bbox 1827 2659 1905 2711; x_wconf 89' lang='lat' dir='ltr'><strong>esse</strong></span> <span class='ocrx_word' id='word_1_158' title='bbox 1934 2638 2001 2712; x_wconf 92' lang='lat' dir='ltr'><strong>de-</strong></span> 
     </span>
     <span class='ocr_line' id='line_1_18' title="bbox 585 2759 2000 2858; baseline -0.006 -18"><span class='ocrx_word' id='word_1_159' title='bbox 585 2768 701 2858; x_wconf 90' lang='lat' dir='ltr'><strong>beret,</strong></span> <span class='ocrx_word' id='word_1_160' title='bbox 729 2767 780 2838; x_wconf 89' lang='lat' dir='ltr'><strong>sic</strong></span> <span class='ocrx_word' id='word_1_161' title='bbox 803 2764 898 2857; x_wconf 90' lang='lat' dir='ltr'><strong>quod</strong></span> <span class='ocrx_word' id='word_1_162' title='bbox 921 2763 983 2835; x_wconf 82' lang='lat' dir='ltr'><strong>vix</strong></span> <span class='ocrx_word' id='word_1_163' title='bbox 1008 2763 1144 2858; x_wconf 89' lang='lat' dir='ltr'><strong>incepto</strong></span> <span class='ocrx_word' id='word_1_164' title='bbox 1171 2762 1279 2858; x_wconf 88' lang='lat' dir='ltr'><strong>prelio</strong></span> <span class='ocrx_word' id='word_1_165' title='bbox 1301 2760 1413 2856; x_wconf 89' lang='lat' dir='ltr'><strong>potuit</strong></span> <span class='ocrx_word' id='word_1_166' title='bbox 1437 2761 1639 2854; x_wconf 85' lang='lat' dir='ltr'><strong>congregari</strong></span> <span class='ocrx_word' id='word_1_167' title='bbox 1659 2769 1695 2833; x_wconf 87' lang='lat' dir='ltr'><strong>et</strong></span> <span class='ocrx_word' id='word_1_168' title='bbox 1717 2759 1754 2831; x_wconf 95' lang='lat' dir='ltr'><strong>in</strong></span> <span class='ocrx_word' id='word_1_169' title='bbox 1778 2759 1880 2834; x_wconf 90' lang='lat' dir='ltr'><strong>turba</strong></span> <span class='ocrx_word' id='word_1_170' title='bbox 1903 2771 1938 2834; x_wconf 91' lang='lat' dir='ltr'><strong>et</strong></span> <span class='ocrx_word' id='word_1_171' title='bbox 1963 2761 2000 2833; x_wconf 92' lang='lat' dir='ltr'><strong>in</strong></span> 
     </span>
     <span class='ocr_line' id='line_1_19' title="bbox 589 2883 2001 2979; baseline -0.006 -13"><span class='ocrx_word' id='word_1_172' title='bbox 589 2893 698 2966; x_wconf 88' lang='lat' dir='ltr'><strong>sclera</strong></span> <span class='ocrx_word' id='word_1_173' title='bbox 721 2888 865 2979; x_wconf 85' lang='lat' dir='ltr'><strong>reduci,</strong></span> <span class='ocrx_word' id='word_1_174' title='bbox 893 2886 1049 2960; x_wconf 90' lang='lat' dir='ltr'><strong>velutin</strong></span> <span class='ocrx_word' id='word_1_175' title='bbox 1075 2885 1312 2958; x_wconf 89' lang='lat' dir='ltr'><strong>consimilibus</strong></span> <span class='ocrx_word' id='word_1_176' title='bbox 1338 2883 1413 2956; x_wconf 88' lang='lat' dir='ltr'><strong>lieri</strong></span> <span class='ocrx_word' id='word_1_177' title='bbox 1439 2885 1631 2956; x_wconf 84' lang='lat' dir='ltr'><strong>consuevit.</strong></span> <span class='ocrx_word' id='word_1_178' title='bbox 1658 2883 1740 2956; x_wconf 85' lang='lat' dir='ltr'><strong>Pars</strong></span> <span class='ocrx_word' id='word_1_179' title='bbox 1770 2905 1854 2956; x_wconf 90' lang='lat' dir='ltr'><strong>vero</strong></span> <span class='ocrx_word' id='word_1_180' title='bbox 1878 2905 2001 2978; x_wconf 88' lang='lat' dir='ltr'><strong>supra-</strong></span> 
     </span>
     <span class='ocr_line' id='line_1_20' title="bbox 589 3005 2003 3104; baseline -0.007 -16"><span class='ocrx_word' id='word_1_181' title='bbox 589 3015 681 3088; x_wconf 90' lang='lat' dir='ltr'><strong>dicta</strong></span> <span class='ocrx_word' id='word_1_182' title='bbox 705 3009 974 3084; x_wconf 78' lang='lat' dir='ltr'><strong>bononiensium</strong></span> <span class='ocrx_word' id='word_1_183' title='bbox 1006 3008 1166 3103; x_wconf 90' lang='lat' dir='ltr'><strong>primitus</strong></span> <span class='ocrx_word' id='word_1_184' title='bbox 1193 3028 1335 3104; x_wconf 89' lang='lat' dir='ltr'><strong>agressa</strong></span> <span class='ocrx_word' id='word_1_185' title='bbox 1361 3006 1637 3100; x_wconf 87' lang='lat' dir='ltr'><strong>impugnantiam</strong></span> <span class='ocrx_word' id='word_1_186' title='bbox 1671 3005 1824 3079; x_wconf 90' lang='lat' dir='ltr'><strong>bostium</strong></span> <span class='ocrx_word' id='word_1_187' title='bbox 1859 3005 2003 3079; x_wconf 84' lang='lat' dir='ltr'><strong>viriliter</strong></span> 
     </span>
     <span class='ocr_line' id='line_1_21' title="bbox 586 3129 2004 3229; baseline -0.006 -19"><span class='ocrx_word' id='word_1_188' title='bbox 586 3137 767 3227; x_wconf 88' lang='lat' dir='ltr'><strong>sustinuit,</strong></span> <span class='ocrx_word' id='word_1_189' title='bbox 790 3144 824 3207; x_wconf 92' lang='lat' dir='ltr'><strong>et</strong></span> <span class='ocrx_word' id='word_1_190' title='bbox 843 3129 1030 3229; x_wconf 90' lang='lat' dir='ltr'><strong>pugnando</strong></span> <span class='ocrx_word' id='word_1_191' title='bbox 1057 3140 1093 3204; x_wconf 89' lang='lat' dir='ltr'><strong>et</strong></span> <span class='ocrx_word' id='word_1_192' title='bbox 1116 3129 1162 3204; x_wconf 89' lang='lat' dir='ltr'><strong>ad</strong></span> <span class='ocrx_word' id='word_1_193' title='bbox 1184 3131 1333 3203; x_wconf 87' lang='lat' dir='ltr'><strong>invicem</strong></span> <span class='ocrx_word' id='word_1_194' title='bbox 1354 3129 1533 3224; x_wconf 89' lang='lat' dir='ltr'><strong>preliando</strong></span> <span class='ocrx_word' id='word_1_195' title='bbox 1559 3150 1731 3224; x_wconf 89' lang='lat' dir='ltr'><strong>unapars</strong></span> <span class='ocrx_word' id='word_1_196' title='bbox 1754 3129 1896 3202; x_wconf 87' lang='lat' dir='ltr'><strong>alteram</strong></span> <span class='ocrx_word' id='word_1_197' title='bbox 1919 3151 2004 3225; x_wconf 89' lang='lat' dir='ltr'><strong>sepe</strong></span> 
     </span>
     <span class='ocr_line' id='line_1_22' title="bbox 588 3235 2003 3356; baseline -0.007 -20"><span class='ocrx_word' id='word_1_198' title='bbox 588 3259 761 3356; x_wconf 88' lang='lat' dir='ltr'><strong>usquead</strong></span> <span class='ocrx_word' id='word_1_199' title='bbox 783 3235 948 3352; x_wconf 88' lang='lat' dir='ltr'><strong>populum</strong></span> <span class='ocrx_word' id='word_1_200' title='bbox 969 3255 1123 3348; x_wconf 85' lang='lat' dir='ltr'><strong>fugabat.</strong></span> <span class='ocrx_word' id='word_1_201' title='bbox 1142 3253 1373 3349; x_wconf 87' lang='lat' dir='ltr'><strong>Percipientes</strong></span> <span class='ocrx_word' id='word_1_202' title='bbox 1391 3261 1508 3326; x_wconf 86' lang='lat' dir='ltr'><strong>autem</strong></span> <span class='ocrx_word' id='word_1_203' title='bbox 1525 3254 1727 3327; x_wconf 89' lang='lat' dir='ltr'><strong>Parmenses</strong></span> <span class='ocrx_word' id='word_1_204' title='bbox 1743 3262 1778 3326; x_wconf 90' lang='lat' dir='ltr'><strong>et</strong></span> <span class='ocrx_word' id='word_1_205' title='bbox 1795 3255 2003 3327; x_wconf 83' lang='lat' dir='ltr'><strong>Mutinenses</strong></span> 
     </span>
     <span class='ocr_line' id='line_1_23' title="bbox 590 3375 2004 3471; baseline -0.004 -13"><span class='ocrx_word' id='word_1_206' title='bbox 590 3381 822 3458; x_wconf 86' lang='lat' dir='ltr'><strong>Bononienses</strong></span> <span class='ocrx_word' id='word_1_207' title='bbox 846 3380 882 3449; x_wconf 94' lang='lat' dir='ltr'><strong>in</strong></span> <span class='ocrx_word' id='word_1_208' title='bbox 908 3377 999 3449; x_wconf 92' lang='lat' dir='ltr'><strong>bello</strong></span> <span class='ocrx_word' id='word_1_209' title='bbox 1024 3377 1152 3449; x_wconf 82' lang='lat' dir='ltr'><strong>sortiter</strong></span> <span class='ocrx_word' id='word_1_210' title='bbox 1182 3377 1357 3468; x_wconf 89' lang='lat' dir='ltr'><strong>resistere,</strong></span> <span class='ocrx_word' id='word_1_211' title='bbox 1386 3377 1438 3449; x_wconf 90' lang='lat' dir='ltr'><strong>ira</strong></span> <span class='ocrx_word' id='word_1_212' title='bbox 1462 3385 1498 3448; x_wconf 91' lang='lat' dir='ltr'><strong>et</strong></span> <span class='ocrx_word' id='word_1_213' title='bbox 1521 3375 1640 3450; x_wconf 91' lang='lat' dir='ltr'><strong>dolore</strong></span> <span class='ocrx_word' id='word_1_214' title='bbox 1669 3377 1850 3471; x_wconf 88' lang='lat' dir='ltr'><strong>commoti,</strong></span> <span class='ocrx_word' id='word_1_215' title='bbox 1883 3399 2004 3452; x_wconf 88' lang='lat' dir='ltr'><strong>omnes</strong></span> 
     </span>
     <span class='ocr_line' id='line_1_24' title="bbox 590 3499 2002 3582; baseline -0.007 0"><span class='ocrx_word' id='word_1_216' title='bbox 590 3509 722 3582; x_wconf 85' lang='lat' dir='ltr'><strong>scilicet</strong></span> <span class='ocrx_word' id='word_1_217' title='bbox 739 3508 940 3579; x_wconf 89' lang='lat' dir='ltr'><strong>Parmenses</strong></span> <span class='ocrx_word' id='word_1_218' title='bbox 959 3509 994 3574; x_wconf 89' lang='lat' dir='ltr'><strong>et</strong></span> <span class='ocrx_word' id='word_1_219' title='bbox 1013 3499 1226 3574; x_wconf 89' lang='lat' dir='ltr'><strong>Mutinenses</strong></span> <span class='ocrx_word' id='word_1_220' title='bbox 1247 3499 1293 3572; x_wconf 91' lang='lat' dir='ltr'><strong>ad</strong></span> <span class='ocrx_word' id='word_1_221' title='bbox 1317 3500 1449 3573; x_wconf 89' lang='lat' dir='ltr'><strong>dictum</strong></span> <span class='ocrx_word' id='word_1_222' title='bbox 1478 3501 1607 3572; x_wconf 89' lang='lat' dir='ltr'><strong>bellum</strong></span> <span class='ocrx_word' id='word_1_223' title='bbox 1629 3499 1762 3572; x_wconf 88' lang='lat' dir='ltr'><strong>diutins</strong></span> <span class='ocrx_word' id='word_1_224' title='bbox 1783 3509 2002 3574; x_wconf 85' lang='lat' dir='ltr'><strong>concreatum</strong></span> 
     </span>
     <span class='ocr_line' id='line_1_25' title="bbox 590 3624 2003 3722; baseline -0.007 -16"><span class='ocrx_word' id='word_1_225' title='bbox 590 3634 714 3706; x_wconf 88' lang='lat' dir='ltr'><strong>acriter</strong></span> <span class='ocrx_word' id='word_1_226' title='bbox 737 3633 974 3717; x_wconf 75' lang='lat' dir='ltr'><strong>accesserunt,</strong></span> <span class='ocrx_word' id='word_1_227' title='bbox 992 3625 1149 3698; x_wconf 91' lang='lat' dir='ltr'><strong>similiter</strong></span> <span class='ocrx_word' id='word_1_228' title='bbox 1161 3645 1282 3698; x_wconf 87' lang='lat' dir='ltr'><strong>omnes</strong></span> <span class='ocrx_word' id='word_1_229' title='bbox 1302 3624 1458 3698; x_wconf 85' lang='lat' dir='ltr'><strong>cohortes</strong></span> <span class='ocrx_word' id='word_1_230' title='bbox 1479 3646 1569 3719; x_wconf 86' lang='lat' dir='ltr'><strong>quas</strong></span> <span class='ocrx_word' id='word_1_231' title='bbox 1582 3625 1737 3698; x_wconf 82' lang='lat' dir='ltr'><strong>Bononia</strong></span> <span class='ocrx_word' id='word_1_232' title='bbox 1761 3627 1945 3722; x_wconf 85' lang='lat' dir='ltr'><strong>seperatim</strong></span> <span class='ocrx_word' id='word_1_233' title='bbox 1967 3626 2003 3697; x_wconf 94' lang='lat' dir='ltr'><strong>in</strong></span> 
     </span>
     <span class='ocr_line' id='line_1_26' title="bbox 591 3747 2005 3840; baseline -0.006 -12"><span class='ocrx_word' id='word_1_234' title='bbox 591 3775 733 3829; x_wconf 91' lang='lat' dir='ltr'><strong>suorum</strong></span> <span class='ocrx_word' id='word_1_235' title='bbox 752 3751 900 3824; x_wconf 90' lang='lat' dir='ltr'><strong>militum</strong></span> <span class='ocrx_word' id='word_1_236' title='bbox 918 3769 1120 3822; x_wconf 89' lang='lat' dir='ltr'><strong>succursum</strong></span> <span class='ocrx_word' id='word_1_237' title='bbox 1138 3747 1304 3820; x_wconf 85' lang='lat' dir='ltr'><strong>instanter</strong></span> <span class='ocrx_word' id='word_1_238' title='bbox 1325 3757 1579 3837; x_wconf 83' lang='lat' dir='ltr'><strong>cenvenerunt,</strong></span> <span class='ocrx_word' id='word_1_239' title='bbox 1601 3757 1636 3820; x_wconf 92' lang='lat' dir='ltr'><strong>et</strong></span> <span class='ocrx_word' id='word_1_240' title='bbox 1652 3757 1821 3822; x_wconf 86' lang='lat' dir='ltr'><strong>certantes</strong></span> <span class='ocrx_word' id='word_1_241' title='bbox 1838 3758 1873 3840; x_wconf 83' lang='lat' dir='ltr'><strong>et</strong></span> <span class='ocrx_word' id='word_1_242' title='bbox 1889 3748 1935 3822; x_wconf 93' lang='lat' dir='ltr'><strong>ad</strong></span> <span class='ocrx_word' id='word_1_243' title='bbox 1950 3749 2005 3820; x_wconf 93' lang='lat' dir='ltr'><strong>in-</strong></span> 
     </span>
     <span class='ocr_line' id='line_1_27' title="bbox 592 3873 2004 3969; baseline -0.006 -17"><span class='ocrx_word' id='word_1_244' title='bbox 592 3880 706 3952; x_wconf 84' lang='lat' dir='ltr'><strong>vicem</strong></span> <span class='ocrx_word' id='word_1_245' title='bbox 724 3874 939 3969; x_wconf 88' lang='lat' dir='ltr'><strong>iniquissime</strong></span> <span class='ocrx_word' id='word_1_246' title='bbox 960 3881 1172 3967; x_wconf 79' lang='lat' dir='ltr'><strong>pugnantes,</strong></span> <span class='ocrx_word' id='word_1_247' title='bbox 1198 3893 1366 3966; x_wconf 88' lang='lat' dir='ltr'><strong>unapars</strong></span> <span class='ocrx_word' id='word_1_248' title='bbox 1386 3873 1528 3944; x_wconf 87' lang='lat' dir='ltr'><strong>alteram</strong></span> <span class='ocrx_word' id='word_1_249' title='bbox 1543 3893 1625 3966; x_wconf 90' lang='lat' dir='ltr'><strong>sepe</strong></span> <span class='ocrx_word' id='word_1_250' title='bbox 1646 3881 1681 3946; x_wconf 91' lang='lat' dir='ltr'><strong>et</strong></span> <span class='ocrx_word' id='word_1_251' title='bbox 1697 3873 1815 3968; x_wconf 88' lang='lat' dir='ltr'><strong>sepius</strong></span> <span class='ocrx_word' id='word_1_252' title='bbox 1837 3873 2004 3968; x_wconf 91' lang='lat' dir='ltr'><strong>usquein</strong></span> 
     </span>
     <span class='ocr_line' id='line_1_28' title="bbox 592 3993 2005 4094; baseline -0.002 -21"><span class='ocrx_word' id='word_1_253' title='bbox 592 4023 696 4073; x_wconf 93' lang='lat' dir='ltr'><strong>suum</strong></span> <span class='ocrx_word' id='word_1_254' title='bbox 722 3997 889 4094; x_wconf 91' lang='lat' dir='ltr'><strong>populum</strong></span> <span class='ocrx_word' id='word_1_255' title='bbox 914 3995 1134 4089; x_wconf 86' lang='lat' dir='ltr'><strong>repellentes.</strong></span> <span class='ocrx_word' id='word_1_256' title='bbox 1154 3993 1196 4065; x_wconf 84' lang='lat' dir='ltr'><strong>Et</strong></span> <span class='ocrx_word' id='word_1_257' title='bbox 1218 3993 1304 4066; x_wconf 93' lang='lat' dir='ltr'><strong>dum</strong></span> <span class='ocrx_word' id='word_1_258' title='bbox 1328 3995 1375 4064; x_wconf 83' lang='lat' dir='ltr'><strong>ita</strong></span> <span class='ocrx_word' id='word_1_259' title='bbox 1391 3995 1632 4088; x_wconf 90' lang='lat' dir='ltr'><strong>preliarentnr,</strong></span> <span class='ocrx_word' id='word_1_260' title='bbox 1656 3996 1891 4069; x_wconf 88' lang='lat' dir='ltr'><strong>Bononienses</strong></span> <span class='ocrx_word' id='word_1_261' title='bbox 1913 3997 2005 4070; x_wconf 88' lang='lat' dir='ltr'><strong>circa</strong></span> 
     </span>
     <span class='ocr_line' id='line_1_29' title="bbox 592 4117 2003 4221; baseline -0.006 -23"><span class='ocrx_word' id='word_1_262' title='bbox 592 4127 655 4199; x_wconf 89' lang='lat' dir='ltr'><strong>Xll</strong></span> <span class='ocrx_word' id='word_1_263' title='bbox 684 4125 835 4221; x_wconf 89' lang='lat' dir='ltr'><strong>plaustra</strong></span> <span class='ocrx_word' id='word_1_264' title='bbox 866 4139 971 4215; x_wconf 89' lang='lat' dir='ltr'><strong>super</strong></span> <span class='ocrx_word' id='word_1_265' title='bbox 1003 4119 1132 4213; x_wconf 91' lang='lat' dir='ltr'><strong>quibus</strong></span> <span class='ocrx_word' id='word_1_266' title='bbox 1168 4117 1404 4212; x_wconf 80' lang='lat' dir='ltr'><strong>mangonellos</strong></span> <span class='ocrx_word' id='word_1_267' title='bbox 1427 4125 1463 4190; x_wconf 92' lang='lat' dir='ltr'><strong>et</strong></span> <span class='ocrx_word' id='word_1_268' title='bbox 1491 4117 1652 4189; x_wconf 85' lang='lat' dir='ltr'><strong>trabucos</strong></span> <span class='ocrx_word' id='word_1_269' title='bbox 1689 4120 1936 4193; x_wconf 86' lang='lat' dir='ltr'><strong>constituerant</strong></span> <span class='ocrx_word' id='word_1_270' title='bbox 1967 4121 2003 4192; x_wconf 91' lang='lat' dir='ltr'><strong>in</strong></span> 
     </span>
     <span class='ocr_line' id='line_1_30' title="bbox 591 4240 2006 4345; baseline -0.006 -24"><span class='ocrx_word' id='word_1_271' title='bbox 591 4249 700 4345; x_wconf 90' lang='lat' dir='ltr'><strong>prelio</strong></span> <span class='ocrx_word' id='word_1_272' title='bbox 726 4247 921 4335; x_wconf 83' lang='lat' dir='ltr'><strong>duxerunt,</strong></span> <span class='ocrx_word' id='word_1_273' title='bbox 952 4264 1033 4315; x_wconf 90' lang='lat' dir='ltr'><strong>cum</strong></span> <span class='ocrx_word' id='word_1_274' title='bbox 1058 4241 1186 4337; x_wconf 91' lang='lat' dir='ltr'><strong>quibus</strong></span> <span class='ocrx_word' id='word_1_275' title='bbox 1209 4241 1300 4314; x_wconf 87' lang='lat' dir='ltr'><strong>circa</strong></span> <span class='ocrx_word' id='word_1_276' title='bbox 1324 4240 1497 4314; x_wconf 89' lang='lat' dir='ltr'><strong>carucium</strong></span> <span class='ocrx_word' id='word_1_277' title='bbox 1520 4241 1722 4315; x_wconf 89' lang='lat' dir='ltr'><strong>Parmenses</strong></span> <span class='ocrx_word' id='word_1_278' title='bbox 1746 4251 1896 4316; x_wconf 88' lang='lat' dir='ltr'><strong>astantes</strong></span> <span class='ocrx_word' id='word_1_279' title='bbox 1917 4245 2006 4337; x_wconf 88' lang='lat' dir='ltr'><strong>lapi-</strong></span> 
     </span>
     <span class='ocr_line' id='line_1_31' title="bbox 592 4365 2006 4466; baseline -0.008 -19"><span class='ocrx_word' id='word_1_280' title='bbox 592 4375 696 4448; x_wconf 89' lang='lat' dir='ltr'><strong>dibus</strong></span> <span class='ocrx_word' id='word_1_281' title='bbox 722 4368 926 4466; x_wconf 83' lang='lat' dir='ltr'><strong>gravissime</strong></span> <span class='ocrx_word' id='word_1_282' title='bbox 949 4365 1211 4462; x_wconf 89' lang='lat' dir='ltr'><strong>percucisbant,</strong></span> <span class='ocrx_word' id='word_1_283' title='bbox 1236 4367 1467 4440; x_wconf 86' lang='lat' dir='ltr'><strong>vulnerabant</strong></span> <span class='ocrx_word' id='word_1_284' title='bbox 1491 4374 1526 4439; x_wconf 87' lang='lat' dir='ltr'><strong>et</strong></span> <span class='ocrx_word' id='word_1_285' title='bbox 1553 4365 1818 4456; x_wconf 88' lang='lat' dir='ltr'><strong>interficiebant;</strong></span> <span class='ocrx_word' id='word_1_286' title='bbox 1840 4365 1887 4438; x_wconf 88' lang='lat' dir='ltr'><strong>ita</strong></span> <span class='ocrx_word' id='word_1_287' title='bbox 1910 4365 2006 4460; x_wconf 90' lang='lat' dir='ltr'><strong>quod</strong></span> 
     </span>
     <span class='ocr_line' id='line_1_32' title="bbox 592 4487 2111 4594; baseline -0.005 -26"><span class='ocrx_word' id='word_1_288' title='bbox 592 4506 733 4594; x_wconf 90' lang='lat' dir='ltr'><strong>propter</strong></span> <span class='ocrx_word' id='word_1_289' title='bbox 752 4491 908 4589; x_wconf 92' lang='lat' dir='ltr'><strong>lapidum</strong></span> <span class='ocrx_word' id='word_1_290' title='bbox 926 4491 1015 4563; x_wconf 92' lang='lat' dir='ltr'><strong>ictus</strong></span> <span class='ocrx_word' id='word_1_291' title='bbox 1035 4512 1124 4585; x_wconf 89' lang='lat' dir='ltr'><strong>quos</strong></span> <span class='ocrx_word' id='word_1_292' title='bbox 1145 4489 1288 4563; x_wconf 87' lang='lat' dir='ltr'><strong>sufferre</strong></span> <span class='ocrx_word' id='word_1_293' title='bbox 1305 4511 1376 4563; x_wconf 91' lang='lat' dir='ltr'><strong>non</strong></span> <span class='ocrx_word' id='word_1_294' title='bbox 1399 4499 1602 4586; x_wconf 90' lang='lat' dir='ltr'><strong>potnerunt,</strong></span> <span class='ocrx_word' id='word_1_295' title='bbox 1624 4490 1797 4562; x_wconf 87' lang='lat' dir='ltr'><strong>carocium</strong></span> <span class='ocrx_word' id='word_1_296' title='bbox 1814 4489 1886 4562; x_wconf 84' lang='lat' dir='ltr'><strong>lere</strong></span> <span class='ocrx_word' id='word_1_297' title='bbox 1906 4487 2005 4561; x_wconf 88' lang='lat' dir='ltr'><strong>dere·</strong></span> <span class='ocrx_word' id='word_1_298' title='bbox 2108 4507 2111 4512; x_wconf 77' lang='grc'>’</span> 
     </span>
     <span class='ocr_line' id='line_1_33' title="bbox 592 4613 2005 4716; baseline -0.007 -23"><span class='ocrx_word' id='word_1_299' title='bbox 592 4623 779 4716; x_wconf 86' lang='lat' dir='ltr'><strong>liquerunt.</strong></span> <span class='ocrx_word' id='word_1_300' title='bbox 799 4617 842 4688; x_wconf 89' lang='lat' dir='ltr'><strong>Et</strong></span> <span class='ocrx_word' id='word_1_301' title='bbox 859 4614 1096 4710; x_wconf 76' lang='lat' dir='ltr'><strong>pugnantibus</strong></span> <span class='ocrx_word' id='word_1_302' title='bbox 1113 4622 1148 4686; x_wconf 91' lang='lat' dir='ltr'><strong>et</strong></span> <span class='ocrx_word' id='word_1_303' title='bbox 1161 4633 1240 4684; x_wconf 92' lang='lat' dir='ltr'><strong>cum</strong></span> <span class='ocrx_word' id='word_1_304' title='bbox 1258 4613 1407 4685; x_wconf 89' lang='lat' dir='ltr'><strong>inimicis</strong></span> <span class='ocrx_word' id='word_1_305' title='bbox 1425 4614 1630 4708; x_wconf 87' lang='lat' dir='ltr'><strong>gravissime</strong></span> <span class='ocrx_word' id='word_1_306' title='bbox 1645 4613 1888 4707; x_wconf 89' lang='lat' dir='ltr'><strong>preliantibus,</strong></span> <span class='ocrx_word' id='word_1_307' title='bbox 1905 4613 2005 4684; x_wconf 84' lang='lat' dir='ltr'><strong>lom·</strong></span> 
     </span>
     <span class='ocr_line' id='line_1_34' title="bbox 593 4732 2006 4832; baseline -0.011 -14"><span class='ocrx_word' id='word_1_308' title='bbox 593 4743 693 4818; x_wconf 88' lang='lat' dir='ltr'><strong>bardi</strong></span> <span class='ocrx_word' id='word_1_309' title='bbox 715 4753 799 4815; x_wconf 92' lang='lat' dir='ltr'><strong>tunc</strong></span> <span class='ocrx_word' id='word_1_310' title='bbox 815 4740 851 4812; x_wconf 95' lang='lat' dir='ltr'><strong>in</strong></span> <span class='ocrx_word' id='word_1_311' title='bbox 875 4759 994 4813; x_wconf 90' lang='lat' dir='ltr'><strong>eorum</strong></span> <span class='ocrx_word' id='word_1_312' title='bbox 1010 4757 1214 4810; x_wconf 89' lang='lat' dir='ltr'><strong>succursum</strong></span> <span class='ocrx_word' id='word_1_313' title='bbox 1234 4757 1347 4830; x_wconf 88' lang='lat' dir='ltr'><strong>nsque</strong></span> <span class='ocrx_word' id='word_1_314' title='bbox 1368 4735 1415 4810; x_wconf 90' lang='lat' dir='ltr'><strong>ad</strong></span> <span class='ocrx_word' id='word_1_315' title='bbox 1432 4735 1581 4832; x_wconf 91' lang='lat' dir='ltr'><strong>prelium</strong></span> <span class='ocrx_word' id='word_1_316' title='bbox 1597 4743 1818 4832; x_wconf 87' lang='lat' dir='ltr'><strong>perexerunt.</strong></span> <span class='ocrx_word' id='word_1_317' title='bbox 1839 4733 1920 4806; x_wconf 86' lang='lat' dir='ltr'><strong>Viso</strong></span> <span class='ocrx_word' id='word_1_318' title='bbox 1940 4732 2006 4804; x_wconf 92' lang='lat' dir='ltr'><strong>boc</strong></span> 
     </span>
    </p>
   </div>
   <div class='ocr_carea' id='block_1_3' title="bbox 0 0 2292 6068">
    <p class='ocr_par' dir='ltr' id='par_1_3' title="bbox 0 0 2292 6068">
     <span class='ocr_line' id='line_1_35' title="bbox 0 0 2292 6068; baseline 0 0"><span class='ocrx_word' id='word_1_319' title='bbox 0 0 2292 6068; x_wconf 95' lang='lat' dir='ltr'><strong> </strong></span> 
     </span>
    </p>
   </div>
  </div>
 </body>
</html>
