4568 6064
831 616 873 676 lN
896 614 1036 676 l'l'liblli
1061 611 1213 675 GESTlS.
1667 604 1728 668 355

310 750 403 824 libus
416 739 490 824 suis
511 750 656 844 gratiam
680 771 779 824 suam
800 758 836 824 et
857 771 959 824 omne
976 751 1121 824 bonum.
1143 749 1182 820 ln
1198 745 1305 819 nostri
1325 743 1439 818 cordis
1463 741 1590 836 angulo
1610 760 1728 836 repor-

310 883 421 946 tantes
445 873 550 948 fidem
575 885 610 947 et
627 874 843 948 devotionern
868 896 956 970 quas
982 875 1018 944 in
1037 873 1138 946 vobis
1164 873 1254 946 inter
1274 870 1429 964 singulas
1446 867 1557 938 Ytalie
1574 864 1729 936 civitates

309 998 536 1094 ipsarumque
553 999 733 1071 civitatum
749 997 869 1071 fideles
886 1007 920 1071 et
938 997 1081 1071 devotos
1096 1007 1230 1069 nostros
1244 1016 1327 1088 erga
1342 993 1555 1084 majestatem
1577 997 1729 1061 nostram

310 1130 497 1216 nostreque
516 1122 702 1213 majestatis
713 1131 811 1216 grata
829 1130 863 1194 et
880 1120 1006 1196 devota
1022 1121 1188 1215 obsequia
1202 1117 1418 1214 experientia
1434 1136 1580 1210 operum
1602 1132 1730 1206 cogno·

312 1245 430 1318 vimus
443 1245 635 1334 manifeste,
649 1244 808 1338 prout-ad
821 1252 934 1316 vestre
946 1245 1036 1316 lame
1048 1243 1247 1338 preconium
1260 1241 1343 1314 eatis
1354 1238 1524 1312 suffitiant
1536 1233 1731 1308 testimonia

311 1368 552 1459 laudatorum,
571 1389 636 1440 vos
651 1375 873 1460 vestramque
889 1366 971 1440 fidei
993 1375 1028 1440 et
1044 1365 1238 1440 devotionis
1257 1375 1291 1438 et
1315 1362 1477 1460 puritatis
1496 1357 1730 1434 constanciam

313 1493 431 1586 quein
445 1499 632 1586 conspectu
642 1490 829 1583 majestatis
838 1491 933 1583 regie
942 1490 1066 1562 clarius
1073 1498 1109 1564 et
1118 1490 1270 1563 radicius
1278 1485 1408 1582 (aic)(c)
1416 1483 1590 1571 clucescit,
1603 1490 1643 1554 ut
1652 1490 1731 1578 pote

313 1613 403 1687 bene
410 1613 788 1706 meritosetcondignos
795 1614 1020 1687 familiaribus
1029 1609 1727 1708 nostrisamplexibushabemusannexos.

314 1737 456 1832 Propter
478 1738 575 1833 quod
594 1760 814 1834 nequaquam
833 1737 1004 1810 dimittere
1028 1759 1214 1832 possumus
1237 1737 1322 1830 quin
1342 1755 1407 1808 vos
1430 1733 1478 1805 ad
1498 1754 1539 1806 ea
1561 1733 1680 1805 litteris
1697 1734 1732 1802 et

313 1862 452 1934 monitis
467 1862 675 1936 inducamus
698 1883 767 1956 que
787 1861 1048 1934 honori'vestro
1066 1870 1252 1954 vestroque
1270 1857 1452 1932 commodo
1474 1857 1683 1930 conveniant
1698 1867 1733 1932 et

313 1985 428 2056 saluti.
452 1987 599 2059 Demum
621 2007 701 2058 oum
725 1986 813 2057 inter
838 1995 950 2060 cetera
967 1984 1238 2058 sollicitudinum
1261 1981 1392 2055 honera
1412 1982 1448 2052 in
1466 1981 1551 2074 ipsis
1575 1983 1733 2076 partibus

313 2107 427 2180 Ytalie
443 2109 569 2182 nostris
581 2108 823 2182 incumbentia
835 2105 968 2182 umeris
979 2107 1046 2181 hoc
1061 2107 1162 2180 nobis
1172 2107 1341 2192 inhereat,
1365 2103 1599 2178 desiderantes
1613 2126 1733 2198 pacem

313 2217 467 2304 veetr'am
495 2251 557 2326 per
583 2231 725 2305 dilectos
751 2239 885 2303 nostrus
908 2231 1104 2324 Roglerium
1132 2228 1317 2324 imperialis
1345 2228 1424 2299 aule
1449 2226 1676 2300 canzelerium
1699 2236 1734 2299 et

312 2353 550 2428 honorabilem
566 2355 726 2428 comitem
745 2353 790 2426 de
803 2353 1057 2447 Fustimbergh‚
1070 2353 1293 2425 Ardicionum
1312 2349 1532 2446 primicerum
1550 2350 1734 2424 Mediolani

314 2477 444 2550 domini
471 2499 561 2573 pape
588 2477 817 2572 capellanum,
837 2475 973 2548 dudum
998 2477 1034 2547 in
1059 2477 1134 2571 ipsa
1148 2484 1260 2549 vestra
1286 2475 1426 2548 civitate
1447 2484 1561 2547 actore
1588 2476 1734 2550 Domino

313 2599 440 2672 sactum
450 2599 497 2674 ad
508 2601 675 2673 honorem
684 2599 746 2672 Dei
763 2607 798 2672 et
809 2607 1044 2672 sacro-sancte
1060 2600 1211 2672 Romane
1223 2599 1376 2688 Ecclesie
1393 2607 1428 2671 et
1439 2599 1584 2670 Romani
1598 2599 1734 2695 imperii

313 2746 377 2820 per
396 2745 460 2796 vos
473 2725 581 2796 teneri
595 2733 630 2797 et
645 2723 822 2797 observari
837 2724 874 2796 in
893 2731 1004 2796 totum
1023 2723 1241 2817 eandemque
1259 2721 1435 2798 civitatem
1450 2730 1600 2794 vestram
1620 2731 1655 2799 et
1671 2743 1734 2798 vos

313 2848 500 2943 gubernari
528 2858 561 2922 et
580 2847 732 2922 dedendi
752 2847 789 2918 in
809 2855 900 2920 statu
926 2845 1071 2942 pacifico
1092 2854 1126 2918 et
1149 2845 1352 2939 tranquillo;
1381 2866 1444 2918 vos
1466 2846 1674 2940 requirimus
1699 2857 1734 2920 et

312 2981 468 3044 ortamus
483 2981 613 3046 attente
623 2980 797 3067 quatenus
809 2971 937 3044 dictam
953 2993 1073 3065 pacem
1087 2981 1121 3043 et
1139 2969 1342 3043 sententiam
1357 2991 1420 3042 seu
1438 2971 1632 3044 sentencias
1648 2973 1733 3046 latas

314 3117 376 3191 per
390 3097 484 3191 ipsos
498 3097 554 3170 vel
567 3096 701 3190 ahquos
712 3095 863 3190 ipsorum
875 3094 1118 3190 singulamque
1130 3094 1240 3190 ipsius
1254 3093 1351 3189 pacis
1368 3095 1579 3188 sentenciam
1591 3105 1626 3169 et
1639 3097 1734 3192 capi·

313 3219 386 3292 tula
401 3220 468 3291 sub
485 3218 630 3292 obtentu
646 3219 755 3312 gratie
774 3227 889 3292 nostre
906 3219 1092 3292 observare
1108 3217 1246 3292 curctis.
1267 3219 1393 3291 Datum
1409 3219 1520 3310 Ulmo,
1537 3219 1601 3293 Xll
1615 3221 1733 3294 halen·

315 3342 379 3418 das
393 3343 553 3436 augusti,
570 3343 677 3415 nostri
695 3342 794 3435 regni
812 3363 903 3416 anno
921 3343 1037 3434 tercio.
1056 3367 1074 3412 u

362 3467 414 3538 De
432 3487 552 3539 mense
571 3487 655 3539 vero
673 3465 812 3560 augusti
830 3465 979 3540 intrante
1003 3466 1079 3561 ipso
1097 3485 1235 3558 mense,
1261 3463 1424 3540 dominus
1451 3467 1604 3543 marchio
1632 3471 1732 3544 Mon·

314 3589 457 3663 tisserati
482 3589 545 3684 qui
572 3591 757 3664 estractus
785 3590 934 3664 vicarius
952 3591 1147 3664 communis
1172 3590 1275 3686 Papie
1298 3613 1359 3686 per
1382 3591 1475 3686 ipsos
1502 3594 1732 3689 Papiensesa

312 3713 459 3786 Lambru
481 3713 642 3810 superius
667 3735 747 3786 cum
775 3715 943 3786 militibus
965 3714 1070 3810 Papia
1091 3714 1261 3810 equitavit
1282 3715 1483 3806 Novariam;
1505 3715 1633 3790 deiude
1651 3739 1731 3790 cum

313 3836 481 3909 militibus
495 3837 645 3910 Novaria
661 3848 695 3910 et
705 3838 834 3933 populo
849 3841 925 3931 ejus
942 3847 1068 3912 etcum
1080 3839 1250 3911 militibus
1265 3839 1498 3912 Vercellarum
1514 3849 1550 3914 ct
1562 3840 1731 3936 militibus

312 3961 376 4030 Ast
398 3967 433 4032 et
448 3961 647 4034 marchione
669 3960 714 4035 de
738 3961 873 4034 Saluzio
898 3970 933 4034 et
960 3963 1082 4036 Nanuo
1104 3961 1149 4036 de
1170 3965 1263 4036 Zeva
1287 3972 1322 4036 et
1346 3985 1426 4035 cum
1444 3972 1514 4036 tota
1540 3975 1643 4058 gente
1667 3987 1732 4038 sua

313 4103 574 4178 unumcumque
590 4084 719 4158 habere
735 4085 847 4181 potuit
866 4095 902 4159 et
919 4107 998 4158 cum
1016 4087 1206 4180 capitaneis
1222 4098 1258 4159 et
1272 4087 1512 4160 valvasoribus
1530 4087 1575 4160 de
1592 4089 1732 4164 civitate

313 4215 349 4278 et
363 4208 528 4280 comitatu
554 4209 739 4284 Mediolani
765 4217 800 4282 et
829 4231 910 4282 oum
937 4209 1079 4284 domino
1106 4209 1366 4306 archiepiscopo
1388 4210 1570 4284 Mediolani
1594 4223 1730 4288 etcum

312 4329 456 4405 domino
474 4333 625 4428 Symono
647 4331 692 4405 de
714 4333 881 4408 luchario
906 4357 986 4408 cum
1012 4334 1179 4407 militibus
1201 4333 1424 4408 Theotonicis
1449 4341 1484 4407 et
1510 4335 1579 4408 alia
1603 4357 1731 4431 magna

311 4465 416 4549 genta
435 4455 472 4526 in
488 4455 670 4528 conuectis
682 4455 728 4530 de
740 4456 857 4531 Arono
875 4467 911 4531 et
923 4457 968 4532 de
981 4459 1165 4553 Hengeria,
1179 4457 1282 4531 DCCC
1295 4457 1340 4530 de
1352 4457 1547 4532 Mediolano
1568 4459 1630 4554 qui
1647 4461 1731 4536 illuc

311 4577 553 4672 equitaverunt
568 4600 674 4652 causa
687 4581 907 4656 custodiendi
928 4590 1039 4656 terras
1053 4582 1238 4658 Mediolani
1256 4592 1291 4656 et
1304 4581 1551 4656 forbanitorum
1564 4583 1727 4680 Novarie,

353 4726 395 4806 (a)
414 4727 545 4790 Barbara
556 4746 629 4810 vox,
640 4731 757 4811 ntslper
770 4735 957 4796 oscitantiam
969 4735 1119 4813 scriptoris
1131 4751 1185 4813 pro
1193 4731 1327 4796 cottidiae.
