4554 6080
768 664 810 724 ΙΝ
835 663 976 724 tvutttt
999 661 1150 724 GESTl&
1604 657 1666 720 285

248 799 436 892 Placentia,
451 798 620 889 Terdone,
636 797 839 870 rebellantes
852 798 996 872 civitati.
1015 798 1135 870 Postea
1150 796 1325 868 demenso
1339 794 1501 867 februarii
1516 795 1665 890 proximi

249 926 407 998 iecerunt
426 943 546 1018 paoem
567 942 648 993 curn
668 922 816 1016 populo,
837 931 872 993 et
889 921 947 994 die
966 919 1140 992 dominico
1160 919 1205 991 Vl
1230 917 1358 990 mensis
1378 917 1497 990 marcii
1524 916 1666 1012 pacifice

247 1047 466 1120 intraverunt
493 1043 692 1131 civitatem,
712 1043 943 1118 existentibus
961 1043 1111 1115 dominis
1131 1040 1139 1138 Ι
1160 1041 1341 1114 Guillelmo
1367 1040 1413 1114 ds
1427 1041 1526 1112 Petra
1549 1049 1664 1136 potes·
1690 1047 1855 1095 blm·

247 1179 318 1244 tate
344 1169 464 1266 populi
489 1177 524 1242 et
551 1167 679 1240 Jaoobo
706 1167 876 1260 Rutigellu
899 1175 1068 1260 potestate
1096 1165 1235 1254 militie,
1268 1163 1504 1259 promittentes
1537 1165 1664 1258 populo

246 1293 351 1388 Papie
369 1292 453 1366 dare
473 1312 596 1386 pacem
619 1291 747 1364 bonam
775 1312 856 1363 curn
878 1289 1041 1364 omnibus
1057 1288 1311 1362 circumvicinis
1329 1289 1522 1360 communis
1541 1289 1660 1384 Papie.

247 1417 286 1488 ln
310 1427 431 1490 mense
454 1436 538 1488 vero
561 1414 701 1508 augusti
726 1414 873 1509 proximi
902 1435 1017 1486 comes
1043 1413 1229 1486 Ubertinus
1255 1410 1301 1484 ds
1323 1411 1441 1483 Laudo
1467 1421 1501 1483 st
1525 1413 1579 1482 sui
1606 1435 1661 1486 sc·

246 1561 379 1634 quaoes
396 1538 583 1612 extrinseci
602 1537 647 1611 de
665 1538 838 1611 Placentia
853 1537 1068 1610 intraverunt
1088 1547 1122 1608 et
1143 1537 1345 1607 munierunt
1365 1535 1661 1610 Petramsilleriam

246 1673 282 1736 ot
296 1671 488 1757 posuerunt
505 1661 541 1732 in
560 1661 636 1756 ipsa
656 1660 812 1733 custodia
834 1661 914 1732 xxt
936 1659 1127 1732 servientes
1149 1657 1195 1731 dc
1216 1679 1335 1729 eorum
1354 1665 1464 1752 parte.
1487 1657 1553 1742 Qui
1578 1668 1661 1732 tuuc

246 1783 341 1856 illam
357 1793 565 1857 contractam
581 1783 790 1856 robaverunt
807 1792 840 1855 ct
857 1782 1122 1856 combuxerunt.
1140 1782 1217 1866 Quo
1234 1781 1354 1854 audito
1368 1801 1431 1875 per
1445 1781 1660 1856 Placentinos

246 1907 469 1998 intrinsecos,
492 1907 575 1980 illuc
596 1905 822 1979 incontinenti
846 1905 1107 2000 equitaverunt;
1128 1906 1195 2000 ipsi
1214 1927 1297 1977 vero
1320 1904 1365 1978 ds
1387 1903 1503 1999 lapide
1522 1915 1661 2000 propter

245 2053 369 2102 eorum
385 2031 570 2104 stulticiam
596 2028 852 2104 descenderunt
870 2029 1025 2101 volentes
1046 2049 1126 2098 cum
1145 2027 1212 2098 illis
1229 2026 1274 2099 de
1294 2028 1434 2100 civitate
1450 2029 1607 2122 preliari,
1624 2039 1661 2103 et

245 2151 297 2224 sic
310 2151 362 2222 illi
379 2150 578 2224 decivitate
590 2160 798 2245 possuerunt
812 2149 970 2224 homiues
986 2151 1032 2223 de
1046 2159 1136 2222 retro
1153 2150 1259 2245 ipsos,
1277 2151 1324 2222 ita
1338 2151 1433 2245 quod
1447 2153 1482 2222 iu
1498 2153 1659 2226 sumitate

104 2353 111 2363 ,
243 2273 372 2372 lapidis
384 2275 617 2348 ascenderunt
629 2284 664 2346 et
675 2273 769 2369 ipsos
785 2273 831 2346 de
844 2275 919 2369 ipso
932 2271 1048 2368 lapide
1061 2273 1269 2367 expulerunt
1285 2273 1521 2348 interficiendo
1538 2295 1659 2350 omnes

243 2399 361 2494 gladio
376 2399 424 2471 ita
435 2397 532 2492 quod
547 2397 664 2470 nullus
677 2399 798 2470 evasit.
814 2399 866 2469 De
878 2395 999 2468 eodem
1015 2417 1134 2468 mense
1146 2417 1261 2468 comes
1279 2397 1462 2468 libertinus
1476 2396 1522 2471 de
1538 2399 1658 2473 Laudo

241 2521 394 2596 volendo
414 2521 610 2594 disturbare
631 2521 822 2592 exercitum
842 2518 938 2613 quod
955 2519 1142 2592 Placentini
1165 2519 1340 2590 intrinseci
1361 2520 1521 2592 volebant
1544 2523 1658 2597 iacere

241 2645 290 2720 ad
307 2645 567 2717 Kalenzaunum
589 2663 660 2736 quo
678 2642 727 2714 ire
748 2643 923 2732 volebant,
950 2651 1094 2715 tractatu
1111 2643 1230 2713 habito
1246 2643 1283 2712 in
1298 2641 1437 2714 civitate
1451 2643 1556 2738 Papie
1574 2669 1655 2720 curn

240 2768 315 2841 suis
336 2767 545 2862 sequacibus
573 2765 714 2838 intravit
736 2764 772 2836 in
793 2764 906 2837 locum
925 2765 1192 2860 Montisdopnici
1212 2765 1411 2838 rebellando
1426 2767 1556 2840 civitati
1580 2770 1655 2842 Pla-

240 2892 365 2966 ceutie.
386 2892 463 2977 Quo
480 2889 602 2964 audito
625 2889 750 2962 milites
764 2888 952 2962 Placentini
973 2887 1148 2961 intrinseci
1167 2888 1250 2961 illuc
1269 2889 1513 2983 equitaverunt
1534 2901 1568 2964 et
1590 2893 1653 2966 ha·

239 3016 391 3089 buerunt
410 3015 461 3086 ibi
487 3013 640 3088 dedecus
662 3023 695 3086 ct
714 3021 945 3104 recesserunt,
966 3021 1002 3084 et
1024 3011 1082 3085 die
1103 3013 1196 3105 j0vis
1220 3013 1341 3084 ultimo
1365 3014 1492 3085 mensis
1514 3019 1652 3110 augusti

238 3141 365 3212 iterum
394 3161 475 3211 cum
502 3137 669 3210 militibus
693 3137 858 3209 Cremona
883 3144 918 3208 et
942 3158 1022 3208 cum
1049 3137 1177 3231 populo
1201 3136 1372 3208 Placentie
1396 3145 1430 3208 et
1453 3137 1652 3214 hominibus

237 3261 457 3337 Vallistidoni
477 3263 559 3334 illuc
574 3269 745 3334 venerunt
758 3269 793 3332 et
810 3279 872 3355 por
886 3267 957 3332 tres
973 3260 1068 3331 vices
1092 3258 1178 3331 illud
1198 3269 1347 3331 castrum
1368 3261 1602 3355 preliaverunt
1616 3273 1652 3337 et

238 3365 430 3480 dampnum
456 3385 548 3479 passi
571 3393 652 3456 sunt
674 3391 708 3456 et
734 3391 961 3456 recesserunt.
980 3382 1023 3454 Et
1040 3381 1123 3475 quia
1145 3381 1271 3454 milites
1288 3383 1393 3478 Papie
1411 3383 1470 3454 illo
1496 3393 1650 3479 tempore

236 3509 453 3581 intraverunt
472 3507 737 3601 Baaaignauam‚
762 3504 876 3579 dictus
894 3525 1010 3578 comes
1032 3515 1067 3578 et
1087 3505 1163 3596 ejus
1183 3527 1349 3600 sequaces
1372 3527 1441 3579 nou
1463 3517 1651 3602 potuerunt

235 3632 366 3706 habere
390 3629 562 3704 auxilium
586 3651 607 3702 a
628 3630 802 3702 communi
829 3629 951 3726 Papie;
972 3637 1007 3702 et
1030 3629 1113 3724 quia
1132 3629 1229 3702 locus
1251 3629 1308 3701 ille
1328 3629 1451 3702 debilis
1464 3641 1550 3723 erat,
1567 3632 1647 3706 ideo

235 3757 353 3853 ipsum
376 3755 614 3849 relinquerunt
631 3763 665 3827 et
687 3753 954 3828 combuxerunt.
972 3755 1022 3826 Ilo
1037 3775 1157 3825 mense
1176 3773 1260 3826 vero
1282 3751 1484 3846 septembris
1502 3755 1649 3828 Placen-

234 3879 299 3950 tini
323 3879 501 3952 intrinseci
523 3887 662 3974 propter
683 3877 900 3951 securitatem
922 3899 1027 3970 quarn
1047 3877 1224 3949 habebant
1244 3897 1266 3947 a
1283 3875 1447 3948 militibus
1463 3879 1567 3972 Papie
1585 3881 1647 3973 qui

233 4000 419 4072 Fallabrini
438 3999 615 4089 dicuntur,
638 4000 777 4074 iverunt
801 4007 881 4071 cum
900 4007 971 4071 toto
996 4019 1116 4072 eorum
1141 3997 1295 4069 exercitu
1320 3996 1367 4069 ad
1389 3997 1647 4072 Kalenzannum

232 4125 271 4196 in
288 4123 485 4196 municione
503 4123 604 4215 cujus
617 4133 691 4196 erat
710 4125 801 4196 llazo
821 4122 865 4196 de
880 4123 1075 4196 Kalenzauo
1094 4132 1128 4194 et
1143 4121 1202 4194 alii
1219 4119 1318 4193 multi
1340 4143 1452 4215 usque
1471 4123 1504 4192 in
1523 4123 1580 4194 LX
1602 4124 1647 4196 ds

231 4257 331 4342 parte
353 4247 549 4320 extrinseca
570 4245 616 4320 de
632 4246 825 4338 Placentia,
844 4254 879 4318 et
895 4255 1063 4318 steterunt
1077 4245 1125 4316 ibi
1138 4267 1199 4340 per
1211 4246 1327 4340 plures
1339 4243 1427 4316 dies.
1448 4243 1547 4317 Unde
1565 4267 1645 4318 cum

231 4371 408 4444 intrinseci
425 4369 471 4443 de
486 4377 597 4443 castro
615 4391 683 4442 nou
699 4377 839 4464 possent
852 4369 931 4464 plus
945 4391 982 4442 se
994 4369 1082 4441 tueri
1100 4369 1182 4462 quia
1197 4369 1296 4440 multi
1312 4389 1359 4440 ex
1373 4367 1457 4462 ipsis
1472 4369 1644 4442 vulnerati

230 4504 331 4564 erant
348 4491 395 4564 ad
416 4501 604 4585 sturmum,
620 4501 720 4566 nocte
737 4489 850 4564 silenti
874 4489 988 4563 dictus
1005 4491 1094 4564 llazo
1113 4514 1192 4564 curn
1212 4491 1289 4564 aliis
1309 4491 1354 4566 de
1371 4491 1446 4586 ipso
1468 4491 1544 4564 loco
1568 4494 1644 4587 pri-

229 4615 340 4688 vatim
359 4615 482 4688 exivit.
495 4614 598 4702 Quod
612 4614 866 4710 perseucientes
878 4614 927 4686 illi
941 4613 987 4688 de
999 4613 1136 4686 civitate
1149 4625 1317 4709 ceperunt
1329 4635 1377 4686 ex
1390 4615 1440 4686 eis
1453 4615 1514 4709 qui
1531 4617 1643 4710 lugie-

229 4737 317 4810 baut
333 4739 424 4812 circa
440 4739 548 4830 XXll,
569 4760 657 4835 quos
670 4761 791 4812 omnes
803 4737 1061 4834 suspenderunt
1073 4746 1108 4811 et
1121 4737 1417 4833 decapitaverunt.
