4676 6066
806 608 1048 672 CllRONlCOM
1073 609 1371 672 PLACEMTlNllM.
1762 605 1798 668 ll

381 745 518 817 vixerat
534 745 570 816 in
588 743 679 818 Sede
695 741 891 840 Apostoliea
903 745 1026 840 viginti
1040 745 1140 818 anuis
1155 751 1191 818 et
1206 747 1297 840 plus,
1314 751 1348 818 et
1364 743 1478 816 statim
1494 762 1587 838 papa
1601 739 1723 814 Lutius
1736 740 1801 814 luit

379 869 527 942 levatus.

429 995 480 1063 M.
501 991 537 1063 C.
557 991 743 1080 LXXXlll,
763 988 822 1064 die
843 991 978 1064 sabbati
996 991 1110 1088 pridie
1126 989 1295 1066 kalendas
1319 989 1427 1062 madii
1443 985 1496 1084 (l)
1513 989 1602 1062 inter
1621 1009 1750 1062 nonam
1764 997 1801 1062 et

378 1134 579 1210 vesperum,
603 1116 697 1188 intus
716 1115 897 1188 ecclesiam
920 1116 1034 1188 Sancti
1053 1113 1194 1188 Antonii
1211 1114 1256 1188 de
1274 1114 1445 1187 Placentia
1470 1111 1567 1186 finita
1584 1113 1651 1184 luit
1672 1133 1743 1208 pax
1764 1120 1800 1186 et

376 1237 568 1312 ‘concordia
583 1239 620 1312 in
639 1239 776 1335 scriptia
797 1239 886 1313 inter
903 1239 1085 1313 dominum
1105 1239 1345 1334 imperatorem
1362 1236 1565 1310 Federicum
1586 1245 1621 1308 et
1640 1236 1800 1311 civitatee

377 1361 551 1435 societatis
572 1363 778 1437 lombardie
803 1385 866 1459 per
887 1363 1108 1437 Guillclmum
1134 1363 1335 1458 episcopum
1353 1359 1532 1435 Astansem
1555 1367 1590 1433 et
1611 1360 1799 1434 Henricum

377 1483 558 1558 Gnertium
581 1495 617 1560 et
632 1487 770 1560 fratrem
787 1486 972 1560 Terrisium
990 1487 1131 1560 nuntios
1154 1484 1389 1582 imperatoris,
1409 1493 1444 1557 et
1467 1485 1505 1556 in
1523 1483 1582 1556 illo
1601 1504 1694 1558 anno
1717 1505 1798 1558 cas-

376 1617 470 1682 trum
488 1611 669 1684 llcnoaroli
685 1611 752 1683 luit
768 1612 908 1684 lactum.

427 1734 732 1826 M.C.LXXXllll,
744 1755 865 1808 mense
877 1733 1274 1830 septembri,Fedcrieus
1288 1733 1475 1829 imperator
1485 1729 1627 1804 venitin
1635 1730 1799 1806 lombar·

378 1856 473 1930 diam
489 1866 524 1930 et
547 1857 691 1930 intravit
713 1859 826 1953 primo
845 1859 882 1930 in
900 1858 1136 1934 Mediolanum
1159 1867 1195 1931 et
1211 1863 1329 1954 melea
1345 1855 1487 1952 Papiam
1510 1863 1546 1928 et
1566 1862 1687 1949 postea
1712 1854 1797 1928 Cre-

376 2000 537 2071 monam,
568 1989 761 2076 posteaqne
790 1980 856 2054 ivit
886 1981 1056 2056 Veronam
1089 1981 1181 2055 circa
1208 1989 1368 2053 octavam
1389 1969 1512 2052 'sandi
1544 1977 1720 2052 Michaelis
1749 1977 1797 2052 ad

376 2103 588 2198 colloquium
600 2125 679 2178 cum
694 2103 838 2177 domino
851 2127 945 2200 papa
958 2105 1065 2178 Lucio
1075 2105 1138 2200 qui
1152 2103 1202 2176 ibi
1216 2103 1350 2193 aderat,
1362 2111 1397 2176 et
1410 2102 1458 2175 ibi
1473 2101 1565 2174 stetit
1577 2123 1639 2196 per
1653 2103 1797 2194 longum

376 2235 526 2322 tempus.
547 2229 669 2302 Postea
687 2228 753 2302 ivit
774 2229 966 2304 vicentiam
989 2238 1025 2303 et
1042 2227 1196 2302 Paduam
1219 2237 1253 2301 et
1271 2227 1458 2300 Trivisium
1473 2235 1509 2300 et
1525 2233 1645 2322 postea
1669 2226 1797 2302 redivit
1848 2313 1850 2318 ,

374 2349 548 2424 Veronam
570 2361 606 2424 et
626 2351 689 2424 ivit
713 2353 885 2444 Brixiam,
911 2359 1031 2448 postea
1054 2352 1279 2444 Pergamum,
1301 2349 1383 2423 dein
1410 2349 1549 2442 Laude,
1573 2359 1693 2446 postea
1719 2351 1796 2425 Pla·
1863 2351 1869 2365 '

374 2475 544 2566 centiam;
561 2484 682 2570 postm
703 2476 768 2548 irit
788 2477 944 2571 Burgum
968 2487 1003 2549 et
1029 2475 1188 2548 Parmam
1206 2483 1241 2548 at
1262 2474 1408 2566 Regium
1433 2483 1468 2548 et
1490 2482 1611 2568 postea
1628 2475 1796 2549 Mutinam

374 2605 410 2669 et
429 2599 635 2671 Bononiam.
659 2597 794 2672 Deinde
818 2597 945 2674 redivit
969 2599 1179 2672 Placentiam
1206 2606 1241 2670 et
1265 2597 1406 2692 Papium
1428 2605 1463 2670 et
1480 2596 1736 2692 Mediolanum,
1760 2610 1796 2674 et

374 2717 513 2813 collegit
528 2719 719 2793 exercitum
732 2741 919 2816 magnum,
938 2720 1069 2794 scilicet
1083 2719 1210 2794 milites
1222 2719 1496 2794 Mediolanenses
1513 2729 1549 2793 et
1560 2720 1697 2816 pedites
1714 2744 1794 2796 cum

373 2843 509 2916 canucio
530 2851 566 2917 et
592 2843 761 2918 ducentos
785 2844 911 2919 milites
931 2845 1104 2920 Placentia
1128 2867 1208 2920 cum
1226 2843 1378 2941 quadam
1396 2853 1494 2942 parte
1513 2845 1794 2940 Pergamensinm

373 2974 409 3038 et
421 2965 656 3040 Brixieueinm
675 2975 711 3041 et
727 2989 807 3040 cum
823 2969 944 3064 paucis
959 2968 1128 3042 militibus
1139 2969 1299 3060 Novaria,
1319 2969 1552 3042 Vercellarum
1569 2978 1605 3043 et
1620 2969 1791 3062 Terdcne,

372 3089 508 3184 Parme,
527 3092 640 3187 liegii,
654 3092 799 3184 Mutine,
814 3095 984 3184 Bononia,
998 3093 1104 3170 lmole
1120 3103 1156 3168 et
1172 3093 1330 3186 Faencie,
1346 3101 1381 3166 et
1394 3093 1566 3190 equitavit
1578 3093 1626 3168 ad
1638 3093 1793 3169 Cremam

373 3211 560 3289 levandam
578 3225 614 3288 et
628 3215 745 3312 posuit
768 3217 889 3292 Crenm
910 3215 918 3314 Ι
938 3237 1016 3292 scos
1037 3219 1131 3292 intus
1152 3220 1271 3292 locum
1288 3217 1426 3304 Creme,
1451 3217 1488 3289 in
1505 3216 1720 3292 MCLXXXV
1734 3217 1794 3292 die
1816 3225 1985 3278 Μνεῦιν·
2053 3271 2057 3280 ·

371 3336 493 3410 martis
507 3337 568 3410 VM
583 3339 713 3412 mensis
729 3339 839 3412 madii
856 3343 1017 3437 proximo
1038 3343 1130 3415 circa
1152 3343 1273 3416 horam
1292 3341 1541 3439 vespertinam,
1567 3353 1603 3417 et
1627 3343 1793 3418 rehedifi·

372 3468 541 3532 caverunt
553 3461 669 3534 locum
685 3463 783 3534 illum
796 3461 841 3536 de
857 3463 958 3536 lassis
973 3473 1009 3537 et
1023 3465 1101 3538 aliis
1118 3466 1244 3558 rebus,
1261 3475 1296 3539 et
1313 3467 1412 3538 multi
1426 3467 1547 3540 rustici
1565 3468 1610 3542 de
1628 3469 1792 3544 comitatu

371 3582 561 3658 Mediolani
578 3591 613 3658 et
631 3584 677 3657 de
696 3585 860 3660 comitatu
878 3587 1050 3662 Placentia
1069 3587 1208 3662 iverunt
1220 3587 1266 3662 ud
1279 3591 1388 3662 fossas
1406 3591 1526 3664 Creme
1543 3591 1730 3668 iaciendas.
1749 3595 1792 3670 Et

371 3707 466 3780 stetit
492 3707 543 3780 ibi
565 3729 647 3782 cum
665 3709 725 3782 illo
743 3710 899 3782 exercitu
920 3731 983 3806 per
1007 3733 1161 3786 mensem
1184 3733 1293 3785 unum
1310 3722 1464 3806 mutum,
1485 3721 1630 3786 attolus
1651 3717 1790 3792 madius

371 3829 485 3903 siccus
509 3829 559 3926 (a)
581 3831 647 3904 fuit
664 3841 699 3906 et
721 3851 792 3906 non
815 3833 904 3929 pluit
927 3834 973 3908 de
997 3834 1056 3908 illo
1080 3856 1212 3909 mense.
1235 3835 1279 3908 Et
1303 3845 1387 3908 tunc
1406 3843 1480 3910 erat
1505 3835 1679 3912 discordia
1700 3838 1790 3915 inter

371 3951 487 4047 ipeum
503 3952 744 4048 imperatorem
762 3963 798 4028 et
814 3955 1074 4048 Cremonenses,
1085 3959 1169 4053 qnia
1186 3967 1304 4034 contra
1322 3980 1444 4032 eorum
1459 3960 1674 4036 voluntatem
1687 3965 1787 4041 rehe-

370 4075 526 4152 dilicavit
540 4077 710 4152 Cremam.
729 4079 810 4152 Post
829 4080 921 4154 circa
942 4081 1108 4156 kalendas
1128 4084 1205 4176 julii
1228 4084 1404 4180 predictus
1418 4085 1603 4182 imperator
1620 4088 1684 4161 ivit
1708 4112 1788 4164 cum

369 4199 612 4275 Theothouicis
626 4211 754 4276 etcum
773 4203 957 4299 aliquantis
971 4205 1174 4280 lombardis
1190 4206 1237 4280 ad
1252 4208 1495 4306 accipiendum
1507 4209 1683 4284 dominam
1700 4209 1787 4286 Con-
