4594 6066
584 654 646 716 218
1055 659 1298 722 uflaohtcott
1322 662 1373 722 llll
1397 661 1525 724 ansts

583 787 736 862 marchio
748 791 972 866 Montisicrati
991 794 1143 886 tenebat;
1160 815 1249 890 quos
1263 795 1398 870 ossidcs
1409 817 1529 870 omnes
1543 795 1579 866 in
1597 805 1734 890 portum
1749 797 1864 870 Saone
1882 819 1997 895 recep

583 921 636 986 tos
660 913 696 984 in
721 915 837 1008 galeas
863 916 899 986 in
924 939 1070 1010 regnum
1092 919 1228 992 Scicilie
1244 919 1442 994 destinauit.
1463 919 1531 1005 Qui
1557 919 1678 992 Petrus
1698 920 1885 994 Becherius
1906 922 1995 996 circa

581 1037 748 1112 kalendas
769 1039 923 1111 octubris
939 1041 1092 1136 proximi
1115 1043 1346 1117 marchionem
1367 1043 1531 1116 Lanciam
1559 1065 1640 1118 cnm
1662 1045 1791 1117 milicia
1814 1045 1918 1140 Papia
1933 1042 1995 1144 [in]

581 1161 755 1235 civitatem
764 1163 996 1236 vercellarum
1012 1165 1217 1240 introduxit.
1238 1165 1394 1240 Posthac
1408 1167 1594 1262 imperator
1606 1167 1668 1263 qui
1684 1179 1758 1240 arat
1773 1168 1872 1264 apud
1881 1171 1996 1243 Casale

581 1285 756 1360 civitatem
773 1287 1005 1362 vercellarum
1023 1290 1175 1364 intravit.
1203 1293 1269 1365 Ubi
1289 1301 1527 1366 convenerunt
1543 1313 1659 1366 comas
1671 1293 1807 1366 Sevolie
1824 1301 1861 1366 et
1883 1314 1995 1366 comcs

579 1408 749 1483 Fraudale
765 1421 800 1484 et
815 1413 873 1486 alii
897 1413 1038 1486 comitas
1053 1423 1087 1488 et
1102 1416 1317 1490 marchiones
1333 1417 1468 1490 illarum
1484 1417 1640 1511 parcium
1656 1425 1762 1512 atque
1783 1417 1901 1490 nuncii
1919 1419 1994 1512 plu-

580 1532 747 1605 rimorum
764 1557 885 1629 regum
903 1545 938 1610 at
948 1538 1112 1611 comitum
1125 1538 1404 1627 occidentalium,
1422 1539 1485 1635 qui
1497 1561 1621 1614 omnes
1639 1540 1874 1613 marchionem
1892 1541 1994 1614 blon-

579 1657 722 1730 tisierati
740 1661 912 1734 mandatis
928 1662 1143 1757 imperatoris
1161 1685 1282 1758 parere
1298 1655 1465 1736 lecerunt.

626 1781 759 1854 Interea
784 1785 968 1878 Gregorius
999 1786 1045 1860 de
1070 1788 1285 1882 hlontelougo
1312 1789 1446 1882 lagatus
1463 1788 1615 1861 Ecclesia
1640 1809 1721 1860 cum
1751 1787 1993 1862 Mediolanen-

578 1903 678 1976 sibus
709 1915 744 1977 at
767 1905 817 1978 CC
836 1909 1003 1982 militibus
1032 1911 1238 1985 Placentinis
1268 1912 1443 1985 civitatem
1471 1911 1621 1985 Novaria
1650 1913 1803 1984 intravit.
1839 1912 1993 1987 Preteoea

579 2027 741 2102 dominus
763 2031 976 2106 Octavianus
1004 2034 1187 2108 cardinalis
1210 2058 1291 2109 cum
1315 2035 1390 2110 CCC
1409 2037 1575 2110 militibus
1600 2036 1880 2110 Bononiensibus
1904 2037 1993 2110 civi·

577 2160 681 2224 tatem
697 2154 819 2226 Parme
834 2153 975 2230 intravit
994 2167 1029 2230 et
1041 2159 1133 2255 capit
1151 2161 1291 2234 castella
1304 2159 1503 2234 Gardexoni
1519 2169 1554 2234 et
1574 2159 1709 2254 Ripalte
1723 2181 1793 2254 que
1809 2160 1992 2232 extrinseci

578 2275 752 2348 tenebant.
772 2277 811 2349 ln
832 2279 972 2352 civitate
991 2302 1074 2354 vero
1091 2282 1212 2355 Parme
1227 2283 1392 2357 victualia
1410 2292 1507 2356 erant
1527 2303 1608 2355 cara
1633 2281 1755 2368 nimis,
1775 2282 1908 2354 scilicet
1922 2303 1992 2354 ses·

577 2399 703 2472 crium
722 2401 884 2474 humenti
900 2403 976 2476 vlll
1000 2405 1149 2478 soldaria
1169 2406 1381 2502 imperialia,
1406 2407 1589 2479 matarium
1617 2405 1722 2478 sicale
1741 2404 1901 2492 totidem
1917 2426 1992 2478 ses-

576 2522 701 2595 tarium
724 2525 805 2596 salis
827 2527 889 2598 Xll
914 2526 1079 2621 soldaris,
1106 2529 1168 2602 sed
1186 2530 1283 2624 ligna
1303 2538 1401 2603 erant
1421 2529 1611 2603 carissima.
1631 2529 1675 2601 Et
1694 2527 1763 2600 hiis
1781 2529 1993 2623 temporibus

575 2647 832 2721 matrimonium
854 2660 1066 2724 contractum
1089 2653 1155 2725 init
1180 2653 1269 2727 inter
1291 2676 1400 2727 unum
1418 2674 1466 2726 ex
1482 2651 1564 2724 liliis
1588 2651 1806 2747 imperatoris
1831 2660 1867 2724 et
1887 2673 1991 2724 unam

577 2779 715 2867 neptem
735 2772 869 2845 comitis
888 2777 1026 2848 Savolie
1043 2774 1107 2872 (l).
1132 2773 1139 2873 Ι
1160 2779 1347 2872 Imperator
1369 2777 1511 2850 dimissa
1534 2775 1674 2848 civitate
1691 2775 1926 2848 vercellarum
1951 2775 1988 2845 iu

576 2893 832 2968 custodiaPetri
840 2897 995 2971 Bacharii
1005 2907 1039 2971 at
1050 2899 1216 2972 Jacomini
1227 2897 1272 2972 de
1283 2899 1402 2972 Curato
1413 2907 1518 2995 atque
1526 2898 1736 2972 marchionis
1745 2897 1884 2985 Lancia,
1897 2899 1991 2992 aqui·

576 3017 662 3090 tavit
677 3017 895 3112 Cremonam,
923 3021 984 3094 ubi
1008 3023 1086 3118 capi
1103 3023 1184 3095 iacit
1201 3023 1340 3095 Petrum
1356 3022 1402 3095 da
1416 3022 1526 3096 vinea
1548 3023 1624 3114 ejus
1642 3020 1865 3116 proditorem.
1890 3019 1990 3106 Quod

576 3141 720 3234 quidam
738 3165 818 3216 cum
834 3145 1082 3218 intellexissent
1094 3147 1276 3241 populares
1287 3145 1470 3236 Cremona,
1488 3147 1674 3218 voluerunt
1687 3145 1825 3216 Petrum
1842 3143 1991 3238 pervim

577 3261 770 3356 destruera;
790 3276 905 3340 amon
920 3277 1020 3342 nocte
1034 3269 1148 3342 silenti
1165 3270 1350 3364 imperator
1364 3289 1444 3340 cum
1457 3267 1606 3340 militum
1620 3268 1759 3342 cohorte
1772 3268 1866 3339 misit
1876 3267 1990 3362 ipsum

575 3387 671 3484 apud
689 3391 843 3484 Burgum
860 3393 974 3464 Sancti
992 3393 1177 3488 Dompnini
1197 3392 1233 3464 in
1251 3392 1416 3466 uinculis.
1432 3393 1565 3464 interea
1581 3413 1646 3464 rex
1659 3389 1789 3464 Encius
1808 3390 1899 3486 cepit
1917 3411 1992 3462 cas·

574 3513 694 3586 tellum
706 3512 822 3587 Airole
836 3515 872 3586 in
886 3536 957 3610 quo
972 3516 1079 3611 aliqui
1095 3538 1142 3587 ex
1156 3515 1309 3588 bannitis
1320 3515 1417 3608 liegii
1435 3515 1658 3607 intraverant,
1678 3523 1713 3587 et
1727 3535 1774 3587 ex
1792 3513 1991 3586 bominibus

575 3637 683 3731 captis
706 3639 743 3710 in
763 3635 855 3711 dicto
882 3647 992 3712 castro
1017 3639 1105 3710 CXll
1128 3637 1341 3741 suspendere
1364 3639 1456 3712 iecit.
1485 3639 1525 3710 ln
1551 3637 1711 3733 proximo
1730 3657 1850 3708 mensa
1872 3635 1989 3708 marcii

575 3761 758 3856 imperator
776 3761 919 3834 dimisso
939 3783 1021 3855 rege
1039 3763 1147 3834 Encio
1168 3761 1205 3834 in
1222 3761 1446 3849 lombardia,
1469 3783 1550 3833 cum
1574 3781 1639 3832 sua
1659 3759 1789 3832 milicia
1809 3757 1856 3832 ad
1877 3769 1991 3854 partes

574 3885 781 3956 Pontremuli
799 3885 847 3958 ed
865 3885 1040 3959 civitatem
1055 3885 1141 3958 Pisis
1162 3885 1323 3977 accessit,
1343 3883 1517 3977 duxitque
1531 3904 1650 3957 secum
1666 3883 1805 3956 Petrum
1823 3879 1870 3954 de
1881 3881 1990 3954 vinea

610 4309 647 4384 (l)
664 4309 685 4366 ll
699 4308 778 4382 s’agit
789 4309 826 4366 dn
839 4307 956 4382 mariage
968 4307 1131 4368 dchlanired
1145 4323 1211 4366 arec
1221 4308 1354 4378 beatrice,
1368 4307 1422 4364 fille
1430 4307 1467 4364 du
1478 4310 1566 4364 comte
1577 4303 1698 4362 medae
1711 4303 1746 4361 de
1758 4303 1855 4362 Saucia
1865 4305 1892 4359 et
1904 4316 1989 4360 veura

575 4405 611 4463 riu
624 4407 743 4480 marquis
755 4405 789 4464 de
800 4405 918 4463 Saluces.
932 4406 969 4464 Ce
980 4407 1098 4478 mariage
1117 4405 1191 4463 avait
1203 4405 1246 4462 cte
1264 4405 1357 4462 conclu
1378 4405 1403 4461 le
1416 4407 1446 4461 st
1463 4403 1529 4462 avril
1544 4404 1627 4472 ttt't,
1642 4400 1659 4458 h
1672 4401 1838 4474 Chambery,
1851 4414 1903 4473 par
1914 4397 1989 4456 Gau·

574 4502 626 4559 tier
636 4503 743 4575 d'Ocra,
756 4503 984 4577 plenipotentiaire
995 4504 1029 4561 de
1043 4504 1209 4577 l’emporsur.
1223 4501 1262 4560 Cl.
1278 4503 1457 4571 Caranusca,
1471 4501 1543 4557 ilict.
1556 4497 1587 4554 ric
1600 4499 1713 4569 Saucia,
1727 4513 1757 4570 p.
1771 4498 1817 4552 ll.
1833 4494 1874 4551 On
1885 4497 1989 4568 croyait

570 4599 698 4673 jusqu’ici
713 4601 778 4673 qu’il
798 4601 870 4660 avait
890 4600 933 4658 etc
948 4600 1055 4659 calabre
1078 4599 1095 4657 a
1111 4599 1137 4657 la
1156 4599 1193 4656 lin
1203 4598 1238 4656 de
1250 4599 1304 4656 mai
1319 4601 1399 4654 talu.
1414 4597 1481 4656 Mais
1497 4596 1517 4652 il
1529 4593 1615 4670 paruit
1631 4595 1740 4666 d’aprce
1751 4597 1829 4650 noha
1842 4589 1988 4660 chronique

573 4697 639 4770 qu’il
648 4696 739 4755 lautia
750 4698 853 4755 muer
863 4699 1009 4772 jusqu'aox
1024 4697 1145 4758 dernicrs
1163 4697 1232 4755 mois
1250 4695 1284 4754 de
1295 4695 1400 4754 l’annce
1413 4697 1495 4764 lili,
1511 4689 1842 4769 probablementpendant
1857 4688 1884 4745 ls
1896 4687 1989 4759 stjour

573 4795 608 4854 tle
620 4794 777 4854 Preterion
791 4795 934 4856 aversati.
1138 4812 1141 4820 ’
