4568 6064
843 623 885 682 tlt
913 621 1055 684 tracta
1079 621 1231 684 uastis.
1682 619 1742 680 379

327 779 376 830 cx
398 779 469 830 ona
487 765 585 852 parte
607 766 641 828 et
665 777 847 831 commune
864 767 898 830 et
916 757 1072 830 homines
1096 756 1277 848 Cremona,
1300 755 1474 828 Placentia
1496 763 1530 826 et
1551 753 1669 828 llrixic
1696 777 1743 827 ex

327 880 397 952 alia
416 901 497 952 cum
517 879 624 952 'certis
647 879 757 974 pactis
778 889 814 951 et
831 880 1124 968 condictionibus,
1145 889 1179 952 et
1198 880 1349 952 maxime
1361 877 1456 970 quod
1479 878 1632 971 predicta
1649 901 1743 951 com·

328 1002 449 1074 munia
478 1003 662 1091 Cremona,
695 1004 866 1076 Placentia
892 1013 927 1077 et
955 1005 1073 1076 Brixie
1103 1003 1231 1076 debent
1255 1003 1331 1076 illos
1364 1001 1410 1074 de
1433 1002 1558 1074 Latere
1583 1011 1618 1073 et
1648 1003 1743 1073 ban-

329 1125 420 1198 nitos
437 1125 622 1198 Mediolani
637 1126 811 1220 expellere
829 1127 972 1221 deipsis
996 1127 1194 1200 civitatibus
1219 1137 1253 1200 et
1271 1125 1484 1199 districtibus
1502 1136 1537 1198 et
1561 1147 1744 1198 commune

329 1246 516 1320 Mediolani
547 1247 649 1320 debet
668 1251 841 1342 expellere
862 1249 1022 1322 bannitos
1041 1251 1210 1322 Cremona
1240 1249 1285 1322 dc
1311 1271 1432 1322 eorum
1456 1248 1613 1322 districtu
1635 1257 1670 1321 et
1694 1249 1744 1320 ci·

330 1370 438 1442 vitate
460 1379 495 1442 et
508 1392 577 1443 non
596 1370 680 1444 dare
695 1371 897 1444 conscilium
915 1395 980 1445 nec
1002 1374 1168 1465 juvamen
1188 1374 1288 1446 Bosio
1311 1372 1356 1446 dc
1376 1373 1525 1446 bovaria
1540 1381 1575 1446 et
1594 1371 1746 1444 bannitis

330 1493 509 1566 Cremona.

380 1617 431 1689 lle
447 1639 565 1690 mense
580 1638 664 1690 vero
679 1619 883 1712 septembris
897 1620 1129 1692 Bononienses
1143 1641 1222 1690 cum
1239 1618 1407 1690 militibus
1426 1618 1581 1692 Ecclesia
1596 1638 1747 1712 quorum

329 1743 534 1834 capitaneus
560 1749 613 1812 eat
641 1739 803 1812 dominus
827 1741 1005 1814 Muruelus
1031 1741 1184 1813 marchio
1206 1741 1395 1836 Malaspina
1422 1751 1457 1812 et
1483 1762 1602 1812 eornm
1625 1741 1746 1812 amicis

332 1870 431 1933 crant
444 1883 550 1957 super
565 1861 722 1934 homines
739 1863 870 1936 Furlini
888 1865 923 1935 in
943 1863 1170 1937 obsciditione
1185 1863 1368 1956 cujusdam
1388 1865 1490 1936 castri
1511 1887 1630 1936 eorum
1651 1865 1747 1958 quod

333 1984 532 2056 nominatur
549 1983 731 2058 Medolana
757 1986 793 2056 in
821 1987 924 2078 cujus
945 1986 1178 2060 obsoiditionc
1199 1995 1366 2059 steterunt
1382 2009 1444 2081 per
1465 1996 1535 2059 tres
1553 2009 1689 2060 menses
1713 1997 1749 2060 et

333 2109 429 2204 plus,
451 2117 485 2180 et
502 2108 619 2181 relicto
634 2117 746 2182 castro
767 2109 814 2182 ad
832 2111 971 2206 propria
991 2119 1072 2182 sunt
1088 2110 1217 2184 reversi
1236 2108 1282 2182 de
1299 2131 1418 2182 mense
1433 2111 1644 2183 novembris.

382 2233 434 2302 De
451 2253 570 2304 mense
581 2209 882 2326 vero'septembris
895 2233 1056 2306 dominus
1071 2256 1133 2306 rex
1147 2234 1293 2306 Karolus
1304 2255 1384 2306 cum
1399 2243 1469 2306 tota
1486 2243 1587 2328 gente
1602 2235 1748 2306 militnm

331 2364 370 2426 et
390 2354 546 2448 peditum
565 2377 654 2448 quos
676 2355 804 2428 babere
824 2357 935 2452 potuit
956 2359 1019 2430 ivit
1046 2359 1186 2452 navigio
1208 2357 1245 2428 in
1269 2357 1439 2430 Sciciliam
1462 2366 1497 2429 et
1515 2359 1680 2452 applicuit
1703 2358 1749 2432 ad

333 2477 498 2571 splaciam
527 2477 572 2550 dc
600 2479 744 2550 Mixina.
776 2480 851 2552 Rex
879 2501 962 2553 vero
984 2480 1216 2574 aragonensis
1243 2489 1310 2553 stat
1332 2503 1412 2552 cum
1435 2479 1579 2552 Sciculis
1605 2489 1639 2554 et
1668 2504 1749 2554 cum

335 2601 503 2672 militibus
529 2611 565 2674 et
586 2601 761 2697 peditibus
790 2623 879 2697 quos
906 2625 1024 2676 secum
1048 2603 1152 2677 duxit
1177 2605 1213 2676 in
1239 2603 1410 2676 Sciciliam
1435 2603 1495 2697 qui
1519 2605 1657 2676 luerunt
1682 2628 1749 2678 nu·

334 2747 430 2797 mero
446 2726 550 2799 MMM
568 2726 694 2799 milites
710 2736 744 2798 et
761 2727 859 2800 XllM
873 2727 1008 2822 pedites
1025 2751 1104 2800 cum
1121 2728 1172 2798 ct
1188 2727 1292 2822 lignis
1310 2749 1390 2798 cum
1403 2727 1520 2818 vellis,
1536 2737 1570 2799 et
1586 2728 1751 2823 applicuit

334 2849 380 2920 ad
398 2851 594 2945 Trapanum
608 2860 643 2923 et
656 2851 762 2924 babet
774 2861 879 2924 totam
895 2853 1066 2926 Sciciliam
1082 2853 1119 2923 in
1135 2873 1197 2924 sua
1215 2859 1398 2946 potestate3
1412 2859 1445 2922 et
1458 2851 1611 2923 lecerunt
1624 2851 1750 2924 Scicull

334 2995 455 3046 eornm
475 2995 591 3068 regem
609 2975 867 3050 Manlradinum
883 2975 992 3048 lilium
1008 2976 1100 3070 regis
1117 2974 1370 3067 aragonensis,
1385 2973 1448 3068 qni
1471 2973 1539 3044 luit
1558 2975 1751 3047 babiaticus

335 3096 484 3170 condam
511 3100 604 3194 regis
628 3095 796 3172 Manlredi
820 3097 890 3195 (l).
913 3099 990 3184 Quo
1015 3099 1135 3172 audito
1154 3119 1216 3193 per
1235 3097 1417 3170 dominum
1447 3118 1564 3190 regem
1586 3099 1750 3171 Karalum

334 3221 494 3294 transivit
507 3223 544 3292 in
562 3223 733 3296 Sciciliam
747 3246 826 3294 cum
843 3244 969 3318 magna
985 3222 1176 3316 quantitate
1191 3220 1336 3292 militum
1355 3229 1390 3293 et
1404 3219 1562 3316 peditum
1585 3219 1630 3292 de
1645 3243 1751 3316 regno

334 3344 463 3438 Apulia
483 3355 517 3416 et
540 3345 750 3418 obscedebat
764 3347 936 3418 civitatem
957 3346 1090 3418 Mixine
1104 3366 1164 3440 per
1178 3354 1301 3417 terram
1322 3353 1357 3414 et
1379 3365 1518 3438 aquam,
1537 3351 1572 3416 et
1589 3366 1652 3416 rex
1665 3343 1751 3418 Ara·

334 3467 497 3559 genensis
519 3477 593 3542 erat
612 3469 648 3540 in
670 3469 808 3542 civitate
831 3469 977 3542 Palermi
1000 3491 1080 3541 cnm
1103 3489 1229 3564 magna
1249 3467 1440 3561 quantitate
1460 3467 1607 3538 militum
1630 3477 1665 3540 et
1690 3489 1751 3563 pe·

336 3591 448 3662 ditum
469 3601 504 3664 et
527 3613 606 3664 cum
626 3613 754 3686 magno
775 3593 917 3687 navigio
932 3602 967 3665 et
985 3592 1129 3665 veniens
1154 3592 1191 3662 in
1217 3612 1419 3662 succursum
1442 3591 1573 3662 Mixine
1596 3600 1752 3684 potenter

335 3715 426 3786 sicut
455 3715 534 3810 plus
561 3725 706 3810 poterat.
730 3715 887 3790 Audiens
911 3716 1073 3790 dominus
1097 3739 1161 3790 rcx
1184 3715 1331 3788 Karalus
1355 3723 1390 3788 et
1414 3713 1538 3787 videns
1560 3715 1657 3809 quod
1682 3735 1751 3788 non

337 3851 452 3932 posset
472 3840 505 3912 ei
524 3840 700 3928 resistere,
719 3841 890 3914 tractatim
905 3838 1087 3915 adscendit
1104 3861 1212 3912 naves
1236 3861 1316 3910 cum
1332 3837 1463 3932 quibus
1479 3837 1590 3932 potuit
1602 3829 1640 3910 'et
1655 3839 1752 3910 venit

335 3961 373 4031 in
390 3961 567 4056 Apuliam,
579 3963 697 4035 relicto
714 3963 763 4034 ibi
779 3963 935 4036 exercitu
953 3983 1017 4035 suo
1033 3964 1094 4059 qui
1112 3983 1229 4057 araga
1247 3959 1461 4055 bregonensi
1475 3961 1668 4056 disperssus
1683 3969 1747 4050 cst,

336 4095 371 4158 et
386 4086 454 4160 boc
468 4087 534 4159 luit
550 4087 585 4160 in
609 4089 695 4161 festo
713 4088 822 4160 sancti
836 4088 1024 4162 Michaelis.

386 4211 450 4282 Die
465 4211 548 4282 lune
565 4213 657 4284 XVll
680 4213 884 4306 septembris
902 4211 1109 4284 adveniente
1124 4211 1210 4284 festo
1226 4209 1318 4282 beati
1333 4209 1444 4280 sancti
1461 4207 1652 4303 Michaelis,
1671 4231 1752 4304 pars

337 4332 475 4406 illorum
489 4335 534 4407 de
552 4336 660 4408 Puteo
677 4335 722 4408 dc
740 4337 879 4409 civitate
895 4333 1198 4408 Alexandrianum
1214 4331 1503 4428 Squarzaficubus
1522 4332 1654 4426 preliati
1671 4342 1754 4404 sunt

335 4503 338 4508 Ι
373 4543 411 4614 (t)
429 4543 657 4616 Lachroniqueur
674 4543 731 4600 doit
749 4543 826 4601 avoir
839 4543 883 4601 dte
894 4544 1000 4618 trompt
1011 4544 1046 4599 ici
1060 4559 1107 4616 par
1122 4559 1159 4598 un
1173 4542 1241 4600 recit
1252 4541 1348 4599 arrone
1362 4555 1397 4598 on
1407 4555 1616 4614 paruncvague
1632 4557 1752 4601 mmeur.

266 4709 269 4716 Δ
331 4637 374 4696 Ca
388 4641 524 4712 pattendo
536 4640 703 4700 Manlredino
715 4646 758 4698 est
767 4639 851 4699 touta
864 4641 912 4699 lait
924 4641 1050 4711 inconnu,
1068 4647 1096 4698 ct
1109 4639 1164 4698 l’on
1181 4640 1300 4713 scitque
1314 4640 1405 4696 Pierra
1419 4637 1553 4711 d’lragcn
1566 4638 1607 4696 lut
1618 4638 1754 4713 proclamd

335 4741 376 4795 rol
386 4739 420 4796 de
431 4739 511 4797 Siclla
523 4755 640 4814 presque
649 4739 763 4798 amsitbt
773 4743 854 4812 apros
866 4755 915 4798 son
927 4740 1033 4798 arrives
1040 4739 1109 4798 dans
1121 4739 1185 4798 l'llo.
