4594 6066
846 633 887 692 ΙΝ
912 631 1052 692 tratre
1075 629 1226 692 GES'l'lS.
1687 623 1743 686 159

328 771 417 862 tiva3
449 770 581 864 legatos
613 767 719 840 etiam
750 766 907 838 omnium
932 787 1054 860 regum
1080 762 1344 838 occidentalium
1373 759 1528 856 parcium
1556 783 1644 854 quos
1672 763 1743 833 lere

329 915 449 966 omnes
466 891 644 964 affinitatis
665 889 845 962 vinculum
865 888 966 962 nobis
985 888 1166 961 unanimes
1179 889 1251 981 jam
1273 885 1386 958 effecit
1402 883 1452 980 (a)
1472 883 1603 956 ibidem
1624 886 1743 978 procul

328 1016 438 1090 dubio
474 1015 650 1088 credimus
679 1013 860 1087 habituros
880 1009 887 1112 Ι
909 1023 949 1084 ut
979 1012 1179 1084 intentionis
1211 1024 1328 1084 nostro
1361 1009 1499 1082 salubre
1531 1010 1743 1105 propositum
1780 1024 1949 1070 rotdom-

327 1139 424 1236 quod
443 1140 489 1213 de
507 1137 664 1214 subsidio
685 1147 775 1210 torre
794 1137 857 1210 Dei
873 1157 914 1210 ac
931 1137 1173 1209 reformatione
1187 1136 1318 1228 jurium
1335 1134 1485 1208 Ecclesia
1503 1142 1538 1204 et
1554 1134 1687 1228 imperii
1708 1134 1744 1206 in

328 1264 442 1338 Ytulia
464 1273 499 1338 et
522 1272 613 1336 statu
634 1259 778 1358 pacifico
802 1260 954 1355 regionis
968 1259 1126 1352 ejusdem
1147 1260 1205 1354 pia
1228 1267 1344 1332 mente
1366 1257 1603 1352 concepimus,
1624 1257 1660 1328 in
1676 1261 1746 1331 eol·

332 1389 504 1484 lempnem
526 1395 561 1460 et
583 1385 758 1482 publicam
781 1384 926 1480 prodeat
947 1385 1122 1457 notionem
1140 1380 1200 1478 (b).
1218 1383 1261 1455 Et
1282 1383 1313 1456 si
1336 1391 1428 1454 tanta
1447 1381 1627 1454 rebellium
1645 1382 1747 1454 luerit

332 1513 477 1585 inventa
507 1510 713 1606 protervitas
734 1509 831 1604 quod
857 1529 923 1582 neo
946 1507 991 1581 ad
1022 1507 1083 1580 Dei
1109 1507 1294 1601 negocium
1321 1527 1387 1578 nec
1414 1505 1460 1578 ad
1483 1505 1590 1578 decus
1612 1505 1747 1600 imperii

331 1636 440 1708 velint
456 1634 585 1706 babere
599 1641 810 1728 respectum,
832 1641 902 1704 tarn
923 1631 1068 1705 celebris
1084 1631 1266 1704 tribunalis
1282 1631 1319 1702 in
1336 1653 1397 1704 eos
1420 1629 1589 1704 sententie
1609 1631 1747 1724 gladius

331 1767 495 1832 exeratur
509 1754 554 1854 (o)
573 1779 642 1852 que
658 1777 723 1830 neo
740 1756 968 1852 appelationis
981 1777 1046 1828 nec
1060 1755 1320 1850 supplicationis
1332 1753 1485 1828 remedio
1502 1755 1744 1850 suspendetur,

331 1883 450 1956 sedin
470 1903 543 1955 rem
567 1881 738 1953 transiens
756 1879 948 1975 judicatam
964 1878 1209 1970 offensionem,
1228 1879 1332 1951 dante
1346 1878 1512 1969 Domino,
1539 1877 1655 1950 debito
1669 1901 1749 1951 ves·

333 2007 417 2100 tigio
438 2014 683 2100 consequetur.
704 2004 748 2076 Εἰ
762 2012 803 2076 ut
818 2004 855 2075 in
875 2003 944 2076 hiis
966 2003 1128 2076 omnibns
1145 2003 1308 2097 antiquus
1325 1998 1385 2100 [et]
1400 2001 1539 2075 debitus
1557 2003 1609 2100 (d)
1624 2025 1698 2076 mos
1715 2014 1750 2078 et

332 2129 443 2203 bonor
457 2129 593 2224 imperii
608 2135 840 2218 conservetur,
858 2147 940 2198 ecce
953 2127 1049 2222 quod
1067 2135 1147 2198 ante
1163 2125 1285 2198 faciem
1304 2136 1455 2199 nostram
1472 2127 1517 2200 de
1534 2129 1750 2224 principibus

333 2252 460 2324 nostris
477 2251 631 2346 aliquem
651 2249 893 2346 promitomus,
914 2251 972 2322 oni
995 2251 1184 2345 plenariam
1206 2249 1368 2324 dabimus
1386 2260 1586 2346 potestatem
1608 2253 1750 2326 univer·

332 2375 450 2448 situtae
472 2375 646 2468 quoslibet
667 2395 708 2446 ac
730 2393 895 2470 personas
913 2374 1018 2444 etiam
1039 2373 1233 2466 singulares
1249 2381 1349 2446 extra
1366 2375 1528 2448 culminis
1544 2378 1651 2448 nostri
1671 2401 1749 2472 gra·

333 2497 415 2570 dum
440 2507 475 2570 et
493 2492 559 2594 [in]
582 2497 699 2570 banno
720 2495 856 2592 imperii
883 2495 1071 2569 existentes
1089 2497 1124 2568 in
1150 2495 1402 2590 plenitudinem
1426 2497 1534 2589 gratie
1557 2509 1672 2574 nostre
1695 2525 1750 2574 re·

333 2621 461 2716 cipere,
483 2631 586 2715 prout
604 2618 726 2693 honori
744 2627 860 2693 nostro
876 2627 910 2692 et
928 2618 1064 2716 imperii
1079 2619 1295 2712 judicabitur
1311 2620 1491 2715 expedire.
1512 2623 1751 2698 Prenominato

333 2745 437 2817 etium
452 2744 602 2841 principi
614 2751 814 2838 potetatem
832 2744 989 2816 conferre
1002 2742 1223 2817 decrevimus
1235 2743 1271 2814 in
1285 2752 1520 2818 comtumaoes
1531 2767 1622 2818 nova
1636 2747 1751 2821 banna

334 2869 521 2942 decernere
541 2877 578 2942 et
600 2889 661 2942 eos
683 2865 801 2942 debita
824 2864 1125 2940 animadversione
1143 2867 1295 2963 punire:
1323 2868 1382 2939 illo
1396 2869 1613 2964 presentibus
1629 2881 1665 2942 et
1688 2893 1751 2944 ex·

333 2993 480 3088 pressim
510 2992 641 3064 inserto
669 2991 716 3088 (e)
742 2991 838 3088 quod
868 3011 932 3065 noe
966 2989 1213 3064 inviolabiliter
1242 2989 1478 3086 promittemus
1506 2993 1690 3068 observare
1718 3007 1753 3068 et

333 3115 512 3190 observari
526 3112 583 3211 (s)
598 3109 673 3212 [ab]
687 3115 860 3188 universis
871 3123 906 3188 et
920 3115 1067 3210 singulis
1083 3115 1220 3210 imperii
1235 3115 1341 3186 nostri
1356 3116 1570 3212 principibus
1586 3119 1753 3192 iaciemus

334 3238 510 3334 quidquid
523 3236 574 3334 (9)
592 3237 638 3310 de
653 3239 867 3312 restitutione
883 3239 994 3332 gratie
1012 3247 1128 3311 nostre
1144 3259 1224 3311 cnm
1241 3238 1456 3333 quibuslibet
1469 3242 1753 3317 universitatibus

335 3383 398 3434 sen
416 3361 575 3458 personis
593 3385 657 3458 per
675 3351 790 3458 ipsum
807 3361 1003 3435 ordinatum
1019 3361 1172 3436 extiterit
1191 3387 1199 3433 ε
1221 3383 1287 3434 neo
1302 3363 1419 3434 minus
1437 3362 1556 3436 honori
1573 3377 1608 3436 et
1630 3368 1754 3440 volun·

335 3485 397 3558 tati
415 3493 531 3559 nostre
553 3486 767 3558 satisfactum
792 3484 1000 3558 habebimus
1017 3483 1247 3580 quicumque,
1271 3484 1364 3558 dioto
1381 3487 1538 3582 principe
1560 3489 1751 3582 mediante,

336 3608 484 3704 gratiam
499 3618 650 3682 nostram
674 3608 793 3682 debita
811 3607 1002 3682 devocione
1021 3607 1225 3706 poposcerit,
1246 3609 1345 3704 qnasi
1362 3607 1410 3708 (d)
1430 3611 1539 3708 ipsam
1559 3613 1660 3686 nobie
1677 3636 1755 3710 pre·

336 3734 494 3808 sentibus
517 3733 701 3806 obtineret.
730 3733 782 3806 Tn
802 3732 929 3827 igitur,
956 3734 1053 3806 velut
1079 3731 1192 3808 tidelis
1210 3742 1245 3807 et
1275 3733 1429 3829 prudeus
1454 3737 1511 3833 (ι),
1539 3737 1690 3834 teipsum
1707 3739 1755 3812 ad

378 3893 421 3976 (a)
443 3895 480 3957 ln
494 3895 596 3958 codiee
609 3891 709 3976 fidu.

379 4001 421 4084 (b)
442 4003 479 4064 ln
492 4003 592 4064 codlee
605 4003 765 4066 wltonem.

378 4107 417 4188 (e)
443 4109 480 4170 In
494 4107 595 4171 codice
608 4115 762 4170 suuntur.

378 4213 424 4296 (d)
443 4215 595 4277 Incodlce
611 4213 733 4278 debitor.

380 4321 418 4402 (a)
441 4323 477 4383 ln
490 4321 592 4383 oodlce
608 4321 715 4381 imaro.

380 4427 430 4509 (s)
450 4428 499 4490 lbl
509 4431 541 4489 lu
555 4427 655 4490 codice
666 4425 913 4506 ubuudutsaeere.

379 4533 424 4616 (p)
444 4535 492 4596 lbl
505 4549 625 4614 qnoque
637 4537 670 4594 lu
683 4533 785 4596 codice
797 4533 931 4597 mundo
943 4539 1053 4596 uum.

382 4635 433 4718 (dl
446 4641 483 4700 ln
497 4640 600 4704 eodloe
613 4641 694 4721 quta.
740 4671 742 4678 ι

383 4745 426 4826 (i)
448 4747 494 4808 lbl
507 4749 540 4809 ln
553 4747 654 4810 codice
668 4754 697 4809 et
711 4747 855 4810 abundat.
