4594 6066
807 697 850 757 lN
875 695 1015 758 lvrtmrt
1039 697 1193 760 ausvis.
1651 699 1714 761 225
1772 717 1777 724 ’

290 837 392 910 amici
411 834 593 924 conscilio,
622 833 735 928 ipsum
753 833 909 926 regimen
926 831 1058 925 juravit
1074 833 1185 906 lacere
1201 854 1315 928 usque
1333 833 1379 906 ad
1397 824 1528 906 annum
1545 840 1581 906 et
1597 833 1646 906 illi
1667 831 1713 908 de

290 961 421 1058 populo
451 957 659 1053 omnesqui
689 965 787 1030 erant
819 957 856 1028 in
888 957 1043 1030 maxima
1074 961 1267 1052 quantitate
1295 956 1562 1030 adsociaverunt
1597 957 1713 1052 ipsum

291 1081 468 1179 usquead
488 1082 633 1156 domum
650 1103 750 1154 snam
767 1102 849 1153 cum
870 1101 997 1175 magna
1019 1081 1135 1155 leticia
1153 1091 1188 1155 ct
1203 1082 1346 1155 honore.
1365 1081 1433 1167 Qui
1452 1101 1588 1152 summo
1611 1103 1714 1154 mane
1778 1173 1780 1178 Ι

292 1209 458 1282 inductus
473 1206 519 1281 de
535 1207 680 1279 scarleto
702 1225 782 1277 cum
799 1205 899 1276 vario
920 1203 965 1276 de
987 1226 1098 1294 novo,
1119 1213 1193 1277 erat
1213 1205 1308 1277 enim
1327 1206 1417 1278 male
1431 1203 1612 1292 inductus,
1632 1205 1714 1277 lecit

291 1354 455 1428 maguam
472 1330 677 1405 concionem
691 1329 728 1401 in
744 1327 855 1424 platea
873 1328 990 1400 Sancti
1006 1329 1096 1402 Petri
1115 1329 1177 1400 ubi
1191 1329 1257 1400 fuit
1273 1329 1428 1401 maxima
1443 1328 1542 1424 copia
1557 1329 1713 1402 virorum

292 1457 339 1530 de
358 1455 487 1550 populo
511 1453 729 1543 Placentino,
757 1449 803 1524 de
824 1473 896 1546 qua
920 1451 1157 1524 recordatione
1182 1451 1283 1522 multi
1310 1448 1357 1523 de
1381 1451 1501 1523 militia
1527 1443 1561 1524 et
1585 1452 1714 1547 populo

292 1579 484 1651 timuerunt
501 1577 548 1650 ad
561 1585 705 1649 mortem
729 1583 866 1670 propter
891 1575 981 1646 mala
1004 1597 1073 1669 que
1094 1584 1327 1648 tractaverant
1350 1585 1385 1648 et
1410 1575 1561 1648 fecerant
1587 1574 1654 1648 sibi
1679 1585 1715 1647 et

293 1701 362 1774 illis
378 1700 423 1775 de
447 1701 588 1797 populo.
615 1699 659 1772 Et
678 1699 800 1772 abillo
822 1697 881 1772 die
898 1697 935 1769 in
961 1707 1062 1771 antea
1083 1699 1175 1794 cepit
1199 1719 1319 1792 regere
1341 1699 1528 1794 populum,
1549 1707 1585 1771 et
1606 1719 1715 1794 parva

292 1846 392 1898 mora
415 1823 581 1920 temporis
602 1823 853 1895 interveniente
867 1821 1014 1896 subdole
1029 1824 1110 1895 lecit
1125 1823 1307 1896 consilium
1322 1821 1472 1896 dicendo
1486 1822 1522 1893 in
1539 1822 1616 1918 ipso
1632 1843 1717 1896 con·

294 1947 372 2020 silio
393 1949 484 2022 lacto
507 1947 545 2018 in
570 1947 715 2019 ecclesia
740 1946 856 2019 Sancti
880 1946 972 2041 Systi
992 1945 1088 2041 quod
1113 1946 1221 2040 aliqui
1247 1945 1411 2018 dicebant
1437 1945 1504 2017 sibi
1525 1943 1571 2019 de
1595 1945 1716 2018 amicis

294 2071 370 2144 suis
390 2069 397 2170 Ι
422 2068 744 2144 :nVasallusunius
757 2069 841 2142 anni
854 2091 977 2164 parum
992 2067 1229 2164 pmflcuumet
1243 2067 1717 2165 parumdampnum.nEtsic
1772 2111 1802 2142 ο.
1845 2108 1918 2141 vem.

295 2193 425 2266 electus
449 2194 561 2267 estin
588 2201 791 2290 potestatem
817 2193 936 2288 populi
964 2214 1076 2288 usque
1101 2191 1147 2265 ad
1168 2193 1326 2288 quinque
1350 2209 1461 2264 annos
1482 2199 1518 2264 et
1542 2201 1619 2286 post
1641 2195 1718 2286 ejus

294 2327 439 2391 mortem
462 2319 635 2391 lenonum
663 2317 741 2410 ejus
767 2315 891 2388 tilium.
924 2317 1088 2388 Homines
1116 2315 1161 2389 de
1190 2325 1287 2411 parte
1310 2315 1429 2411 populi
1454 2315 1516 2410 qui
1542 2315 1718 2388 habebant

295 2451 456 2538 parentes
474 2450 509 2514 et
523 2441 654 2514 amicos
669 2451 768 2514 extra
783 2437 992 2513 Placentiam
1007 2440 1185 2534 expulsos,
1203 2447 1369 2535 ceperunt
1386 2438 1502 2512 dicere
1518 2447 1552 2512 et
1564 2461 1689 2514 vocare
1705 2467 1714 2514 ι

299 2591 318 2636 a
339 2565 505 2657 Veniant,
525 2565 669 2641 veniant
685 2567 806 2638 tratres
824 2565 932 2638 nostri
948 2564 1011 2659 qni
1027 2563 1165 2660 expulsi
1181 2572 1263 2635 suut
1276 2563 1322 2636 de
1336 2562 1475 2636 civitate
1490 2563 1677 2639 Placentie.
1695 2589 1715 2636 n

295 2687 416 2784 Aliqui
437 2709 522 2764 vero
542 2688 632 2760 sicut
653 2698 751 2761 crant
768 2688 918 2760 Ubertus
945 2687 991 2762 de
1013 2687 1189 2775 Mascaro,
1220 2685 1390 2760 Ricardus
1413 2686 1459 2760 de
1477 2687 1619 2780 Agadc,
1635 2689 1719 2762 ‘llo-

296 2811 428 2907 glerius
454 2809 671 2885 Calderarius
694 2819 729 2884 et
750 2810 964 2896 consimiles,
983 2809 1117 2883 sortiter
1138 2809 1362 2902 resistebant3
1384 2820 1500 2883 tamen
1523 2819 1618 2884 tanta
1646 2821 1719 2886 erat

297 2937 447 3010 aliorum
466 2935 653 3011 multitudo
670 2935 766 3030 quod
780 2935 887 3008 nichil
908 2943 1090 3031 potuerant
1111 2944 1229 3007 natare
1243 2932 1315 3030 (a);
1337 2933 1491 3027 gaudent
1505 2935 1599 3008 euim
1618 2939 1718 3010 novi·

296 3067 368 3134 tate
392 3059 565 3134 moderni.
596 3059 750 3132 Tandem
781 3058 1046 3154 coboperatione
1070 3045 1257 3131 multorum
1280 3059 1472 3132 amicorum
1502 3060 1632 3154 placuit
1653 3061 1718 3135 do·

298 3185 395 3258 mino
416 3183 545 3257 Ubertc
569 3181 615 3256 de
636 3181 812 3276 Niquitate
835 3193 870 3254 et
894 3182 1110 3278 sapientibus
1128 3181 1225 3276 quod
1252 3181 1410 3254 homines
1436 3183 1481 3256 ds
1502 3183 1719 3280 populoqui

298 3307 433 3381 banniti
448 3315 566 3397 erant,
592 3314 727 3379 tantum
749 3305 902 3379 redirent
923 3305 958 3376 in
982 3306 1173 3396 civitatem;
1200 3305 1249 3375 illi
1266 3304 1312 3378 de
1328 3304 1469 3398 Audito,
1489 3305 1649 3380 Albertus
1674 3307 1720 3382 de

299 3429 453 3505 Fcntana
470 3439 506 3504 et
523 3431 657 3522 iratres,
679 3429 801 3503 vitalis
819 3429 1049 3502 Pallastrellus
1064 3437 1099 3500 et
1115 3428 1174 3501 alii
1188 3428 1325 3502 milites
1336 3437 1466 3502 starent
1477 3439 1588 3503 extra.
1610 3433 1653 3504 Et
1669 3433 1720 3506 sic

301 3553 481 3628 demenso
494 3553 649 3628 octubris
668 3563 749 3626 suut
766 3554 802 3626 in
819 3553 960 3626 civitate
976 3552 1149 3625 Placentie
1167 3573 1287 3625 omnes
1311 3551 1357 3626 de
1374 3554 1501 3648 populo
1522 3555 1667 3650 pacifice
1686 3565 1721 3630 et

300 3679 470 3774 benigne,
489 3681 648 3772 jurantes
665 3699 787 3752 omnes
812 3678 976 3752 mandata
999 3677 1133 3752 domiui
1154 3675 1337 3750 Octaviani
1361 3679 1544 3753 cardinalis
1568 3681 1720 3756 Ecclesie

300 3809 362 3902 qui
381 3809 418 3880 in
437 3808 613 3883 Placentia
634 3815 709 3880 erat
729 3816 765 3878 et
788 3805 951 3879 mandata
968 3804 1132 3878 Ecclesie.
1160 3803 1299 3875 Interim
1326 3803 1509 3878 Autoliuus
1535 3807 1721 3900 saviagata

302 3930 349 4004 de
371 3952 444 4027 quo
468 3930 629 4026 superius
645 3931 903 4022 enarravimus,
925 3929 990 4000 ivit
1005 3949 1068 4024 pro
1091 3927 1376 4000 ambasiatoribus
1390 3927 1464 4025 (ric)
1480 3928 1526 4002 ad
1544 3929 1719 4006 civitatem

301 4054 489 4130 Mediolani
516 4075 596 4126 cum
623 4053 805 4127 Guillelmo
835 4051 1023 4148 Anguxcla
1049 4051 1347 4148 proquibusdam
1373 4052 1471 4124 lactis
1494 4061 1528 4125 et
1550 4056 1721 4149 promissa

345 4250 388 4332 (a)
409 4251 617 4314 Verlstmlllter
630 4256 748 4312 mutare
757 4249 808 4312 161
821 4249 959 4312 obticere.

304 4528 369 4570 sous
379 4513 420 4572 las
430 4529 502 4587 vaux
516 4513 542 4572 16
555 4519 627 4572 texta
638 4528 692 4586 que
701 4529 771 4570 nous
784 4513 917 4588 publicus,
932 4529 1037 4570 comme
1049 4513 1074 4572 lc
1087 4519 1219 4587 prouvent
1228 4513 1362 4586 plusieurs
1375 4515 1486 4588 phrases
1499 4515 1656 4576 intercalees
1668 4524 1726 4578 mot

303 4610 322 4668 1
337 4615 394 4669 mot
409 4611 478 4668 dans
492 4626 542 4668 son
554 4611 630 4668 recit.
644 4610 712 4669 Mais
721 4611 740 4667 il
752 4627 769 4668 a
782 4610 919 4668 tellement
931 4609 1030 4684 abrtge
1043 4615 1120 4668 notre
1133 4611 1280 4668 manuscrit
1293 4627 1327 4668 en
1342 4611 1510 4685 supprimant
1524 4612 1564 4669 les
1579 4613 1674 4672 domita
1685 4615 1726 4672 los

304 4708 367 4780 plus
383 4707 503 4780 caneux,
519 4707 584 4782 qu'il
601 4723 618 4764 a
635 4707 756 4780 defigunt
774 4707 801 4766 la
815 4707 926 4782 plupart
942 4708 990 4766 des
1007 4707 1077 4766 iaits.
1094 4707 1134 4766 Gi.
1148 4707 1174 4764 le
1186 4723 1300 4782 passage
1312 4708 1381 4766 daus
1399 4710 1565 4776 llcmronr,
1578 4711 1725 4786 scraptae,

306 4810 326 4860 t.
343 4804 485 4875 xv1‚eol.
502 4806 564 4863 tet.

1528 4915 1566 4968 29
