4594 6066
821 664 862 726 llll
886 665 1027 726 lTllLlll
1051 665 1203 728 cusulo.
1659 669 1721 734 209

302 798 437 870 nullum
455 797 666 893 adjutorium
686 797 731 872 ab
746 799 866 874 aminis
888 799 1097 874 habuerunt.
1118 801 1157 872 ln
1180 800 1341 894 proximo
1368 821 1486 873 mense
1504 802 1584 894 julii
1612 804 1723 898 impo-

301 931 393 994 rator
409 923 532 996 habuit
546 923 698 996 llocbam
715 923 760 996 de
774 923 940 1020 capacia,
959 935 995 998 et
1011 925 1203 998 Tebaldum
1217 924 1437 996 Francisoum
1459 935 1493 998 et
1509 925 1592 1000 alios
1606 927 1723 1022 plures

301 1047 432 1118 occulis
457 1047 538 1120 lenit
569 1046 743 1120 devastari
765 1055 801 1119 et
827 1049 992 1148 mulieres
1017 1069 1136 1122 eorum
1154 1048 1322 1120 comburi.
1344 1050 1383 1120 In
1414 1049 1574 1143 proximo
1606 1072 1725 1122 mense

302 1169 443 1263 augusti
459 1169 640 1245 Conradns
659 1171 850 1266 Malaepina
874 1193 1036 1246 reversus
1052 1179 1105 1244 est
1129 1193 1175 1244 ex
1193 1181 1288 1267 parte
1311 1173 1528 1266 imperatorie
1555 1174 1725 1268 capiendo

303 1313 418 1366 eomas
435 1295 603 1388 plurimas
619 1305 861 1368 mercatorum.
881 1297 921 1368 ln
940 1296 1100 1389 proximo
1116 1317 1234 1370 menso
1248 1297 1389 1390 augusti
1411 1319 1478 1369 rex
1496 1299 1626 1372 Encius
1638 1321 1726 1374 con-

303 1417 455 1510 gregatis
477 1418 551 1490 suis
569 1417 738 1490 militibus
753 1418 968 1492 Theotonicis
982 1441 1063 1493 oum
1082 1419 1371 1492 Cremonensibus
1388 1429 1423 1492 et
1436 1419 1676 1494 Laudensibus
1693 1429 1728 1494 et

305 1539 382 1612 CCC
391 1540 563 1614 militibus
574 1541 680 1636 Papie
691 1562 772 1612 eum
785 1540 1006 1616 multitudine
1018 1543 1161 1616 navium
1176 1543 1341 1616 Cremone
1351 1553 1387 1616 et
1400 1544 1506 1638 Papie
1517 1553 1551 1616 et
1561 1543 1650 1616 v1111
1663 1553 1728 1617 tra·

305 1663 431 1736 buchia
440 1672 476 1737 et
488 1665 683 1738 bricolliset
694 1687 773 1738 curn
786 1665 901 1738 scollis
916 1675 951 1738 et
967 1688 1046 1740 cum
1061 1665 1519 1762 scollislollierrariensibus
1529 1667 1626 1740 dieX
1636 1689 1729 1742 men·

305 1787 578 1883 sisseptembris
595 1788 645 1884 (b)
658 1788 705 1862 ad
721 1789 977 1884 instigationem
991 1789 1122 1864 Alberti
1136 1789 1181 1863 de
1195 1791 1350 1863 Fontana
1360 1791 1422 1884 qni
1436 1813 1549 1886 nuper
1564 1791 1729 1886 proditio·

305 1931 386 1983 nern
403 1909 449 1984 de
468 1912 609 1986 civitate
624 1912 797 1986 Placentie
815 1914 929 1986 lacere
942 1916 1111 2005 voluerat,
1132 1936 1196 1986 sua
1217 1923 1328 1986 castra
1345 1915 1460 2008 posuit
1476 1915 1573 2008 apud
1590 1925 1731 2011 pontem

307 2035 464 2132 Padiqui
478 2037 835 2112 diciturdellamello.
846 2041 1036 2114 Placentini
1049 2049 1166 2114 antem
1179 2041 1307 2114 relecto
1319 2039 1473 2134 quodam
1485 2049 1622 2134 recepto
1634 2041 1731 2136 quod

306 2157 487 2234 habebant
506 2163 675 2258 incapite
696 2164 806 2258 ipsius
833 2164 969 2258 pontis,
991 2174 1158 2258 ceperunt
1185 2164 1233 2237 ibi
1259 2163 1427 2237 resistere.
1447 2165 1522 2236 Rex
1540 2186 1624 2238 vero
1652 2166 1733 2240 lecit

308 2283 384 2359 lieri
402 2285 474 2359 duo
490 2287 628 2360 castella
646 2287 845 2379 lignaminis
863 2297 898 2360 et
916 2298 1014 2382 gatos
1032 2297 1067 2360 et
1087 2288 1164 2361 vias
1180 2287 1386 2383 cobopertas
1406 2299 1442 2360 et
1459 2308 1641 2382 preparare
1664 2299 1734 2364 tres

309 2429 420 2484 naves
443 2409 653 2505 ponderatas
671 2411 865 2505 lignorum,
893 2425 928 2484 et
952 2410 1010 2486 dio
1032 2412 1151 2484 martie
1169 2412 1229 2482 llll
1248 2411 1376 2484 mensis
1404 2411 1610 2506 septembris
1631 2413 1735 2503 jussit

308 2553 440 2628 ponere
453 2533 572 2628 iguem
589 2534 628 2606 in
641 2535 793 2624 navibus
818 2535 930 2630 plenis
955 2535 1059 2628 lignis
1073 2543 1109 2606 et
1133 2533 1258 2606 dimitti
1285 2535 1331 2608 ad
1356 2543 1495 2628 pontem
1513 2535 1647 2608 venire.
1665 2535 1734 2608 Sed

309 2661 497 2750 antequam
520 2657 569 2730 ad
590 2667 731 2753 pontem
758 2657 993 2748 accederent,.
1010 2657 1198 2730 Placentini
1218 2678 1298 2728 oum
1324 2657 1522 2730 fulconibus
1539 2659 1658 2732 ferreis
1674 2681 1735 2754 per

309 2779 383 2852 vim
404 2781 480 2854 illas
503 2791 690 2856 tennerunt
704 2803 725 2854 a
740 2783 844 2872 longe
867 2781 915 2854 ita
930 2779 1027 2875 quod
1044 2781 1094 2852 illi
1115 2781 1209 2876 ponti
1227 2803 1297 2854 non
1314 2791 1517 2856 nocuerunt.
1536 2781 1580 2852 Et
1598 2782 1735 2854 interim

254 2917 258 2923 '
307 2905 485 2978 exercitus
502 2905 596 2999 regis
612 2927 675 3002 per
699 2915 826 2980 terram
852 2914 887 2980 ot
912 2927 1039 3000 aquam
1066 2915 1238 2978 sturmum
1260 2905 1368 2978 dabat
1388 2915 1528 3001 recepto
1550 2904 1611 2977 ubi
1637 2907 1736 2978 multi

311 3049 360 3102 ox
377 3038 526 3124 utraque
552 3040 648 3125 parte
665 3031 793 3104 mortni
819 3038 855 3102 et
884 3029 1052 3104 vulnerati
1081 3031 1232 3101 luerunt.
1254 3029 1420 3122 Sequenti
1436 3051 1520 3102 vero
1536 3039 1637 3102 nocte
1659 3029 1736 3104 Pla·

311 3153 440 3226 centini
464 3152 722 3226 combuxerunt
740 3153 879 3226 castella
903 3153 1102 3246 liquaminis
1130 3161 1165 3226 et
1184 3161 1284 3243 gatos
1306 3163 1342 3225 et
1364 3153 1441 3227 vias
1461 3153 1682 3248 cohopertas;
1702 3163 1737 3227 et

312 3275 373 3349 die
400 3277 539 3348 veneris
564 3277 726 3372 proximo
748 3285 980 3366 recesserunt;
1001 3275 1136 3350 nullum
1160 3274 1372 3366 adjutorium
1389 3275 1434 3348 ab
1448 3273 1569 3348 amicis
1592 3275 1736 3348 Placen-

313 3398 377 3470 tini
394 3399 604 3472 habueruut.
623 3399 758 3474 Deinde
781 3419 845 3474 rex
868 3421 949 3474 oum
973 3399 1047 3472 suis
1070 3399 1240 3470 militibus
1258 3399 1428 3492 equitavit
1441 3399 1587 3494 Regium
1604 3409 1639 3472 et
1655 3399 1736 3474 data

312 3521 522 3596 oseidieione
538 3523 676 3596 castello
694 3523 796 3596 Filini
821 3523 941 3620 inquo
959 3522 1004 3596 de
1022 3531 1120 3618 parte
1133 3521 1360 3596 Robertorum
1376 3523 1485 3616 aliqui
1502 3523 1734 3616 intraverant,

313 3644 396 3718 data
415 3644 565 3718 ildoncia
582 3645 757 3740 personis,
777 3645 865 3718 illud
880 3647 1014 3720 babuit.
1036 3645 1170 3718 Deinde
1191 3646 1237 3719 ad
1259 3645 1434 3718 civitatem
1452 3647 1584 3718 Mutine
1603 3647 1739 3741 equita·

313 3769 367 3840 vit
384 3777 424 3843 el¹
436 3767 605 3863 asumptis
624 3789 745 3843 secum
767 3769 1018 3863 quantitatibus
1037 3769 1163 3842 milicie
1181 3769 1303 3861 Regii,
1329 3768 1470 3860 Parme,
1489 3767 1672 3861 Cremona,
1693 3769 1739 3844 de

313 3911 434 3964 mense
456 3891 657 3964 novembris
680 3891 844 3966 mandato
860 3894 967 3987 patris
983 3891 1029 3966 ad
1046 3893 1239 3966 custodiam
1255 3893 1292 3964 in
1311 3903 1427 3987 partes
1447 3893 1588 3965 Taurini
1605 3897 1739 3990 equita-

189 4115 197 4132 ·
316 4013 380 4104 vit,
396 4015 579 4088 occasione
591 4013 800 4111 prohibendi
813 4015 993 4090 transitum
1004 4015 1172 4091 militibus
1183 4037 1271 4110 pape
1282 4037 1370 4110 quos
1384 4015 1420 4088 in
1431 4015 1629 4090 subsidium
1640 4019 1739 4092 Lom-

314 4135 504 4211 bardornm
527 4139 701 4212 destinare
719 4139 871 4212 volebat.
893 4137 963 4212 Sed
989 4159 1105 4212 comes
1128 4140 1266 4212 Savolie
1295 4139 1408 4214 fidelis
1436 4140 1653 4236 imperatoris
1678 4164 1739 4216 eos

315 4259 437 4333 venire
454 4281 526 4334 non
544 4261 729 4355 permissit.
751 4261 789 4332 In
808 4261 968 4356 proximo
985 4283 1102 4336 mense
1118 4262 1298 4353 februarii,
1312 4261 1512 4358 Antigratus
1528 4264 1627 4338 obiit.

365 4383 424 4462 M..
441 4383 504 4456 CC.
526 4384 665 4476 XLVII,
693 4383 881 4460 indictione
903 4387 947 4477 V,
966 4385 1024 4460 dio
1051 4387 1212 4460 mercurii
1237 4387 1270 4460 X
1301 4387 1429 4460 mensis
1456 4387 1592 4482 aprilis,
1620 4389 1737 4485 impe-

359 4662 402 4742 (a)
423 4663 474 4726 Sic
486 4663 533 4726 bls
546 4666 580 4726 ln
593 4665 703 4727 oodlce.
719 4665 879 4728 Abundure
891 4672 993 4728 tumen
1005 4667 1134 4732 videtur.

359 4768 400 4850 (b)
423 4771 545 4832 Rectius
557 4777 657 4834 tumen
670 4773 829 4852 legendum
844 4773 897 4834 arb
908 4779 1022 4836 tramur
1035 4773 1081 4836 die
1096 4777 1128 4839 Χ
1138 4773 1464 4858 chamaepeuce.

1537 4891 1574 4944 27
