4676 6066
605 697 647 758 22
1031 697 1272 762 clluoulcott
1299 697 1599 762 ruscsrlrlllolt

605 829 775 906 Rainaldo
791 829 919 924 Surdo,
939 831 1065 906 Oberto
1092 834 1280 929 Scorpione
1299 835 1343 909 de
1361 837 1473 928 Porta,
1494 830 1646 906 Gerardo
1671 829 1805 902 Stricta.
1820 828 1935 902 'lertio
1958 826 2023 901 lra-

606 956 728 1030 lendas
742 953 850 1028 madii
867 955 920 1049 (l)
935 957 1099 1052 proximi,
1121 959 1278 1054 predicta
1295 962 1423 1035 fossata
1438 961 1578 1032 luerunt
1592 957 1741 1050 incepta.

657 1082 705 1154 M.
720 1080 758 1153 C.
772 1081 1005 1172 LXXXXVll,
1027 1081 1216 1158 indictione
1233 1085 1365 1180 prima,
1392 1091 1517 1178 quarto
1538 1079 1703 1155 kalendas
1723 1077 1878 1152 octubris
1897 1074 1963 1173 (2),
1988 1076 2025 1146 in

607 1205 729 1299 vigilia
753 1204 870 1277 Sancti
888 1203 1083 1298 Michaelis,
1105 1207 1292 1303 imperator
1317 1207 1465 1280 linricus
1487 1205 1574 1280 obiit
1598 1205 1635 1276 in
1660 1202 1792 1294 Sicilia,
1823 1201 1861 1272 in
1887 1200 2026 1272 civitate

608 1328 749 1402 Nuxine
766 1326 828 1421 (a).
848 1327 980 1402 Eodem
995 1351 1107 1422 anno,
1134 1353 1253 1404 meuse
1271 1330 1461 1424 decembri,
1483 1329 1569 1404 obiit
1583 1349 1675 1424 papa
1691 1325 1899 1412 celestinus,
1923 1333 1959 1396 et
1978 1325 2027 1397 le-

607 1459 710 1526 vatus
729 1451 795 1521 fuit
808 1472 900 1546 papa
916 1452 1149 1526 Innocentius.

657 1575 706 1648 ll.
721 1575 759 1647 C.
773 1575 1022 1668 LXXXXVlll,
1044 1574 1102 1648 dis
1131 1576 1250 1649 martis
1271 1577 1333 1651 XV
1354 1577 1482 1650 mensis
1507 1575 1731 1672 septembris,
1755 1571 1940 1646 Placentini
1958 1593 2027 1644 ex·-

608 1708 788 1772 traxerunt
815 1698 989 1771 carosium
1019 1699 1128 1791 foras,
1156 1701 1239 1794 quia
1269 1699 1433 1774 volebant
1461 1701 1512 1772 ire
1538 1699 1584 1772 ad
1612 1696 1847 1772 obsidendum
1872 1698 2027 1790 Burgum

609 1821 725 1896 Sancti
742 1821 884 1912 Bonini,
910 1821 994 1915 quia
1018 1821 1177 1896 homines
1200 1823 1307 1928 Burgi
1333 1822 1479 1917 dejerati
1498 1831 1595 1896 erant
1619 1822 1665 1896 ds
1687 1828 1905 1894 sacramento
1932 1817 2028 1914 quod

609 1948 761 2020 fecerant
785 1945 1003 2020 Placentinis.
1023 1947 1067 2018 Bt
1091 1968 1218 2020 mense·
1238 1948 1354 2022 madio
1377 1947 1557 2043 preterito,
1578 1947 1644 2020 luit
1661 1945 1835 2020 discordia
1856 1944 1945 2016 inter
1965 1964 2028 2038 pc-

608 2073 731 2168 pulum
754 2078 788 2142 et
815 2071 959 2162 milites,
986 2079 1021 2143 et
1045 2092 1087 2143 ec
1111 2093 1229 2146 mense
1254 2072 1399 2146 ivissent
1420 2070 1467 2146 ad
1493 2073 1669 2165 Burgum,
1693 2069 1761 2142 nisi
1784 2067 2027 2141 remansissent

608 2204 748 2293 propter
766 2195 859 2268 illam
880 2194 1102 2269 discordiam.
1123 2197 1246 2268 Postea
1266 2217 1349 2270 vero
1372 2197 1511 2271 irenen
1525 2203 1729 2292 potuerunt,
1747 2193 1917 2289 quianon
1939 2189 2029 2288 pluit

608 2343 672 2418 per
693 2329 799 2392 tetam
819 2320 911 2392 illam
931 2328 1092 2412 estatem,
1117 2321 1189 2392 lere
1214 2343 1327 2416 usque
1351 2320 1398 2394 ad
1422 2321 1547 2394 lestum
1564 2319 1727 2392 Omnium
1753 2317 1975 2405 Sanctorum,
1995 2323 2030 2388 et

610 2453 696 2517 tunc
720 2443 787 2514 luit
812 2451 883 2514 tam
908 2463 1036 2535 magna
1059 2441 1196 2514 siccitas
1221 2443 1304 2536 quia
1329 2463 1449 2516 omues
1472 2464 1564 2538 aque
1586 2451 1622 2514 ct
1639 2441 1734 2537 putei
1761 2439 1934 2512 Placentia
1959 2439 2030 2510 lere

609 2587 730 2640 omnes
752 2565 1034 2656 desiccaverunt;
1056 2573 1134 2660 post
1150 2566 1274 2638 testum
1290 2567 1454 2639 Omnium
1472 2567 1676 2640 Sanctorum
1694 2565 1746 2638 ire
1760 2585 1830 2636 non
1843 2571 2030 2659 potuerunt

610 2699 748 2787 propter
768 2688 1026 2782 gravitudinem
1041 2689 1203 2784 temporis
1220 2697 1254 2762 et
1271 2711 1375 2784 aque.

660 2815 707 2888 M.
723 2813 761 2886 G.
776 2813 999 2904 LXXXXlX,
1027 2812 1217 2887 indictione
1245 2812 1417 2905 secunda,
1442 2811 1630 2885 Placentini
1659 2811 1839 2904 elegerunt
1870 2810 2030 2882 comitem

610 2935 763 3010 Azonem
785 2934 831 3008 de
853 2937 973 3008 Brixia
996 2957 1058 3032 per
1080 2945 1298 3031 potestatem.
1321 2935 1454 3010 Eodem
1480 2956 1598 3008 mense
1615 2933 1769 3026 Januarii
1791 2941 1898 3006 strata
1913 2933 2030 3006 Bonca

611 3069 744 3133 mutata
759 3060 824 3131 luit
841 3080 903 3154 per
920 3057 1176 3151 Valdetarium3
1200 3059 1346 3156 septimo
1365 3058 1532 3133 kalendas
1547 3058 1660 3130 martii
1678 3057 1828 3155 proximi
1847 3054 1901 3153 (3)
1918 3056 2032 3128 Seste-

611 3183 687 3258 roni
708 3183 798 3256 iuter
820 3183 1029 3256 Placentiam
1046 3192 1081 3256 et
1095 3183 1253 3256 Parmam
1272 3193 1308 3256 et
1319 3185 1515 3277 Burgeuscs
1529 3183 1641 3278 primo
1659 3203 1721 3278 pro
1737 3183 1830 3256 lucto
1849 3181 1956 3276 Burgi
1969 3179 2028 3276 (d).

660 3307 792 3380 Eodem
807 3327 899 3380 anno
915 3316 949 3379 ct
964 3306 1087 3380 eadem
1101 3306 1307 3400 indictione,
1327 3307 1386 3380 die
1399 3307 1532 3397 martis,
1548 3315 1672 3381 octavo
1690 3307 1819 3380 mensis
1837 3306 1946 3378 madii
1964 3303 2028 3400 (l),

609 3432 886 3508 Mediolanenses
905 3439 941 3503 ct
962 3431 1151 3504 Placentini
1175 3453 1255 3503 cum
1277 3431 1421 3504 carociis
1437 3431 1601 3504 exierunt
1618 3431 1797 3525 civitatcs;
1823 3429 2032 3505 duodecima

613 3554 670 3629 die
692 3555 849 3649 ejusdem
872 3555 1018 3642 mensis,
1044 3563 1191 3648 uterque
1214 3555 1388 3629 exercitus
1404 3563 1665 3629 castrametatus
1684 3563 1736 3629 est
1758 3556 1854 3652 apud
1875 3555 2031 3629 Castrum

610 3681 762 3772 Novum,
778 3680 884 3752 altera
899 3700 983 3752 vcro
995 3677 1066 3770 dic,
1080 3679 1212 3752 scilicet
1230 3678 1417 3774 dominica,
1432 3681 1548 3753 omnis
1561 3678 1735 3753 exercitus
1747 3701 1853 3776 super
1863 3683 1974 3777 ipsam
1984 3678 2032 3776 (l)

611 3804 787 3876 Sestercni
814 3802 982 3876 consedit.
1013 3803 1080 3888 Qui
1106 3801 1296 3877 admodum
1324 3804 1543 3877 inimicorum
1570 3815 1678 3877 terras
1706 3803 1943 3900 depopulans,
1970 3825 2032 3899 per

613 3935 682 4000 tres
698 3927 747 3998 ibi
762 3927 939 3999 constituit
953 3925 1127 4024 (sic)dies.
1138 3927 1201 4000 Bia
1214 3935 1330 4000 autem
1346 3929 1525 4022 mercurii,
1542 3937 1752 4024 congregato
1764 3927 1939 4016 exercitu,
1958 3948 2028 4022 quo

656 4087 699 4170 (a)
721 4089 770 4150 Slc
783 4107 836 4166 pro
849 4089 983 4152 Macrine.

653 4193 697 4277 (d)
717 4196 814 4257 Locus
826 4201 862 4255 ut
875 4194 993 4255 vldctur
1006 4195 1146 4270 mutilus,
1161 4195 1235 4256 dum
1249 4211 1354 4256 sensus
1368 4195 1457 4259 abdt.

648 4431 683 4506 (t)
703 4435 738 4490 29
750 4429 828 4488 avril.

648 4528 685 4602 (2)
705 4532 739 4587 28
754 4526 917 4600 septembre.

648 4625 685 4699 (3)
705 4627 740 4684 23
754 4623 861 4682 levricr.

647 4722 683 4797 (l)
702 4721 723 4778 ll
736 4721 838 4778 semble
850 4719 916 4794 qu'il
934 4719 1051 4778 laudrait
1063 4717 1112 4777 lire
1120 4719 1206 4794 jonii.
1218 4719 1260 4776 cu
1273 4719 1361 4778 moins
1373 4719 1413 4778 les
1428 4719 1505 4778 dates
1517 4719 1551 4778 de
1563 4721 1640 4795 jours
1658 4722 1820 4782 concordent
1837 4736 1904 4780 avec
1917 4721 1942 4780 le
1963 4719 2032 4779 mois

611 4821 646 4878 dc
656 4819 716 4894 juin
727 4821 797 4878 4999
810 4823 839 4878 et
848 4834 903 4878 nou
914 4835 965 4894 pas
977 4833 1044 4877 avec
1055 4818 1081 4877 le
1092 4817 1162 4878 mois
1173 4819 1207 4876 dc
1217 4817 1282 4876 mal.
