4594 6066
824 592 866 654 ΙΝ
888 591 1028 654 lunula
1052 589 1203 652 GESTIS.
1663 589 1721 652 211

308 723 464 820 Corrigio
481 732 517 800 et
535 723 659 802 celeris
673 724 751 800 aliis
769 725 831 820 qui
850 747 930 802 cum
951 721 1021 824 [eo]
1042 732 1141 798 erant
1154 743 1275 796 versus
1293 720 1467 796 civitatem
1485 721 1606 796 Parme
1621 745 1723 818 ceps·

311 856 393 922 runt
411 847 588 943 equitare,
607 855 642 920 et
662 847 804 922 invento
821 850 896 942 ejns
912 849 1041 945 popule
1060 845 1121 942 qui
1139 845 1184 918 de
1200 843 1339 918 eivimte
1354 866 1434 916 cum
1452 843 1556 916 ermis
1571 844 1722 936 exierat,

309 969 495 1066 populares
512 970 642 1049 vexilla
666 970 703 1042 in
726 971 887 1046 munibus
907 967 1042 1046 Girerdi
1064 968 1109 1042 de
1134 967 1286 1062 Cerrigic
1306 975 1343 1040 et
1364 967 1572 1040 marchionis
1596 990 1727 1063 posue-

309 1102 404 1183 runt,
426 1093 656 1168 vociferantes
671 1117 742 1170 nna
759 1093 844 1169 bore
862 1093 913 1192 (c)
929 1115 1051 1192 pacem
1071 1089 1132 1192 [et]
1150 1114 1230 1166 eum
1253 1091 1304 1166 eis
1321 1092 1535 1166 intraverunt
1551 1093 1725 1168 civitatem

309 1217 452 1310 Parme,
485 1217 653 1312 eligentes
679 1219 956 1316 prenominatum
986 1216 1169 1292 Girardum
1195 1217 1231 1288 iu
1262 1225 1462 1312 potestatem
1495 1225 1530 1288 et
1560 1226 1726 1290 rectorem

309 1339 479 1433 civilatis3
505 1341 668 1416 custodes
685 1363 770 1417 vero
787 1343 849 1438 qui
866 1341 1032 1439 palatium
1051 1340 1267 1438 imperatoris
1284 1339 1525 1413 custodiebant
1539 1341 1615 1414 sine
1630 1363 1727 1416 mora

310 1461 355 1538 de
372 1464 448 1559 ipse
466 1465 566 1539 exire
583 1467 836 1562 compulerunt.
863 1463 1002 1540 Auditis
1019 1473 1054 1540 et
1074 1464 1254 1538 intellectis
1276 1485 1298 1536 a
1314 1483 1396 1558 rege
1414 1463 1520 1538 Encio
1542 1485 1612 1559 que
1629 1472 1727 1558 gesta

310 1597 425 1681 erant,
448 1590 550 1662 motis
568 1589 641 1662 suis
659 1589 780 1664 castris
800 1590 1000 1664 Cremonam
1020 1589 1216 1686 properavit
1238 1597 1274 1662 et
1295 1599 1456 1684 asumpto
1478 1589 1624 1662 carratio
1647 1611 1727 1662 eum

311 1709 601 1786 Cremonensibus
621 1715 715 1786 intus
734 1713 969 1810 episcopatum
989 1713 1110 1786 Parme
1128 1711 1226 1807 apud
1247 1713 1506 1788 Brencanisium
1528 1733 1594 1786 sua
1617 1723 1729 1788 castra

312 1832 403 1906 fixit.
422 1835 546 1910 Statim
563 1835 665 1910 CCCC
681 1837 807 1912 milites
821 1838 939 1935 Pupie‚
960 1835 1034 1910 CCC
1049 1836 1174 1909 milites
1190 1835 1347 1930 Pergami
1365 1835 1411 1910 ed
1427 1835 1620 1910 exercitum
1636 1837 1729 1928 regis

311 1969 544 2034 accesserunt.
568 1961 727 2036 Pretcrea
746 1963 940 2056 Burgenses
966 1960 1157 2035 custodiam
1184 1959 1332 2032 militum
1357 1981 1419 2055 per
1445 1980 1562 2054 regem
1589 1981 1729 2055 recepe-

311 2091 406 2156 runt.
424 2083 588 2158 Similiter
603 2086 816 2160 Mutinenees
838 2087 928 2160 XLV
944 2087 1068 2160 milites
1084 2085 1206 2158 Parme
1225 2085 1289 2180 qui
1308 2083 1378 2156 illic
1396 2091 1495 2158 erant
1517 2083 1553 2156 in
1571 2083 1730 2158 custodia

313 2207 351 2278 in
367 2206 516 2280 vinculis
532 2217 732 2303 posuerunt.
749 2209 883 2284 Interea
897 2209 1098 2284 Parmenses
1110 2209 1287 2282 civitatem
1300 2228 1419 2280 eorum
1433 2207 1532 2280 fossis
1548 2215 1583 2280 et
1599 2207 1729 2303 spaldis

312 2325 373 2402 die
390 2338 565 2423 noctuque
583 2329 780 2404 incessabili
797 2353 894 2406 more
915 2331 1092 2428 aptabant.
1114 2329 1278 2425 Sequenti
1299 2349 1383 2402 vero
1401 2325 1597 2404 ebdomada
1615 2351 1732 2404 comes

311 2449 428 2524 Sancti
449 2452 617 2526 Bonilacii
640 2475 721 2528 cum
739 2453 789 2527 CC
814 2455 983 2528 militibus
1004 2454 1177 2530 civitatem
1194 2453 1316 2526 Parme
1340 2453 1493 2525 intravit.
1515 2451 1656 2525 Decimo
1673 2452 1732 2526 die

311 2583 391 2668 post
411 2573 476 2648 bec
502 2575 687 2672 Gregorius
702 2576 749 2652 de
764 2577 984 2671 Montelcngc
1004 2579 1139 2673 legatus
1154 2575 1285 2650 domini
1307 2597 1397 2671 pape
1421 2586 1455 2648 et
1470 2575 1670 2650 Bernardus
1687 2575 1733 2654 de

311 2694 461 2770 Rolandi
478 2699 589 2774 Rubei
605 2721 686 2772 cum
698 2700 754 2774 DC
769 2701 937 2776 militibus
949 2701 1135 2776 Mediolani
1153 2709 1188 2773 et
1205 2699 1255 2772 CC
1271 2699 1438 2772 militibus
1452 2699 1658 2772 Placentinis
1672 2721 1733 2796 per

312 2817 517 2896 Montaneas
534 2824 733 2919 equitantes
746 2825 794 2900 ed
807 2827 919 2922 ipsam
936 2825 1108 2900 civitatem
1126 2831 1356 2898 accesserunt.
1372 2820 1530 2896 Pretmea
1543 2823 1733 2897 Ianuenses

314 2942 360 3016 ad
378 2944 491 3040 ipsam
514 2947 691 3022 civitatem
712 2949 787 3024 CCC
805 2949 976 3026 ballistros
992 2949 1172 3024 miserunt.
1195 2947 1258 3021 Die
1273 2945 1446 3020 dominico
1468 2948 1589 3020 ultimo
1605 2945 1734 3020 mensis

310 3068 403 3160 junii
425 3070 576 3165 proximi
608 3073 794 3168 imperator
819 3095 901 3146 cum
929 3074 1090 3147 comitiva
1116 3073 1264 3146 militum
1288 3093 1310 3144 a
1337 3071 1495 3167 pertibus
1509 3070 1649 3144 Taurini
1667 3091 1734 3143 ve-

313 3191 414 3266 niens
435 3192 611 3270 civitatem
633 3196 800 3272 Cremcne
820 3197 973 3272 intravit.
994 3199 1138 3272 Invento
1161 3197 1254 3270 enim
1273 3195 1321 3268 ibi
1337 3195 1502 3292 uyzolino
1524 3195 1586 3290 qui
1609 3195 1645 3265 in
1668 3214 1733 3266 sua

314 3315 479 3392 comitiva
501 3317 655 3392 babebat
677 3319 733 3392 DC
755 3321 899 3416 milites,
920 3320 978 3394 die
994 3321 1112 3396 martis
1130 3321 1279 3417 proximi
1301 3319 1347 3393 ad
1364 3318 1556 3392 exercitum
1572 3316 1730 3390 accessit.

313 3439 382 3524 Qui
398 3441 512 3514 statim
526 3442 697 3516 transiens
718 3443 865 3518 fluvium
882 3444 971 3518 Tarii
991 3453 1248 3518 castrametatus
1263 3452 1316 3516 est
1331 3442 1427 3538 apud
1441 3443 1604 3516 Sanctum
1620 3441 1733 3514 bran·

314 3562 503 3654 aninum,
521 3565 662 3663 capiens
679 3566 726 3639 vl
749 3566 907 3642 homines
928 3567 990 3662 qui
1005 3576 1102 3640 erant
1117 3588 1223 3663 super
1244 3569 1367 3638 turrim
1383 3567 1527 3642 ecclesie
1542 3587 1631 3661 quos
1646 3587 1732 3640 sus-

316 3685 469 3782 pendere
487 3689 579 3762 lecit.
599 3689 758 3764 Preterea
776 3691 929 3764 marchio
945 3689 1069 3765 Lunzia
1087 3712 1168 3764 cum
1183 3689 1469 3762 Cremonensibus
1490 3690 1630 3762 intravit
1642 3690 1733 3762 Fur·

314 3829 446 3884 novum
477 3821 513 3886 et
541 3811 785 3888 Medexanam.
819 3812 924 3888 Eram
952 3815 1044 3888 enim
1074 3835 1155 3886 cum
1182 3813 1389 3910 imperatore
1416 3813 1509 3886 eirca
1533 3812 1584 3886 CC
1606 3812 1733 3888 milites

313 3929 437 4008 Parme
460 3935 522 4028 qui
547 3935 751 4012 decivitate
771 3938 932 4012 exierant
953 3964 962 4009 ι
984 3937 1114 4010 seilicet
1131 3937 1281 4010 chrtus
1297 3935 1516 4010 Pelaricinns
1536 3945 1571 4010 et
1590 3937 1730 4025 tratres,

315 4055 473 4131 Rubiuns
485 4059 639 4134 marchio
655 4061 905 4154 Pellavicinus,
921 4061 1114 4136 Bertclinus
1130 4061 1357 4134 Tevemerins
1373 4081 1453 4132 cum
1472 4059 1568 4152 filiis,
1588 4059 1732 4134 lacinus

314 4176 444 4274 Ugcnis
466 4181 577 4256 Rubei
591 4193 626 4256 et
639 4185 776 4278 iratres,
799 4183 862 4258 filii
883 4183 1060 4280 quendam
1076 4181 1245 4258 Manlredi
1267 4183 1312 4258 de
1330 4182 1549 4276 Ccrnazeno‚
1567 4182 1741 4264 Girardus

315 4299 361 4376 de
381 4301 520 4398 Canali,
540 4305 761 4382 bonacursus
781 4319 817 4382 ct
837 4309 1036 4383 lecominus
1053 4307 1100 4383 dc
1111 4306 1258 4396 Palude,
1274 4307 1408 4382 Bassuli
1424 4305 1473 4406 (l)
1490 4305 1535 4382 de
1549 4305 1734 4384 Guidcbo·

315 4423 436 4515 nibns,
459 4425 504 4501 de
527 4429 780 4524 vicedominis,
801 4431 847 4506 de
868 4431 1009 4524 Zochis,
1032 4429 1078 4506 de
1094 4431 1258 4528 Pugnacis,
1280 4429 1325 4504 de
1342 4429 1519 4524 Oliveriis,
1547 4429 1592 4505 de
1610 4429 1733 4506 Advo-

359 4693 401 4774 (α)
423 4693 483 4758 Slc.
497 4695 631 4760 Forsttnn
644 4707 744 4762 tamen
756 4717 816 4765 cna
827 4717 886 4764 cre.
