<?xml version="1.0" encoding="UTF-8"?>
<!DOCTYPE html PUBLIC "-//W3C//DTD XHTML 1.0 Transitional//EN"
    "http://www.w3.org/TR/xhtml1/DTD/xhtml1-transitional.dtd">
<html xmlns="http://www.w3.org/1999/xhtml" xml:lang="en" lang="en">
 <head>
  <title>
</title>
<meta http-equiv="Content-Type" content="text/html;charset=utf-8" />
  <meta name='ocr-system' content='tesseract 3.04.00' />
  <meta name='ocr-capabilities' content='ocr_page ocr_carea ocr_par ocr_line ocrx_word'/>
</head>
<body>
  <div class='ocr_page' id='page_1' title='image "./chroniconplacen00huilgoog_0294.png"; bbox 0 0 4594 6066; ppageno 0'>
   <div class='ocr_carea' id='block_1_1' title="bbox 805 693 1705 762">
    <p class='ocr_par' dir='ltr' id='par_1_1' title="bbox 805 693 1705 762">
     <span class='ocr_line' id='line_1_1' title="bbox 805 693 1705 762; baseline -0.001 -3"><span class='ocrx_word' id='word_1_1' title='bbox 805 698 847 760; x_wconf 89' lang='lat' dir='ltr'>llll</span> <span class='ocrx_word' id='word_1_2' title='bbox 867 697 1007 761; x_wconf 74' lang='lat' dir='ltr'>tustra</span> <span class='ocrx_word' id='word_1_3' title='bbox 1031 695 1186 762; x_wconf 80' lang='lat' dir='ltr'>eusrts.</span> <span class='ocrx_word' id='word_1_4' title='bbox 1642 693 1705 758; x_wconf 73' lang='lat'>285</span> 
     </span>
    </p>
   </div>
   <div class='ocr_carea' id='block_1_2' title="bbox 286 830 1905 4516">
    <p class='ocr_par' dir='ltr' id='par_1_2' title="bbox 286 830 1905 1800">
     <span class='ocr_line' id='line_1_2' title="bbox 290 830 1706 933; baseline -0.004 -23"><span class='ocrx_word' id='word_1_5' title='bbox 290 841 452 913; x_wconf 86' lang='lat' dir='ltr'>lunenses</span> <span class='ocrx_word' id='word_1_6' title='bbox 475 857 538 933; x_wconf 93' lang='lat' dir='ltr'>pro</span> <span class='ocrx_word' id='word_1_7' title='bbox 563 835 837 910; x_wconf 82' lang='lat' dir='ltr'>communicem</span> <span class='ocrx_word' id='word_1_8' title='bbox 864 835 1000 913; x_wconf 89' lang='lat' dir='ltr'>curceio</span> <span class='ocrx_word' id='word_1_9' title='bbox 1028 845 1126 912; x_wconf 89' lang='lat' dir='ltr'>erant</span> <span class='ocrx_word' id='word_1_10' title='bbox 1153 835 1190 908; x_wconf 89' lang='lat' dir='ltr'>in</span> <span class='ocrx_word' id='word_1_11' title='bbox 1212 833 1351 908; x_wconf 88' lang='lat' dir='ltr'>civitate</span> <span class='ocrx_word' id='word_1_12' title='bbox 1373 830 1492 905; x_wconf 91' lang='lat' dir='ltr'>Laude</span> <span class='ocrx_word' id='word_1_13' title='bbox 1520 831 1556 902; x_wconf 90' lang='lat' dir='ltr'>iu</span> <span class='ocrx_word' id='word_1_14' title='bbox 1584 831 1706 928; x_wconf 80' lang='lat' dir='ltr'>burgis</span> 
     </span>
     <span class='ocr_line' id='line_1_3' title="bbox 286 955 1706 1060; baseline -0.006 -24"><span class='ocrx_word' id='word_1_15' title='bbox 286 963 399 1060; x_wconf 90' lang='lat' dir='ltr'>ipsius</span> <span class='ocrx_word' id='word_1_16' title='bbox 417 960 585 1052; x_wconf 86' lang='lat' dir='ltr'>eivitatis;</span> <span class='ocrx_word' id='word_1_17' title='bbox 604 960 790 1056; x_wconf 89' lang='lat' dir='ltr'>Papianses</span> <span class='ocrx_word' id='word_1_18' title='bbox 811 981 874 1056; x_wconf 91' lang='lat' dir='ltr'>pro</span> <span class='ocrx_word' id='word_1_19' title='bbox 896 960 1187 1035; x_wconf 88' lang='lat' dir='ltr'>communierant</span> <span class='ocrx_word' id='word_1_20' title='bbox 1210 957 1277 1046; x_wconf 90' lang='lat' dir='ltr'>ibi,</span> <span class='ocrx_word' id='word_1_21' title='bbox 1298 977 1367 1032; x_wconf 90' lang='lat' dir='ltr'>non</span> <span class='ocrx_word' id='word_1_22' title='bbox 1390 964 1504 1028; x_wconf 90' lang='lat' dir='ltr'>tamen</span> <span class='ocrx_word' id='word_1_23' title='bbox 1524 955 1620 1050; x_wconf 92' lang='lat' dir='ltr'>quod</span> <span class='ocrx_word' id='word_1_24' title='bbox 1640 957 1706 1052; x_wconf 89' lang='lat' dir='ltr'>ipsi</span> 
     </span>
     <span class='ocr_line' id='line_1_4' title="bbox 286 1077 1707 1180; baseline -0.004 -20"><span class='ocrx_word' id='word_1_25' title='bbox 286 1085 504 1160; x_wconf 82' lang='lat' dir='ltr'>attenderent</span> <span class='ocrx_word' id='word_1_26' title='bbox 528 1083 803 1158; x_wconf 77' lang='lat' dir='ltr'>Mediolanenses</span> <span class='ocrx_word' id='word_1_27' title='bbox 829 1103 894 1158; x_wconf 90' lang='lat' dir='ltr'>nec</span> <span class='ocrx_word' id='word_1_28' title='bbox 921 1083 1140 1176; x_wconf 86' lang='lat' dir='ltr'>laudenses;</span> <span class='ocrx_word' id='word_1_29' title='bbox 1166 1102 1292 1180; x_wconf 92' lang='lat' dir='ltr'>pacem</span> <span class='ocrx_word' id='word_1_30' title='bbox 1314 1079 1407 1154; x_wconf 91' lang='lat' dir='ltr'>enim</span> <span class='ocrx_word' id='word_1_31' title='bbox 1429 1077 1605 1152; x_wconf 87' lang='lat' dir='ltr'>habebant</span> <span class='ocrx_word' id='word_1_32' title='bbox 1626 1101 1707 1154; x_wconf 90' lang='lat' dir='ltr'>cum</span> 
     </span>
     <span class='ocr_line' id='line_1_5' title="bbox 286 1199 1708 1300; baseline -0.006 -14"><span class='ocrx_word' id='word_1_33' title='bbox 286 1209 625 1300; x_wconf 76' lang='lat' dir='ltr'>Mediolanensibus,</span> <span class='ocrx_word' id='word_1_34' title='bbox 644 1217 679 1281; x_wconf 90' lang='lat' dir='ltr'>et</span> <span class='ocrx_word' id='word_1_35' title='bbox 698 1208 772 1281; x_wconf 87' lang='lat' dir='ltr'>ibat</span> <span class='ocrx_word' id='word_1_36' title='bbox 786 1217 857 1282; x_wconf 89' lang='lat' dir='ltr'>tota</span> <span class='ocrx_word' id='word_1_37' title='bbox 873 1206 933 1281; x_wconf 88' lang='lat' dir='ltr'>dia</span> <span class='ocrx_word' id='word_1_38' title='bbox 955 1230 1047 1280; x_wconf 89' lang='lat' dir='ltr'>unus</span> <span class='ocrx_word' id='word_1_39' title='bbox 1070 1209 1108 1280; x_wconf 92' lang='lat' dir='ltr'>in</span> <span class='ocrx_word' id='word_1_40' title='bbox 1135 1204 1327 1279; x_wconf 87' lang='lat' dir='ltr'>exercitum</span> <span class='ocrx_word' id='word_1_41' title='bbox 1352 1204 1449 1277; x_wconf 86' lang='lat' dir='ltr'>alteri</span> <span class='ocrx_word' id='word_1_42' title='bbox 1472 1199 1549 1299; x_wconf 83' lang='lat' dir='ltr'>(aie)</span> <span class='ocrx_word' id='word_1_43' title='bbox 1574 1202 1708 1298; x_wconf 78' lang='lat' dir='ltr'>absque</span> 
     </span>
     <span class='ocr_line' id='line_1_6' title="bbox 289 1326 1708 1429; baseline -0.006 -21"><span class='ocrx_word' id='word_1_44' title='bbox 289 1332 407 1428; x_wconf 90' lang='lat' dir='ltr'>aliquo</span> <span class='ocrx_word' id='word_1_45' title='bbox 431 1331 598 1429; x_wconf 91' lang='lat' dir='ltr'>dampno.</span> <span class='ocrx_word' id='word_1_46' title='bbox 623 1330 731 1404; x_wconf 83' lang='lat' dir='ltr'>Erant</span> <span class='ocrx_word' id='word_1_47' title='bbox 750 1331 843 1403; x_wconf 92' lang='lat' dir='ltr'>enim</span> <span class='ocrx_word' id='word_1_48' title='bbox 866 1330 915 1403; x_wconf 91' lang='lat' dir='ltr'>ibi</span> <span class='ocrx_word' id='word_1_49' title='bbox 941 1353 1005 1428; x_wconf 92' lang='lat' dir='ltr'>pro</span> <span class='ocrx_word' id='word_1_50' title='bbox 1033 1329 1167 1405; x_wconf 87' lang='lat' dir='ltr'>auxilio</span> <span class='ocrx_word' id='word_1_51' title='bbox 1188 1326 1375 1427; x_wconf 89' lang='lat' dir='ltr'>prestando</span> <span class='ocrx_word' id='word_1_52' title='bbox 1404 1327 1651 1400; x_wconf 82' lang='lat' dir='ltr'>Cremonenses</span> <span class='ocrx_word' id='word_1_53' title='bbox 1676 1327 1708 1400; x_wconf 92' lang='lat' dir='ltr'>si</span> 
     </span>
     <span class='ocr_line' id='line_1_7' title="bbox 288 1449 1708 1549; baseline -0.001 -21"><span class='ocrx_word' id='word_1_54' title='bbox 288 1477 431 1529; x_wconf 72' lang='lat' dir='ltr'>uaoeme</span> <span class='ocrx_word' id='word_1_55' title='bbox 449 1463 541 1530; x_wconf 88' lang='lat' dir='ltr'>esset</span> <span class='ocrx_word' id='word_1_56' title='bbox 556 1464 593 1528; x_wconf 89' lang='lat' dir='ltr'>et</span> <span class='ocrx_word' id='word_1_57' title='bbox 614 1462 782 1528; x_wconf 87' lang='lat' dir='ltr'>steterunt</span> <span class='ocrx_word' id='word_1_58' title='bbox 801 1453 851 1524; x_wconf 92' lang='lat' dir='ltr'>ibi</span> <span class='ocrx_word' id='word_1_59' title='bbox 874 1475 935 1549; x_wconf 90' lang='lat' dir='ltr'>per</span> <span class='ocrx_word' id='word_1_60' title='bbox 960 1475 1127 1528; x_wconf 84' lang='lat' dir='ltr'>mensam.</span> <span class='ocrx_word' id='word_1_61' title='bbox 1154 1449 1255 1527; x_wconf 90' lang='lat' dir='ltr'>Unde</span> <span class='ocrx_word' id='word_1_62' title='bbox 1278 1452 1438 1526; x_wconf 88' lang='lat' dir='ltr'>videntes</span> <span class='ocrx_word' id='word_1_63' title='bbox 1460 1449 1708 1526; x_wconf 86' lang='lat' dir='ltr'>Cremonenses</span> 
     </span>
     <span class='ocr_line' id='line_1_8' title="bbox 289 1572 1708 1674; baseline -0.002 -22"><span class='ocrx_word' id='word_1_64' title='bbox 289 1589 324 1653; x_wconf 92' lang='lat' dir='ltr'>et</span> <span class='ocrx_word' id='word_1_65' title='bbox 341 1578 494 1652; x_wconf 90' lang='lat' dir='ltr'>marchio</span> <span class='ocrx_word' id='word_1_66' title='bbox 515 1577 733 1652; x_wconf 83' lang='lat' dir='ltr'>Palavicinus</span> <span class='ocrx_word' id='word_1_67' title='bbox 751 1576 858 1650; x_wconf 82' lang='lat' dir='ltr'>nichil</span> <span class='ocrx_word' id='word_1_68' title='bbox 875 1575 1021 1673; x_wconf 81' lang='lat' dir='ltr'>proficui</span> <span class='ocrx_word' id='word_1_69' title='bbox 1044 1577 1093 1651; x_wconf 91' lang='lat' dir='ltr'>ibi</span> <span class='ocrx_word' id='word_1_70' title='bbox 1115 1599 1220 1674; x_wconf 88' lang='lat' dir='ltr'>posse</span> <span class='ocrx_word' id='word_1_71' title='bbox 1238 1577 1368 1668; x_wconf 84' lang='lat' dir='ltr'>lacere,</span> <span class='ocrx_word' id='word_1_72' title='bbox 1386 1572 1535 1670; x_wconf 82' lang='lat' dir='ltr'>diruptis</span> <span class='ocrx_word' id='word_1_73' title='bbox 1554 1574 1708 1649; x_wconf 86' lang='lat' dir='ltr'>fonditus</span> 
     </span>
     <span class='ocr_line' id='line_1_9' title="bbox 312 1699 1905 1800; baseline 0 -26"><span class='ocrx_word' id='word_1_74' title='bbox 312 1699 320 1800; x_wconf 88' lang='grc' dir='ltr'>Ι</span> <span class='ocrx_word' id='word_1_75' title='bbox 342 1701 555 1775; x_wconf 90' lang='lat' dir='ltr'>murisillins</span> <span class='ocrx_word' id='word_1_76' title='bbox 566 1702 717 1777; x_wconf 89' lang='lat' dir='ltr'>civitatis</span> <span class='ocrx_word' id='word_1_77' title='bbox 734 1711 902 1796; x_wconf 91' lang='lat' dir='ltr'>quantum</span> <span class='ocrx_word' id='word_1_78' title='bbox 920 1711 1107 1797; x_wconf 86' lang='lat' dir='ltr'>potuerunt</span> <span class='ocrx_word' id='word_1_79' title='bbox 1125 1710 1160 1776; x_wconf 91' lang='lat' dir='ltr'>et</span> <span class='ocrx_word' id='word_1_80' title='bbox 1176 1701 1336 1794; x_wconf 78' lang='lat' dir='ltr'>guarnito</span> <span class='ocrx_word' id='word_1_81' title='bbox 1349 1699 1477 1774; x_wconf 84' lang='lat' dir='ltr'>castelo</span> <span class='ocrx_word' id='word_1_82' title='bbox 1492 1699 1708 1794; x_wconf 89' lang='lat' dir='ltr'>imperatoris</span> <span class='ocrx_word' id='word_1_83' title='bbox 1741 1711 1905 1760; x_wconf 62' lang='lat' dir='ltr'>ranam.</span> 
     </span>
    </p>

    <p class='ocr_par' dir='ltr' id='par_1_3' title="bbox 290 1821 1709 2168">
     <span class='ocr_line' id='line_1_10' title="bbox 290 1821 1709 1921; baseline -0.001 -21"><span class='ocrx_word' id='word_1_84' title='bbox 290 1825 425 1921; x_wconf 91' lang='lat' dir='ltr'>absque</span> <span class='ocrx_word' id='word_1_85' title='bbox 447 1827 555 1921; x_wconf 88' lang='lat' dir='ltr'>prelio</span> <span class='ocrx_word' id='word_1_86' title='bbox 578 1837 777 1900; x_wconf 76' lang='lat' dir='ltr'>receserunt</span> <span class='ocrx_word' id='word_1_87' title='bbox 801 1835 837 1899; x_wconf 88' lang='lat' dir='ltr'>et</span> <span class='ocrx_word' id='word_1_88' title='bbox 865 1835 1035 1900; x_wconf 88' lang='lat' dir='ltr'>venerunt</span> <span class='ocrx_word' id='word_1_89' title='bbox 1057 1825 1264 1899; x_wconf 86' lang='lat' dir='ltr'>Placentiam</span> <span class='ocrx_word' id='word_1_90' title='bbox 1292 1821 1504 1897; x_wconf 87' lang='lat' dir='ltr'>adsociando</span> <span class='ocrx_word' id='word_1_91' title='bbox 1524 1823 1709 1918; x_wconf 88' lang='lat' dir='ltr'>Papiansas</span> 
     </span>
     <span class='ocr_line' id='line_1_11' title="bbox 290 1943 1705 2045; baseline -0.001 -23"><span class='ocrx_word' id='word_1_92' title='bbox 290 1971 404 2044; x_wconf 88' lang='lat' dir='ltr'>usque</span> <span class='ocrx_word' id='word_1_93' title='bbox 423 1949 511 2022; x_wconf 89' lang='lat' dir='ltr'>ultra</span> <span class='ocrx_word' id='word_1_94' title='bbox 530 1949 732 2040; x_wconf 84' lang='lat' dir='ltr'>Lambrum,</span> <span class='ocrx_word' id='word_1_95' title='bbox 754 1949 838 2045; x_wconf 88' lang='lat' dir='ltr'>quia</span> <span class='ocrx_word' id='word_1_96' title='bbox 857 1949 938 2022; x_wconf 89' lang='lat' dir='ltr'>licet</span> <span class='ocrx_word' id='word_1_97' title='bbox 958 1969 1080 2044; x_wconf 90' lang='lat' dir='ltr'>pacem</span> <span class='ocrx_word' id='word_1_98' title='bbox 1101 1969 1181 2022; x_wconf 89' lang='lat' dir='ltr'>eum</span> <span class='ocrx_word' id='word_1_99' title='bbox 1196 1943 1513 2024; x_wconf 83' lang='lat' dir='ltr'>Mediolanensibus</span> <span class='ocrx_word' id='word_1_100' title='bbox 1525 1945 1705 2039; x_wconf 88' lang='lat' dir='ltr'>haberent,</span> 
     </span>
     <span class='ocr_line' id='line_1_12' title="bbox 291 2051 1355 2168; baseline -0.003 -23"><span class='ocrx_word' id='word_1_101' title='bbox 291 2073 477 2147; x_wconf 85' lang='lat' dir='ltr'>timebatur</span> <span class='ocrx_word' id='word_1_102' title='bbox 492 2051 737 2147; x_wconf 82' lang='lat' dir='ltr'>nichilominus</span> <span class='ocrx_word' id='word_1_103' title='bbox 755 2073 850 2168; x_wconf 90' lang='lat' dir='ltr'>ipsos</span> <span class='ocrx_word' id='word_1_104' title='bbox 869 2093 913 2145; x_wconf 91' lang='lat' dir='ltr'>ne</span> <span class='ocrx_word' id='word_1_105' title='bbox 930 2072 1054 2147; x_wconf 79' lang='lat' dir='ltr'>fraude</span> <span class='ocrx_word' id='word_1_106' title='bbox 1070 2091 1130 2146; x_wconf 89' lang='lat' dir='ltr'>ecs</span> <span class='ocrx_word' id='word_1_107' title='bbox 1146 2069 1355 2166; x_wconf 90' lang='lat' dir='ltr'>deciperent.</span> 
     </span>
    </p>

    <p class='ocr_par' dir='ltr' id='par_1_4' title="bbox 290 2193 1708 2415">
     <span class='ocr_line' id='line_1_13' title="bbox 343 2193 1708 2292; baseline -0.004 -21"><span class='ocrx_word' id='word_1_108' title='bbox 343 2195 381 2271; x_wconf 88' lang='lat' dir='ltr'>ln</span> <span class='ocrx_word' id='word_1_109' title='bbox 398 2197 557 2292; x_wconf 80' lang='lat' dir='ltr'>proximo</span> <span class='ocrx_word' id='word_1_110' title='bbox 568 2217 687 2270; x_wconf 84' lang='lat' dir='ltr'>manse</span> <span class='ocrx_word' id='word_1_111' title='bbox 702 2195 855 2271; x_wconf 90' lang='lat' dir='ltr'>octubris</span> <span class='ocrx_word' id='word_1_112' title='bbox 881 2206 1031 2270; x_wconf 86' lang='lat' dir='ltr'>castrum</span> <span class='ocrx_word' id='word_1_113' title='bbox 1057 2195 1102 2271; x_wconf 91' lang='lat' dir='ltr'>da</span> <span class='ocrx_word' id='word_1_114' title='bbox 1119 2195 1218 2270; x_wconf 84' lang='lat' dir='ltr'>Cario</span> <span class='ocrx_word' id='word_1_115' title='bbox 1235 2194 1285 2291; x_wconf 85' lang='lat' dir='ltr'>(c)</span> <span class='ocrx_word' id='word_1_116' title='bbox 1304 2203 1443 2290; x_wconf 90' lang='lat' dir='ltr'>captum</span> <span class='ocrx_word' id='word_1_117' title='bbox 1468 2201 1520 2268; x_wconf 86' lang='lat' dir='ltr'>est</span> <span class='ocrx_word' id='word_1_118' title='bbox 1542 2193 1708 2290; x_wconf 88' lang='lat' dir='ltr'>apopulo</span> 
     </span>
     <span class='ocr_line' id='line_1_14' title="bbox 290 2315 1091 2415; baseline -0.002 -21"><span class='ocrx_word' id='word_1_119' title='bbox 290 2319 464 2394; x_wconf 84' lang='lat' dir='ltr'>Placentia</span> <span class='ocrx_word' id='word_1_120' title='bbox 478 2327 514 2394; x_wconf 90' lang='lat' dir='ltr'>et</span> <span class='ocrx_word' id='word_1_121' title='bbox 531 2319 744 2394; x_wconf 90' lang='lat' dir='ltr'>destructum</span> <span class='ocrx_word' id='word_1_122' title='bbox 767 2315 903 2393; x_wconf 83' lang='lat' dir='ltr'>abdatis</span> <span class='ocrx_word' id='word_1_123' title='bbox 923 2319 1091 2415; x_wconf 87' lang='lat' dir='ltr'>personis.</span> 
     </span>
    </p>

    <p class='ocr_par' dir='ltr' id='par_1_5' title="bbox 291 2439 1711 2909">
     <span class='ocr_line' id='line_1_15' title="bbox 341 2439 1708 2538; baseline -0.001 -22"><span class='ocrx_word' id='word_1_124' title='bbox 341 2443 381 2516; x_wconf 91' lang='lat' dir='ltr'>ln</span> <span class='ocrx_word' id='word_1_125' title='bbox 398 2443 559 2538; x_wconf 79' lang='lat' dir='ltr'>proximo</span> <span class='ocrx_word' id='word_1_126' title='bbox 580 2463 700 2516; x_wconf 88' lang='lat' dir='ltr'>manse</span> <span class='ocrx_word' id='word_1_127' title='bbox 716 2442 917 2518; x_wconf 82' lang='lat' dir='ltr'>novembris</span> <span class='ocrx_word' id='word_1_128' title='bbox 936 2463 1002 2516; x_wconf 78' lang='lat' dir='ltr'>ran</span> <span class='ocrx_word' id='word_1_129' title='bbox 1017 2439 1198 2516; x_wconf 89' lang='lat' dir='ltr'>Cunradus</span> <span class='ocrx_word' id='word_1_130' title='bbox 1216 2439 1310 2515; x_wconf 85' lang='lat' dir='ltr'>lilius</span> <span class='ocrx_word' id='word_1_131' title='bbox 1325 2439 1473 2515; x_wconf 91' lang='lat' dir='ltr'>condam</span> <span class='ocrx_word' id='word_1_132' title='bbox 1495 2441 1708 2535; x_wconf 87' lang='lat' dir='ltr'>imperatoris</span> 
     </span>
     <span class='ocr_line' id='line_1_16' title="bbox 293 2561 1711 2662; baseline -0.003 -22"><span class='ocrx_word' id='word_1_133' title='bbox 293 2563 340 2640; x_wconf 90' lang='lat' dir='ltr'>ab</span> <span class='ocrx_word' id='word_1_134' title='bbox 361 2565 543 2638; x_wconf 82' lang='lat' dir='ltr'>Alamania</span> <span class='ocrx_word' id='word_1_135' title='bbox 564 2585 626 2662; x_wconf 87' lang='lat' dir='ltr'>per</span> <span class='ocrx_word' id='word_1_136' title='bbox 642 2565 815 2640; x_wconf 80' lang='lat' dir='ltr'>Veronam</span> <span class='ocrx_word' id='word_1_137' title='bbox 835 2567 932 2640; x_wconf 87' lang='lat' dir='ltr'>veuit</span> <span class='ocrx_word' id='word_1_138' title='bbox 955 2567 991 2638; x_wconf 93' lang='lat' dir='ltr'>iu</span> <span class='ocrx_word' id='word_1_139' title='bbox 1012 2563 1276 2656; x_wconf 84' lang='lat' dir='ltr'>bombardiam,</span> <span class='ocrx_word' id='word_1_140' title='bbox 1297 2561 1426 2638; x_wconf 90' lang='lat' dir='ltr'>deinde</span> <span class='ocrx_word' id='word_1_141' title='bbox 1440 2563 1659 2655; x_wconf 86' lang='lat' dir='ltr'>Cremonam,</span> <span class='ocrx_word' id='word_1_142' title='bbox 1675 2573 1711 2636; x_wconf 92' lang='lat' dir='ltr'>at</span> 
     </span>
     <span class='ocr_line' id='line_1_17' title="bbox 293 2686 1711 2784; baseline 0 -24"><span class='ocrx_word' id='word_1_143' title='bbox 293 2687 384 2763; x_wconf 79' lang='lat' dir='ltr'>facto</span> <span class='ocrx_word' id='word_1_144' title='bbox 402 2689 616 2784; x_wconf 87' lang='lat' dir='ltr'>parlameuto</span> <span class='ocrx_word' id='word_1_145' title='bbox 637 2709 717 2762; x_wconf 89' lang='lat' dir='ltr'>cum</span> <span class='ocrx_word' id='word_1_146' title='bbox 734 2687 896 2763; x_wconf 85' lang='lat' dir='ltr'>fidelibus</span> <span class='ocrx_word' id='word_1_147' title='bbox 912 2689 988 2764; x_wconf 88' lang='lat' dir='ltr'>suis</span> <span class='ocrx_word' id='word_1_148' title='bbox 1009 2688 1055 2764; x_wconf 91' lang='lat' dir='ltr'>de</span> <span class='ocrx_word' id='word_1_149' title='bbox 1069 2686 1294 2779; x_wconf 89' lang='lat' dir='ltr'>Lombardia,</span> <span class='ocrx_word' id='word_1_150' title='bbox 1314 2686 1351 2760; x_wconf 91' lang='lat' dir='ltr'>in</span> <span class='ocrx_word' id='word_1_151' title='bbox 1364 2686 1527 2784; x_wconf 80' lang='lat' dir='ltr'>Apuliam</span> <span class='ocrx_word' id='word_1_152' title='bbox 1541 2707 1603 2783; x_wconf 93' lang='lat' dir='ltr'>per</span> <span class='ocrx_word' id='word_1_153' title='bbox 1616 2709 1711 2760; x_wconf 90' lang='lat' dir='ltr'>mare</span> 
     </span>
     <span class='ocr_line' id='line_1_18' title="bbox 291 2809 668 2909; baseline -0.008 -23"><span class='ocrx_word' id='word_1_154' title='bbox 291 2809 438 2887; x_wconf 80' lang='lat' dir='ltr'>Venetia</span> <span class='ocrx_word' id='word_1_155' title='bbox 457 2812 668 2909; x_wconf 90' lang='lat' dir='ltr'>properavit.</span> 
     </span>
    </p>

    <p class='ocr_par' dir='ltr' id='par_1_6' title="bbox 293 2933 1711 3156">
     <span class='ocr_line' id='line_1_19' title="bbox 340 2933 1711 3032; baseline 0 -26"><span class='ocrx_word' id='word_1_156' title='bbox 340 2935 381 3006; x_wconf 94' lang='lat' dir='ltr'>ln</span> <span class='ocrx_word' id='word_1_157' title='bbox 398 2935 560 3030; x_wconf 87' lang='lat' dir='ltr'>proximo</span> <span class='ocrx_word' id='word_1_158' title='bbox 580 2956 700 3009; x_wconf 90' lang='lat' dir='ltr'>meuse</span> <span class='ocrx_word' id='word_1_159' title='bbox 724 2933 907 3028; x_wconf 80' lang='lat' dir='ltr'>februarii,</span> <span class='ocrx_word' id='word_1_160' title='bbox 926 2944 1076 3008; x_wconf 88' lang='lat' dir='ltr'>castrum</span> <span class='ocrx_word' id='word_1_161' title='bbox 1096 2935 1212 3008; x_wconf 90' lang='lat' dir='ltr'>Sancti</span> <span class='ocrx_word' id='word_1_162' title='bbox 1234 2935 1417 3010; x_wconf 88' lang='lat' dir='ltr'>Laurencii</span> <span class='ocrx_word' id='word_1_163' title='bbox 1441 2943 1580 3032; x_wconf 91' lang='lat' dir='ltr'>captum</span> <span class='ocrx_word' id='word_1_164' title='bbox 1600 2944 1653 3009; x_wconf 89' lang='lat' dir='ltr'>est</span> <span class='ocrx_word' id='word_1_165' title='bbox 1676 2943 1711 3008; x_wconf 94' lang='lat' dir='ltr'>et</span> 
     </span>
     <span class='ocr_line' id='line_1_20' title="bbox 293 3056 1706 3156; baseline -0.001 -24"><span class='ocrx_word' id='word_1_166' title='bbox 293 3056 509 3132; x_wconf 59' lang='lat' dir='ltr'>dannatum</span> <span class='ocrx_word' id='word_1_167' title='bbox 526 3079 590 3154; x_wconf 90' lang='lat' dir='ltr'>per</span> <span class='ocrx_word' id='word_1_168' title='bbox 610 3060 799 3155; x_wconf 92' lang='lat' dir='ltr'>populum,</span> <span class='ocrx_word' id='word_1_169' title='bbox 821 3059 930 3156; x_wconf 82' lang='lat' dir='ltr'>captis</span> <span class='ocrx_word' id='word_1_170' title='bbox 949 3059 1043 3131; x_wconf 90' lang='lat' dir='ltr'>intus</span> <span class='ocrx_word' id='word_1_171' title='bbox 1060 3058 1178 3131; x_wconf 92' lang='lat' dir='ltr'>multis</span> <span class='ocrx_word' id='word_1_172' title='bbox 1199 3058 1245 3134; x_wconf 91' lang='lat' dir='ltr'>de</span> <span class='ocrx_word' id='word_1_173' title='bbox 1264 3057 1344 3134; x_wconf 87' lang='lat' dir='ltr'>liliis</span> <span class='ocrx_word' id='word_1_174' title='bbox 1361 3057 1542 3134; x_wconf 89' lang='lat' dir='ltr'>Odouibus</span> <span class='ocrx_word' id='word_1_175' title='bbox 1561 3068 1596 3132; x_wconf 90' lang='lat' dir='ltr'>at</span> <span class='ocrx_word' id='word_1_176' title='bbox 1617 3057 1706 3132; x_wconf 89' lang='lat' dir='ltr'>aliis.</span> 
     </span>
    </p>

    <p class='ocr_par' dir='ltr' id='par_1_7' title="bbox 294 3179 1722 4516">
     <span class='ocr_line' id='line_1_21' title="bbox 342 3179 1710 3280; baseline 0.001 -26"><span class='ocrx_word' id='word_1_177' title='bbox 342 3183 382 3254; x_wconf 93' lang='lat' dir='ltr'>ln</span> <span class='ocrx_word' id='word_1_178' title='bbox 399 3181 559 3278; x_wconf 85' lang='lat' dir='ltr'>proximo</span> <span class='ocrx_word' id='word_1_179' title='bbox 573 3201 692 3255; x_wconf 87' lang='lat' dir='ltr'>manse</span> <span class='ocrx_word' id='word_1_180' title='bbox 710 3179 839 3270; x_wconf 71' lang='lat' dir='ltr'>munii,</span> <span class='ocrx_word' id='word_1_181' title='bbox 852 3179 1025 3254; x_wconf 86' lang='lat' dir='ltr'>Ferrarius</span> <span class='ocrx_word' id='word_1_182' title='bbox 1040 3179 1143 3254; x_wconf 89' lang='lat' dir='ltr'>Canis</span> <span class='ocrx_word' id='word_1_183' title='bbox 1161 3179 1206 3256; x_wconf 89' lang='lat' dir='ltr'>da</span> <span class='ocrx_word' id='word_1_184' title='bbox 1219 3181 1326 3280; x_wconf 90' lang='lat' dir='ltr'>Papia</span> <span class='ocrx_word' id='word_1_185' title='bbox 1342 3191 1492 3280; x_wconf 87' lang='lat' dir='ltr'>potestas</span> <span class='ocrx_word' id='word_1_186' title='bbox 1509 3182 1646 3256; x_wconf 91' lang='lat' dir='ltr'>illorum</span> <span class='ocrx_word' id='word_1_187' title='bbox 1665 3181 1710 3256; x_wconf 92' lang='lat' dir='ltr'>dc</span> 
     </span>
     <span class='ocr_line' id='line_1_22' title="bbox 294 3303 1711 3406; baseline 0.001 -29"><span class='ocrx_word' id='word_1_188' title='bbox 294 3303 469 3378; x_wconf 87' lang='lat' dir='ltr'>Placentia</span> <span class='ocrx_word' id='word_1_189' title='bbox 480 3305 570 3378; x_wconf 87' lang='lat' dir='ltr'>lacto</span> <span class='ocrx_word' id='word_1_190' title='bbox 583 3311 709 3378; x_wconf 89' lang='lat' dir='ltr'>tratatu</span> <span class='ocrx_word' id='word_1_191' title='bbox 723 3325 803 3376; x_wconf 91' lang='lat' dir='ltr'>cum</span> <span class='ocrx_word' id='word_1_192' title='bbox 818 3303 994 3379; x_wconf 88' lang='lat' dir='ltr'>Beruardo</span> <span class='ocrx_word' id='word_1_193' title='bbox 1003 3305 1175 3378; x_wconf 85' lang='lat' dir='ltr'>libererio</span> <span class='ocrx_word' id='word_1_194' title='bbox 1188 3306 1250 3400; x_wconf 90' lang='lat' dir='ltr'>qui</span> <span class='ocrx_word' id='word_1_195' title='bbox 1263 3306 1416 3406; x_wconf 91' lang='lat' dir='ltr'>optimus</span> <span class='ocrx_word' id='word_1_196' title='bbox 1433 3306 1626 3402; x_wconf 83' lang='lat' dir='ltr'>curator(l›)</span> <span class='ocrx_word' id='word_1_197' title='bbox 1638 3315 1711 3379; x_wconf 90' lang='lat' dir='ltr'>arat</span> 
     </span>
     <span class='ocr_line' id='line_1_23' title="bbox 294 3425 1711 3523; baseline 0.001 -23"><span class='ocrx_word' id='word_1_198' title='bbox 294 3436 484 3502; x_wconf 88' lang='lat' dir='ltr'>castrorum</span> <span class='ocrx_word' id='word_1_199' title='bbox 497 3425 604 3523; x_wconf 89' lang='lat' dir='ltr'>Papia</span> <span class='ocrx_word' id='word_1_200' title='bbox 617 3437 654 3501; x_wconf 93' lang='lat' dir='ltr'>et</span> <span class='ocrx_word' id='word_1_201' title='bbox 668 3425 866 3502; x_wconf 88' lang='lat' dir='ltr'>Bernardus</span> <span class='ocrx_word' id='word_1_202' title='bbox 882 3425 940 3502; x_wconf 92' lang='lat' dir='ltr'>die</span> <span class='ocrx_word' id='word_1_203' title='bbox 957 3425 1115 3502; x_wconf 89' lang='lat' dir='ltr'>ordinato</span> <span class='ocrx_word' id='word_1_204' title='bbox 1131 3449 1211 3502; x_wconf 90' lang='lat' dir='ltr'>cum</span> <span class='ocrx_word' id='word_1_205' title='bbox 1233 3429 1305 3502; x_wconf 89' lang='lat' dir='ltr'>suis</span> <span class='ocrx_word' id='word_1_206' title='bbox 1321 3429 1442 3503; x_wconf 91' lang='lat' dir='ltr'>amicis</span> <span class='ocrx_word' id='word_1_207' title='bbox 1463 3428 1575 3504; x_wconf 91' lang='lat' dir='ltr'>doctis</span> <span class='ocrx_word' id='word_1_208' title='bbox 1590 3428 1635 3502; x_wconf 90' lang='lat' dir='ltr'>de</span> <span class='ocrx_word' id='word_1_209' title='bbox 1652 3429 1711 3504; x_wconf 90' lang='lat' dir='ltr'>illa</span> 
     </span>
     <span class='ocr_line' id='line_1_24' title="bbox 295 3551 1708 3648; baseline 0.001 -24"><span class='ocrx_word' id='word_1_210' title='bbox 295 3561 367 3625; x_wconf 92' lang='lat' dir='ltr'>arte</span> <span class='ocrx_word' id='word_1_211' title='bbox 391 3551 535 3625; x_wconf 90' lang='lat' dir='ltr'>intravit</span> <span class='ocrx_word' id='word_1_212' title='bbox 552 3559 703 3624; x_wconf 88' lang='lat' dir='ltr'>castrum</span> <span class='ocrx_word' id='word_1_213' title='bbox 727 3551 845 3626; x_wconf 91' lang='lat' dir='ltr'>Pontis</span> <span class='ocrx_word' id='word_1_214' title='bbox 860 3551 948 3627; x_wconf 89' lang='lat' dir='ltr'>Novi</span> <span class='ocrx_word' id='word_1_215' title='bbox 967 3551 1064 3648; x_wconf 91' lang='lat' dir='ltr'>quod</span> <span class='ocrx_word' id='word_1_216' title='bbox 1084 3562 1157 3627; x_wconf 89' lang='lat' dir='ltr'>erat</span> <span class='ocrx_word' id='word_1_217' title='bbox 1175 3551 1212 3627; x_wconf 93' lang='lat' dir='ltr'>lu</span> <span class='ocrx_word' id='word_1_218' title='bbox 1235 3553 1335 3629; x_wconf 83' lang='lat' dir='ltr'>fortia</span> <span class='ocrx_word' id='word_1_219' title='bbox 1350 3553 1497 3626; x_wconf 89' lang='lat' dir='ltr'>militum</span> <span class='ocrx_word' id='word_1_220' title='bbox 1515 3556 1708 3641; x_wconf 91' lang='lat' dir='ltr'>Placentia,</span> 
     </span>
     <span class='ocr_line' id='line_1_25' title="bbox 294 3673 1707 3773; baseline 0.001 -25"><span class='ocrx_word' id='word_1_221' title='bbox 294 3685 331 3748; x_wconf 91' lang='lat' dir='ltr'>et</span> <span class='ocrx_word' id='word_1_222' title='bbox 351 3675 432 3749; x_wconf 90' lang='lat' dir='ltr'>cum</span> <span class='ocrx_word' id='word_1_223' title='bbox 452 3673 498 3747; x_wconf 96' lang='lat' dir='ltr'>da</span> <span class='ocrx_word' id='word_1_224' title='bbox 514 3683 615 3748; x_wconf 88' lang='lat' dir='ltr'>nocte</span> <span class='ocrx_word' id='word_1_225' title='bbox 638 3674 822 3750; x_wconf 86' lang='lat' dir='ltr'>intrassent</span> <span class='ocrx_word' id='word_1_226' title='bbox 844 3677 1033 3750; x_wconf 88' lang='lat' dir='ltr'>timuerunt</span> <span class='ocrx_word' id='word_1_227' title='bbox 1054 3677 1193 3773; x_wconf 83' lang='lat' dir='ltr'>expulsi</span> <span class='ocrx_word' id='word_1_228' title='bbox 1215 3679 1354 3752; x_wconf 80' lang='lat' dir='ltr'>fuerunt</span> <span class='ocrx_word' id='word_1_229' title='bbox 1369 3676 1411 3773; x_wconf 85' lang='lat' dir='ltr'>(a)</span> <span class='ocrx_word' id='word_1_230' title='bbox 1434 3676 1479 3751; x_wconf 92' lang='lat' dir='ltr'>de</span> <span class='ocrx_word' id='word_1_231' title='bbox 1502 3677 1560 3752; x_wconf 92' lang='lat' dir='ltr'>illo</span> <span class='ocrx_word' id='word_1_232' title='bbox 1583 3686 1707 3750; x_wconf 85' lang='lat' dir='ltr'>castro.</span> 
     </span>
     <span class='ocr_line' id='line_1_26' title="bbox 295 3796 1712 3897; baseline 0.002 -27"><span class='ocrx_word' id='word_1_233' title='bbox 295 3798 422 3870; x_wconf 86' lang='lat' dir='ltr'>Tamen</span> <span class='ocrx_word' id='word_1_234' title='bbox 441 3796 636 3871; x_wconf 88' lang='lat' dir='ltr'>Ubertanus</span> <span class='ocrx_word' id='word_1_235' title='bbox 651 3797 839 3872; x_wconf 86' lang='lat' dir='ltr'>Prodixiue</span> <span class='ocrx_word' id='word_1_236' title='bbox 857 3809 892 3872; x_wconf 93' lang='lat' dir='ltr'>at</span> <span class='ocrx_word' id='word_1_237' title='bbox 904 3796 1108 3872; x_wconf 85' lang='lat' dir='ltr'>Guillelmus</span> <span class='ocrx_word' id='word_1_238' title='bbox 1128 3799 1320 3876; x_wconf 81' lang='lat' dir='ltr'>Scerieriue</span> <span class='ocrx_word' id='word_1_239' title='bbox 1341 3799 1403 3897; x_wconf 91' lang='lat' dir='ltr'>qui</span> <span class='ocrx_word' id='word_1_240' title='bbox 1424 3809 1522 3874; x_wconf 77' lang='lat' dir='ltr'>mant</span> <span class='ocrx_word' id='word_1_241' title='bbox 1542 3800 1712 3896; x_wconf 89' lang='lat' dir='ltr'>capitanei</span> 
     </span>
     <span class='ocr_line' id='line_1_27' title="bbox 296 3920 1714 4020; baseline 0.003 -26"><span class='ocrx_word' id='word_1_242' title='bbox 296 3921 376 3994; x_wconf 91' lang='lat' dir='ltr'>dicti</span> <span class='ocrx_word' id='word_1_243' title='bbox 406 3921 509 3995; x_wconf 87' lang='lat' dir='ltr'>castri</span> <span class='ocrx_word' id='word_1_244' title='bbox 537 3920 698 3994; x_wconf 87' lang='lat' dir='ltr'>timentes</span> <span class='ocrx_word' id='word_1_245' title='bbox 720 3923 946 4016; x_wconf 78' lang='lat' dir='ltr'>eulogiarunt</span> <span class='ocrx_word' id='word_1_246' title='bbox 968 3923 1202 4018; x_wconf 88' lang='lat' dir='ltr'>relinquentes</span> <span class='ocrx_word' id='word_1_247' title='bbox 1218 3924 1335 4000; x_wconf 86' lang='lat' dir='ltr'>claves</span> <span class='ocrx_word' id='word_1_248' title='bbox 1356 3925 1459 3998; x_wconf 85' lang='lat' dir='ltr'>castri</span> <span class='ocrx_word' id='word_1_249' title='bbox 1486 3925 1521 3996; x_wconf 92' lang='lat' dir='ltr'>in</span> <span class='ocrx_word' id='word_1_250' title='bbox 1536 3935 1650 4020; x_wconf 89' lang='lat' dir='ltr'>porta,</span> <span class='ocrx_word' id='word_1_251' title='bbox 1679 3933 1714 3998; x_wconf 87' lang='lat' dir='ltr'>et</span> 
     </span>
     <span class='ocr_line' id='line_1_28' title="bbox 295 4043 1722 4122; baseline 0.005 -8"><span class='ocrx_word' id='word_1_252' title='bbox 295 4045 346 4115; x_wconf 88' lang='lat' dir='ltr'>sie</span> <span class='ocrx_word' id='word_1_253' title='bbox 361 4065 454 4118; x_wconf 90' lang='lat' dir='ltr'>unus</span> <span class='ocrx_word' id='word_1_254' title='bbox 467 4043 514 4118; x_wconf 92' lang='lat' dir='ltr'>da</span> <span class='ocrx_word' id='word_1_255' title='bbox 529 4043 768 4120; x_wconf 90' lang='lat' dir='ltr'>illisBernardi</span> <span class='ocrx_word' id='word_1_256' title='bbox 784 4045 949 4119; x_wconf 89' lang='lat' dir='ltr'>Libererii</span> <span class='ocrx_word' id='word_1_257' title='bbox 966 4045 1087 4120; x_wconf 89' lang='lat' dir='ltr'>habuit</span> <span class='ocrx_word' id='word_1_258' title='bbox 1100 4048 1216 4120; x_wconf 87' lang='lat' dir='ltr'>clavae</span> <span class='ocrx_word' id='word_1_259' title='bbox 1231 4057 1266 4121; x_wconf 92' lang='lat' dir='ltr'>et</span> <span class='ocrx_word' id='word_1_260' title='bbox 1281 4048 1377 4122; x_wconf 85' lang='lat' dir='ltr'>venit</span> <span class='ocrx_word' id='word_1_261' title='bbox 1395 4047 1431 4118; x_wconf 96' lang='lat' dir='ltr'>in</span> <span class='ocrx_word' id='word_1_262' title='bbox 1444 4047 1652 4121; x_wconf 88' lang='lat' dir='ltr'>Placentiam</span> <span class='ocrx_word' id='word_1_263' title='bbox 1666 4047 1722 4121; x_wconf 81' lang='lat' dir='ltr'>ad¹</span> 
     </span>
     <span class='ocr_line' id='line_1_29' title="bbox 295 4167 1713 4268; baseline 0.005 -29"><span class='ocrx_word' id='word_1_264' title='bbox 295 4175 512 4262; x_wconf 86' lang='lat' dir='ltr'>potestatem.</span> <span class='ocrx_word' id='word_1_265' title='bbox 537 4167 615 4254; x_wconf 86' lang='lat' dir='ltr'>Quo</span> <span class='ocrx_word' id='word_1_266' title='bbox 635 4167 757 4244; x_wconf 91' lang='lat' dir='ltr'>audito</span> <span class='ocrx_word' id='word_1_267' title='bbox 777 4168 1003 4244; x_wconf 88' lang='lat' dir='ltr'>incontinenti</span> <span class='ocrx_word' id='word_1_268' title='bbox 1028 4169 1197 4264; x_wconf 79' lang='lat' dir='ltr'>equitavit</span> <span class='ocrx_word' id='word_1_269' title='bbox 1216 4169 1309 4244; x_wconf 92' lang='lat' dir='ltr'>idam</span> <span class='ocrx_word' id='word_1_270' title='bbox 1334 4179 1484 4268; x_wconf 87' lang='lat' dir='ltr'>potestas</span> <span class='ocrx_word' id='word_1_271' title='bbox 1507 4193 1588 4246; x_wconf 90' lang='lat' dir='ltr'>cum</span> <span class='ocrx_word' id='word_1_272' title='bbox 1614 4173 1713 4246; x_wconf 80' lang='lat' dir='ltr'>mili·-</span> 
     </span>
     <span class='ocr_line' id='line_1_30' title="bbox 296 4289 1713 4394; baseline 0.006 -34"><span class='ocrx_word' id='word_1_273' title='bbox 296 4289 389 4364; x_wconf 89' lang='lat' dir='ltr'>tibus</span> <span class='ocrx_word' id='word_1_274' title='bbox 404 4300 440 4365; x_wconf 90' lang='lat' dir='ltr'>ct</span> <span class='ocrx_word' id='word_1_275' title='bbox 455 4291 586 4387; x_wconf 93' lang='lat' dir='ltr'>populo</span> <span class='ocrx_word' id='word_1_276' title='bbox 605 4292 770 4368; x_wconf 84' lang='lat' dir='ltr'>universo</span> <span class='ocrx_word' id='word_1_277' title='bbox 792 4291 839 4366; x_wconf 87' lang='lat' dir='ltr'>ad</span> <span class='ocrx_word' id='word_1_278' title='bbox 856 4291 986 4366; x_wconf 88' lang='lat' dir='ltr'>dictum</span> <span class='ocrx_word' id='word_1_279' title='bbox 1012 4301 1163 4368; x_wconf 88' lang='lat' dir='ltr'>castrum</span> <span class='ocrx_word' id='word_1_280' title='bbox 1183 4299 1217 4368; x_wconf 87' lang='lat' dir='ltr'>at</span> <span class='ocrx_word' id='word_1_281' title='bbox 1237 4292 1379 4368; x_wconf 89' lang='lat' dir='ltr'>invento</span> <span class='ocrx_word' id='word_1_282' title='bbox 1400 4293 1616 4391; x_wconf 79' lang='lat' dir='ltr'>disguarnito</span> <span class='ocrx_word' id='word_1_283' title='bbox 1637 4297 1713 4394; x_wconf 91' lang='lat' dir='ltr'>ipso</span> 
     </span>
     <span class='ocr_line' id='line_1_31' title="bbox 296 4413 1714 4516; baseline 0.007 -32"><span class='ocrx_word' id='word_1_284' title='bbox 296 4422 408 4487; x_wconf 87' lang='lat' dir='ltr'>castro</span> <span class='ocrx_word' id='word_1_285' title='bbox 425 4421 461 4487; x_wconf 85' lang='lat' dir='ltr'>at</span> <span class='ocrx_word' id='word_1_286' title='bbox 481 4415 529 4486; x_wconf 92' lang='lat' dir='ltr'>illi</span> <span class='ocrx_word' id='word_1_287' title='bbox 551 4413 613 4509; x_wconf 92' lang='lat' dir='ltr'>qni</span> <span class='ocrx_word' id='word_1_288' title='bbox 636 4414 730 4488; x_wconf 85' lang='lat' dir='ltr'>intus</span> <span class='ocrx_word' id='word_1_289' title='bbox 745 4427 980 4491; x_wconf 83' lang='lat' dir='ltr'>remanserant</span> <span class='ocrx_word' id='word_1_290' title='bbox 1005 4425 1103 4492; x_wconf 90' lang='lat' dir='ltr'>erant</span> <span class='ocrx_word' id='word_1_291' title='bbox 1121 4417 1244 4491; x_wconf 91' lang='lat' dir='ltr'>timore</span> <span class='ocrx_word' id='word_1_292' title='bbox 1269 4418 1462 4514; x_wconf 88' lang='lat' dir='ltr'>perterriti,</span> <span class='ocrx_word' id='word_1_293' title='bbox 1480 4419 1714 4516; x_wconf 89' lang='lat' dir='ltr'>preliaverunt</span> 
     </span>
    </p>
   </div>
   <div class='ocr_carea' id='block_1_3' title="bbox 340 4585 877 4877">
    <p class='ocr_par' dir='ltr' id='par_1_8' title="bbox 340 4585 877 4877">
     <span class='ocr_line' id='line_1_32' title="bbox 340 4585 877 4666; baseline 0.015 -19"><span class='ocrx_word' id='word_1_294' title='bbox 340 4585 382 4666; x_wconf 78' lang='lat' dir='ltr'>(a)</span> <span class='ocrx_word' id='word_1_295' title='bbox 402 4587 458 4666; x_wconf 81' lang='lat' dir='ltr'>Ap.</span> <span class='ocrx_word' id='word_1_296' title='bbox 475 4589 544 4648; x_wconf 88' lang='lat' dir='ltr'>Job.</span> <span class='ocrx_word' id='word_1_297' title='bbox 559 4589 596 4648; x_wconf 90' lang='lat' dir='ltr'>de</span> <span class='ocrx_word' id='word_1_298' title='bbox 606 4587 717 4652; x_wconf 77' lang='lat' dir='ltr'>Musula</span> <span class='ocrx_word' id='word_1_299' title='bbox 730 4585 765 4652; x_wconf 80' lang='lat' dir='ltr'>de</span> <span class='ocrx_word' id='word_1_300' title='bbox 780 4591 877 4654; x_wconf 70' lang='lat' dir='ltr'>caro.</span> 
     </span>
     <span class='ocr_line' id='line_1_33' title="bbox 341 4689 701 4773; baseline 0.017 -21"><span class='ocrx_word' id='word_1_301' title='bbox 341 4689 383 4770; x_wconf 78' lang='lat' dir='ltr'>(b)</span> <span class='ocrx_word' id='word_1_302' title='bbox 408 4693 446 4753; x_wconf 91' lang='lat' dir='ltr'>lu</span> <span class='ocrx_word' id='word_1_303' title='bbox 459 4691 701 4773; x_wconf 80' lang='lat' dir='ltr'>codleasurctor.</span> 
     </span>
     <span class='ocr_line' id='line_1_34' title="bbox 341 4793 649 4877; baseline 0.016 -22"><span class='ocrx_word' id='word_1_304' title='bbox 341 4793 379 4877; x_wconf 85' lang='lat' dir='ltr'>(a)</span> <span class='ocrx_word' id='word_1_305' title='bbox 403 4795 501 4860; x_wconf 76' lang='lat' dir='ltr'>tauns</span> <span class='ocrx_word' id='word_1_306' title='bbox 514 4799 649 4862; x_wconf 85' lang='lat' dir='ltr'>muttlns.</span> 
     </span>
    </p>
   </div>
   <div class='ocr_carea' id='block_1_4' title="bbox 0 0 2316 6066">
    <p class='ocr_par' dir='ltr' id='par_1_9' title="bbox 0 0 2316 6066">
     <span class='ocr_line' id='line_1_35' title="bbox 0 0 2316 6066; baseline 0 0"><span class='ocrx_word' id='word_1_307' title='bbox 0 0 2316 6066; x_wconf 95' lang='lat' dir='ltr'> </span> 
     </span>
    </p>
   </div>
  </div>
 </body>
</html>
