4594 6066
660 645 718 708 190
1134 641 1375 710 cnuoulcolt
1400 643 1451 705 ou
1476 643 1603 706 aeuus

706 779 753 852 III.
773 778 836 852 CC.
854 779 973 871 XLIII,
989 777 1177 852 indictione
1198 779 1329 875 prIma,
1351 777 1396 852 da
1412 801 1531 852 mense
1557 779 1683 870 madii,
1701 781 1885 878 imperator
1902 786 2069 862 relaxavit

660 903 854 979 cardinales
867 911 903 984 ot
915 903 1099 1000 episcopos
1114 916 1149 976 et
1162 904 1309 1000 prelatos
1325 923 1446 976 omnes
1459 903 1496 976 in
1514 904 1600 976 mari
1616 913 1752 1001 captos,
1764 908 1945 1003 prebendo
1958 911 2067 986 cardi-

659 1029 796 1104 nalibus
811 1028 959 1124 plurima
986 1025 1090 1100 dona.
1118 1027 1161 1100 Et
1178 1027 1214 1100 in
1238 1028 1325 1102 Icsto
1355 1027 1447 1101 beati
1472 1029 1629 1125 Prosperi
1655 1030 1848 1106 cardinales
1870 1055 1991 1109 omncs
2015 1036 2068 1108 iu·

662 1153 765 1227 simul
781 1153 817 1224 in
832 1153 923 1226 Urbe
938 1152 1136 1247 congregati
1151 1151 1327 1246 elegemnt
1339 1151 1518 1226 dominum
1529 1151 1799 1249 Sygembaldum
1814 1155 1953 1231 natione
1966 1159 2070 1232 comi-

663 1279 708 1350 tIs
724 1273 801 1374 (sic)
818 1275 863 1349 de
877 1275 1053 1370 lavagnia
1066 1274 1274 1349 cardinalem
1288 1275 1326 1348 iu
1339 1277 1565 1372 apostolicum
1577 1285 1613 1350 et
1625 1287 1770 1352 vocatus
1788 1292 1840 1353 est
1851 1281 2073 1357 Innocentius

662 1412 818 1498 quartus.
832 1399 965 1474 Eodem
987 1409 1141 1496 tempore
1159 1399 1344 1497 imperator
1364 1411 1438 1475 erat
1461 1401 1498 1474 iu
1519 1401 1677 1498 partibus
1701 1403 1807 1480 Ilome
1821 1428 1902 1480 cum
1920 1409 2073 1484 maximo

660 1523 814 1600 exercitu
844 1533 951 1598 terras
978 1524 1209 1597 Romanorum
1236 1522 1463 1599 devastando.
1489 1524 1645 1598 Habebat
1662 1525 1756 1600 enlm
1782 1528 1819 1599 in
1838 1551 1903 1603 sno
1918 1531 2072 1606 exercitu

662 1671 781 1724 omnes
796 1649 920 1722 milites
938 1648 1063 1720 Tuscia
1081 1671 1102 1720 a
1120 1647 1228 1722 lIuvIo
1248 1645 1332 1720 Ami
1342 1670 1465 1723 versus
1478 1651 1622 1724 Romam
1637 1660 1672 1726 et
1686 1651 1812 1726 milites
1828 1653 2070 1750 Theotonieos,

663 1773 804 1871 Apulis,
816 1772 1020 1846 Lombardie
1033 1781 1067 1844 et
1080 1773 1225 1844 aliarum
1242 1774 1390 1868 partium
1408 1772 1470 1867 qui
1483 1773 1622 1846 luerunt
1633 1775 1701 1850 XM
1715 1777 1851 1851 milites.
1864 1779 1903 1852 ln
1916 1781 2074 1876 proximo

663 1919 783 1971 menso
797 1897 906 1992 junii,
926 1918 988 1970 rex
1009 1895 1159 1968 Henoius
1174 1917 1254 1968 cum
1270 1895 1496 1990 Papieusibns
1511 1906 1546 1970 et
1561 1897 1840 1974 'Icrdonensibus
1854 1909 1890 1974 et
1908 1901 2075 1975 militibus

662 2021 895 2110 Theotonicis,
915 2020 1054 2112 Tuscie,
1076 2019 1220 2116 Apulia,
1246 2021 1336 2094 Iacto
1361 2030 1466 2116 ponto
1489 2020 1633 2095 navium
1661 2045 1724 2119 per
1750 2023 1905 2098 medium
1926 2023 2074 2098 Acerram

661 2145 821 2220 transisit
838 2145 972 2220 Padum
997 2153 1032 2218 et
1056 2165 1121 2216 sna
1144 2151 1253 2217 castra
1269 2143 1364 2240 apud
1384 2144 1552 2242 hospitale
1568 2145 1780 2219 Bardonezie
1796 2143 1875 2218 lixit
1892 2155 1928 2219 et
1944 2145 2077 2220 devas-

663 2271 750 2344 tavit
772 2279 806 2344 et
829 2268 1010 2344 combuxit
1028 2290 1089 2364 per
1114 2269 1240 2340 vallem
1264 2267 1387 2342 'IIdoni
1417 2269 1509 2342 circa
1538 2270 1709 2343 caminata
1734 2269 1780 2344 de
1807 2268 2017 2344 castronovo
2045 2281 2078 2344 et

662 2395 786 2467 Vicum
807 2392 979 2467 Marinum
1007 2401 1042 2464 et
1065 2393 1234 2466 Coranum
1249 2391 1440 2464 Fabianum
1466 2399 1571 2485 atque
1587 2393 1827 2466 Zonevetrum.
1841 2393 1886 2466 Et
1904 2394 1941 2466 iu
1958 2393 2078 2488 vigida

663 2518 779 2592 Sancti
797 2517 962 2590 IohannIs
978 2516 1129 2610 BaptIste
1157 2515 1273 2612 posuit
1293 2535 1357 2588 sua
1377 2521 1488 2587 castra
1520 2513 1611 2588 circa
1633 2514 1798 2612 Olupram
1816 2525 1851 2590 et
1870 2515 1969 2590 dedit
1987 2517 2079 2590 obsi-

666 2641 838 2716 dIcionem
857 2641 906 2712 iIIi
922 2648 1045 2712 castro.
1060 2639 1103 2712 Et
1118 2661 1159 2712 ea
1175 2637 1233 2712 die
1250 2659 1365 2712 comes
1383 2637 1430 2712 de
1442 2638 1610 2713 Fraudala
1626 2637 1680 2736 (t)
1695 2639 1791 2714 venit
1814 2639 1862 2714 ud
1889 2641 2079 2714 exercitum

664 2765 757 2859 regis
772 2786 852 2837 cum
872 2763 897 2836 C
915 2761 1093 2834 militibus.
1117 2763 1250 2836 Interea
1280 2761 1434 2836 marchio
1463 2763 1611 2853 Lancia,
1634 2763 1786 2838 vicarius
1807 2763 2025 2860 imperatoris
2046 2765 2078 2836 iu

667 2889 825 2986 partibus
843 2887 1023 2978 Cremona,
1051 2887 1267 2981 congregatis
1284 2885 1590 2981 Cremonensibus,
1608 2886 1776 2961 militibus
1797 2909 1939 2984 quoquo
1960 2887 2081 2962 Parme

669 3023 703 3088 et
717 3013 837 3108 Regii,
856 3012 997 3099 Tuscis,
1012 3011 1166 3104 Marcbe,
1184 3033 1264 3084 cum
1282 3011 1418 3086 carocio
1434 3011 1617 3103 Cremona,
1639 3034 1759 3086 eorum
1782 3014 1962 3109 temptoria
1986 3011 2080 3110 apud

667 3137 916 3212 Iloncharolum
934 3144 1143 3232 posuerunt,
1160 3135 1318 3231 laetoque
1337 3144 1442 3232 ponto
1458 3135 1601 3210 navium
1623 3136 1671 3210 ibi
1693 3159 1799 3234 snpra
1816 3136 1970 3229 Padum,
1991 3147 2081 3210 tran·

667 3263 799 3336 sIcrunt
816 3261 950 3335 Padum
967 3269 1002 3334 et
1017 3269 1183 3354 ceperunt
1200 3259 1251 3333 ire
1268 3279 1390 3333 vorsus
1408 3259 1562 3334 laudam
1578 3263 1759 3336 occasione
1773 3261 2080 3336 Mediolanensinm

668 3383 845 3480 quierant
869 3383 905 3456 in
931 3383 1085 3456 exercitu
1103 3381 1199 3478 apud
1220 3381 1378 3456 Laudum
1393 3380 1556 3477 Vegium.
1576 3383 1654 3470 Quo
1671 3383 1791 3458 audito
1817 3385 1933 3458 statim
1951 3382 2082 3458 Medio·

669 3509 829 3582 lanenses
846 3505 941 3604 apud
956 3507 1200 3601 Melagnannm
1214 3509 1343 3580 reversi
1356 3515 1449 3580 sunt.
1464 3505 1618 3582 blarcbio
1631 3517 1747 3583 autem
1764 3509 1898 3582 Lancea
1918 3530 1999 3581 oum
2015 3515 2083 3581 toto

669 3633 824 3706 exercitu
843 3653 907 3705 suo
925 3631 1018 3705 circa
1046 3631 1167 3702 turrim
1195 3631 1240 3704 de
1261 3629 1413 3704 BImbrio
1432 3641 1543 3704 castra
1558 3631 1674 3728 posuit
1693 3641 1728 3705 et
1747 3631 1865 3706 habita
1891 3633 1965 3728 ipsa
1993 3640 2083 3704 turre

671 3779 749 3832 cam
773 3755 930 3830 Innditns
946 3754 1141 3851 dIssipavit.
1170 3755 1212 3827 ut
1238 3756 1274 3826 iu
1295 3749 1303 3851 Ι
1325 3755 1410 3829 lesto
1426 3756 1542 3829 Sancti
1559 3754 1745 3846 Iohannis,
1763 3777 1827 3830 rex
1849 3757 1960 3829 movit
1974 3767 2082 3829 castra

671 3904 735 3956 sua
757 3879 802 3954 ab
825 3879 1031 3954 ossidioione
1055 3879 1202 3973 Olnbre,
1222 3879 1450 3975 transivitque
1472 3879 1603 3954 Padum
1628 3901 1692 3977 per
1712 3889 1853 3978 pontem
1872 3881 2016 3955 navium
2041 3882 2085 3957 de

672 4005 803 4089 Areno;
821 4002 964 4078 dImIsso
977 4003 1108 4099 populo
1120 4003 1226 4101 Papia
1239 4025 1319 4078 cum
1335 4003 1473 4080 miliciis
1486 4007 1657 4100 equitavit
1670 4007 1706 4080 in
1721 4005 1968 4081 Laudexanam
1983 4029 2083 4105 pmo

672 4138 724 4204 ter
739 4127 971 4202 marchionem
990 4127 1151 4201 Lanciam
1170 4129 1328 4224 quicum
1349 4149 1414 4204 suo
1436 4131 1592 4206 exercitu
1607 4152 1671 4205 sna
1689 4133 1870 4228 temptoria
1884 4131 1981 4228 apud
1997 4133 2084 4204 Lau·

674 4253 760 4328 dum
786 4253 935 4348 Vegium
959 4250 1153 4326 induxerat.
1182 4251 1456 4328 Mediolanenses
1482 4266 1597 4328 autem
1626 4256 1717 4328 circa
1745 4277 1866 4330 eornm
1893 4257 2082 4330 exercitum

711 4569 747 4644 (l)
767 4571 806 4627 Iis
819 4568 962 4629 Fraudata
980 4589 1048 4646 pour
1060 4571 1091 4630 de
1101 4571 1249 4646 FIoadrt'c,
1262 4588 1366 4633 comme
1381 4589 1416 4633 on
1432 4581 1497 4650 peut
1509 4573 1535 4632 Ie
1547 4574 1607 4632 voir
1620 4574 1683 4650 plus
1695 4574 1763 4634 haut
1772 4575 1840 4635 dans
1852 4575 1880 4635 Ia
1892 4575 2045 4653 chronique
2054 4577 2084 4634 dt

676 4665 829 4737 Ploboaca,
845 4683 874 4742 p.
891 4669 936 4727 28.
950 4669 972 4725 lI
986 4669 1063 4743 s’agit
1077 4685 1141 4729 sans
1153 4671 1234 4730 doute
1247 4671 1282 4730 lci
1293 4671 1330 4729 du
1346 4677 1434 4730 comte
1449 4672 1567 4731 Thomas
1579 4671 1614 4733 de
1625 4672 1736 4746 Savels,
1749 4673 1848 4734 second
1863 4673 1931 4733 mari
1942 4669 2085 4734 dolaenus

676 4771 809 4824 comessa
822 4765 857 4823 de
872 4765 996 4824 Flaudre.
