4534 6074
703 693 946 756 GHRONlCON
970 689 1272 752 PLACENTINUM.
1655 693 1696 754 93

270 854 332 906 eos
347 831 496 919 faciens,
518 829 617 902 inscii
632 837 667 901 et
681 829 847 923 incogniti
867 837 961 902 tante
979 824 1143 922 perfidie,
1163 845 1276 918 usque
1294 823 1414 896 decem
1430 826 1485 896 vel
1510 825 1696 900 duodecim

270 955 318 1028 de
333 957 386 1028 eis
401 954 493 1050 cepit
512 962 564 1044 et,
581 952 679 1046 quod
696 951 850 1026 deterius
866 952 949 1043 luit,
971 952 1007 1023 in
1024 949 1221 1023 carceribus
1236 947 1388 1020 reclusit.
1408 945 1477 1019 Atii
1494 972 1577 1023 vero
1596 953 1657 1046 qui
1674 975 1696 1025 a

271 1081 436 1154 manibus
451 1080 527 1172 ejus
541 1099 702 1168 evasere,
717 1079 826 1150 veluti
847 1077 854 1174 Ι
877 1078 1078 1172 inceperant
1093 1083 1128 1146 et
1144 1081 1412 1169 proposuerant,
1428 1071 1474 1145 ad
1490 1085 1605 1168 partes
1619 1077 1696 1149 illas
1721 1098 1769 1144 ro.
1784 1101 1822 1144 101
1833 1104 1903 1148 mo.

271 1204 338 1276 iter
351 1203 518 1276 velociter
535 1203 707 1296 aripuere.
724 1203 803 1274 Non
818 1203 911 1274 enim
928 1197 1166 1296 deputandum
1186 1205 1238 1270 est
1253 1197 1298 1270 de
1316 1208 1430 1269 mente
1446 1199 1603 1290 ejusdem
1621 1201 1696 1274 sive

272 1327 457 1421 insipiente
474 1347 613 1414 eorum,
634 1347 713 1396 cum
735 1325 811 1420 ipsc
834 1324 987 1397 marchio
1002 1323 1200 1396 societatem
1220 1320 1425 1393 lombardie
1442 1331 1477 1394 et
1501 1325 1695 1396 communis

273 1449 459 1522 Mediolani
490 1470 602 1544 nuper
626 1450 805 1540 juraverat
836 1458 872 1521 et
899 1455 1113 1521 sacramento
1145 1444 1360 1535 firmaverat;
1387 1445 1452 1517 ssd
1479 1457 1695 1520 sacramento

273 1582 376 1670 sputo
395 1582 430 1645 ct
445 1572 515 1645 fide
533 1573 665 1661 relicta,
682 1571 838 1668 nequitie
852 1582 887 1644 et
905 1569 1050 1666 perfidie
1062 1592 1126 1642 suc
1143 1569 1246 1642 debet
1262 1569 1425 1664 imputari
1441 1569 1537 1664 quod
1557 1571 1603 1643 ad
1617 1572 1694 1644 illas

273 1699 499 1770 accessissent
527 1707 654 1792 partes.
681 1697 784 1770 illico
810 1695 975 1769 conscilio
1001 1694 1236 1784 comunicato,
1260 1693 1440 1766 dominum
1463 1693 1628 1766 Obertum
1649 1697 1694 1768 de

274 1821 390 1894 Ozcno
410 1823 526 1893 virum
543 1821 694 1894 nobilem
707 1829 742 1892 et
758 1820 978 1916 prudentem,
998 1817 1094 1889 urbis
1109 1816 1296 1890 Mediolani
1311 1816 1503 1906 concivem,
1520 1821 1693 1912 potentis-

272 1955 399 2027 simum
422 1955 604 2028 dominum
622 1963 655 2026 et
672 1962 841 2027 rectorem
856 1974 976 2026 eorum
995 1961 1030 2024 et
1048 1952 1201 2047 ipsorum
1227 1952 1379 2023 locorum
1399 1952 1554 2022 lecerunt
1568 1963 1604 2024 et
1626 1963 1693 2028 sta·

271 2089 430 2172 tuerunt,
460 2081 522 2174 qui
546 2081 661 2152 statim
684 2089 849 2174 tanquam
879 2081 934 2151 vir
958 2077 1084 2151 nobilis
1108 2085 1143 2150 et
1165 2077 1407 2171 magnanimus
1429 2077 1504 2172 ipsa
1528 2087 1563 2150 et
1585 2081 1693 2154 mulla

272 2203 341 2280 alia
359 2203 618 2276 circumstantia
637 2203 704 2274 sub
722 2225 786 2275 sua
801 2203 917 2298 posuit
936 2211 1102 2296 potestate
1121 2210 1155 2273 et
1178 2209 1390 2274 sacramento
1414 2199 1575 2274 firmavit.
1597 2205 1693 2290 Qua·

272 2324 354 2397 dam
374 2347 459 2398 vcro
478 2325 537 2398 dia
560 2347 640 2396 cum
669 2325 789 2397 ivisset
810 2347 890 2396 cum
914 2323 1065 2418 quadam
1084 2323 1186 2395 turba
1212 2323 1360 2394 militurn
1379 2331 1415 2394 et
1435 2324 1691 2418 sagittariorum

272 2457 308 2519 et
328 2449 590 2522 balestariorum
609 2450 654 2522 ad
679 2449 867 2544 quemdam
885 2451 998 2522 locum
1017 2449 1079 2542 qui
1095 2468 1154 2520 eos
1173 2447 1402 2542 impugnabat
1413 2457 1447 2518 et
1463 2449 1576 2519 locum
1593 2449 1689 2522 illum

268 2569 466 2662 obsideret,
490 2593 606 2644 comes
632 2572 677 2644 de
702 2573 852 2666 Sabogia
875 2583 910 2646 ct
936 2572 1089 2644 marchio
1113 2571 1158 2644 de
1182 2572 1319 2642 Salacio
1346 2581 1450 2666 atque
1477 2574 1628 2646 marchio
1647 2574 1692 2649 de

270 2691 497 2766 Monteferato
525 2695 687 2790 privatim
716 2704 750 2767 et
779 2694 1022 2786 secretissime,
1051 2694 1151 2766 turba
1182 2694 1330 2766 militum
1361 2715 1486 2788 magna
1516 2709 1550 2767 et
1581 2699 1691 2791 sagit-

271 2817 440 2890 tariorum
456 2827 491 2891 st
505 2819 767 2891 balestariorum
785 2819 942 2914 undique
959 2820 1118 2910 collecta,
1135 2826 1267 2912 partem
1286 2839 1406 2889 eorum
1425 2817 1460 2886 in
1478 2818 1613 2892 insidiis
1632 2843 1691 2916 po·

272 2949 396 3012 nentes
421 2963 500 3012 cum
524 2941 601 3012 aliis
620 2941 787 3036 impetum
803 2963 909 3038 super
929 2963 990 3014 eos
1011 2941 1175 3013 iacientes
1193 2940 1339 3035 prelium
1366 2961 1446 3010 cum
1470 2941 1521 3013 eis
1543 2945 1691 3015 commi-

272 3073 405 3136 serunt.
423 3063 513 3136 Dum
530 3075 646 3138 autem
662 3065 712 3137 sic
728 3065 971 3160 preliarentur,
989 3063 1039 3135 illi
1054 3065 1117 3158 qui
1135 3073 1233 3134 erant
1252 3064 1287 3134 in
1302 3063 1437 3135 insidiis
1451 3065 1560 3136 veloci
1578 3067 1690 3161 gradu

272 3188 308 3259 in
330 3189 383 3260 eis
400 3189 568 3262 insultum
594 3191 769 3279 lecerunt,
789 3210 941 3283 cumque
959 3187 1009 3260 sic
1028 3197 1218 3275 certarent,
1239 3187 1423 3261 Mediolani
1442 3189 1568 3262 milites
1583 3201 1618 3262 et
1633 3193 1691 3264 alii

272 3312 333 3406 qui
352 3334 434 3383 cnm
458 3311 508 3384 eis
527 3321 623 3385 arant
645 3314 803 3386 resistere
821 3312 963 3384 minime
977 3331 1078 3406 posse
1096 3311 1143 3406 (a)
1162 3310 1270 3404 sagati
1293 3319 1327 3382 ct
1343 3310 1488 3406 dispersi
1505 3335 1567 3408 per
1584 3324 1692 3387 terras

272 3443 308 3506 et
320 3435 423 3508 villas
441 3437 581 3508 luerunt
601 3446 635 3509 et
653 3438 745 3531 capti
763 3459 811 3509 ex
835 3437 885 3508 cis
904 3457 1015 3529 usque
1034 3434 1080 3506 ad
1098 3433 1245 3524 viginti,
1266 3433 1355 3506 inter
1374 3457 1462 3529 quos
1484 3437 1551 3508 suit
1570 3449 1692 3534 captus

272 3556 437 3630 dominus
455 3559 603 3632 Obertus
617 3559 662 3632 de
679 3560 799 3654 Ogeno
813 3568 925 3632 rector
941 3567 974 3630 et
991 3565 1140 3652 potestas
1154 3577 1286 3630 eorum.
1300 3559 1470 3630 Nimirum
1485 3561 1569 3653 quia
1583 3583 1692 3657 parva

275 3681 378 3753 turba
398 3703 481 3776 sepe
498 3693 533 3754 et
548 3683 745 3755 multotiens
760 3691 942 3779 superatur
961 3701 1123 3774 amagno
1134 3701 1279 3752 numero
1294 3689 1328 3752 et
1344 3683 1534 3775 quantitate
1551 3705 1689 3779 magna,

271 3825 332 3880 cos
351 3807 575 3900 superabant.
606 3807 693 3879 Cum
712 3815 827 3880 autem
854 3805 947 3878 idem
966 3803 1114 3876 Obertus
1141 3813 1232 3875 esset
1259 3803 1295 3874 in
1321 3805 1451 3877 virtute
1475 3815 1510 3878 et
1527 3817 1694 3902 potestate

271 3930 408 4002 comitis
428 3930 473 4003 de
490 3931 658 4026 Sabogia,
676 3931 884 4004 marchionis
907 3929 952 4001 de
972 3928 1108 4000 Salucio
1134 3937 1239 4022 atque
1264 3929 1474 4002 marchionis
1496 3931 1541 4004 de
1561 3933 1694 4005 Monto-

274 4053 383 4126 lerato
399 4063 434 4124 et
453 4054 683 4148 quorumdam
702 4055 848 4125 aliorum
866 4051 1021 4123 virorum
1044 4050 1230 4140 nobilium,
1251 4052 1332 4124 tacti
1351 4053 1502 4146 maligno
1522 4055 1644 4149 spiritu
1661 4065 1696 4127 et

272 4173 493 4268 iniquissimo
517 4186 551 4246 et
575 4173 858 4268 nephandissimo
880 4174 1008 4245 scelere
1035 4173 1127 4269 turpi
1146 4183 1181 4246 et
1206 4173 1339 4247 crudeli
1364 4185 1469 4270 atque
1491 4177 1695 4274 inopinabili

273 4315 360 4364 neco
380 4295 494 4388 ipsum
509 4294 703 4370 interlicere
718 4297 883 4370 iecerunt.
904 4295 1006 4382 Quod
1025 4297 1090 4367 luit
1103 4305 1220 4370 contra
1231 4299 1322 4392 juris
1339 4299 1493 4372 ordinem
1509 4311 1544 4372 et
1561 4301 1695 4397 imperii

272 4416 577 4489 consuetudinem.
597 4419 696 4492 Unde
720 4421 853 4512 justum
884 4429 936 4492 est
961 4429 996 4491 et
1023 4422 1235 4493 conveniens
1257 4433 1296 4493 ut
1313 4423 1522 4518 condignam
1547 4425 1696 4498 debcant

272 4539 405 4612 habere
418 4541 692 4616 retributionem.
708 4544 914 4618 llocaudito
928 4553 962 4615 et
978 4544 1169 4618 inveritate
1180 4547 1316 4639 cognito
1335 4548 1371 4618 in
1388 4549 1474 4619 urbe
1487 4549 1692 4642 Mediolani,

321 4795 367 4878 (a)
388 4798 434 4860 lbl
447 4802 559 4881 aliquid
572 4803 664 4866 deest.
