4594 6066
556 530 615 592 164
1025 541 1267 610 CllllOllllCOlll
1291 551 1343 610 bl:
1367 549 1496 610 REBUS

552 663 641 738 iuter
663 667 902 762 imperatorem
929 683 964 746 et
990 677 1185 753 societatem
1208 684 1481 758 bombardorum
1505 681 1699 756 rebellium.
1727 685 1840 760 Primo
1864 708 1969 763 vene·

550 801 631 864 runt
660 793 835 867 Mantuam
862 819 943 870 cum
972 801 1166 895 patriarcba
1194 807 1376 882 Antiocbie
1403 817 1438 880 et
1461 805 1720 904 archiepiscopo
1745 807 1792 882 de
1812 812 1965 902 Mixina3

550 925 648 988 erant
664 917 757 990 enim
774 941 854 991 cnm
871 922 922 994 eis
931 923 1045 1014 judex
1064 927 1238 1020 lbadeus,
1253 933 1373 1006 Petrus
1392 930 1438 1004 de
1452 929 1570 1002 Vincis
1585 928 1724 1020 judices
1740 932 1964 1028 imperatoris.

549 1040 802 1114 Mandaverunt
816 1045 908 1118 enim
924 1047 1127 1123 lombardis
1143 1063 1182 1124 ut
1197 1056 1371 1128 mitterent
1387 1054 1631 1127 ambaxatcrcs
1648 1075 1728 1126 cum
1752 1056 1818 1148 eis,
1839 1056 1968 1134 deinde

548 1165 793 1258 equitaverunt
816 1165 971 1242 Brixiam
994 1195 1123 1248 moram
1153 1177 1203 1249 ibi
1229 1179 1392 1252 iacientes
1418 1199 1481 1276 per
1503 1199 1614 1249 unum
1641 1199 1809 1252 mensem.
1834 1183 1966 1256 Interea

547 1291 710 1382 magister
737 1290 981 1368 Alamanornm
1009 1295 1138 1372 direxit
1164 1301 1293 1376 litteras
1320 1303 1405 1400 ipsis
1430 1301 1664 1376 cardinalibus
1694 1313 1780 1398 aput
1806 1305 1965 1380 Parmam

546 1416 856 1510 commorantibus,
873 1421 1088 1496 continentes
1104 1425 1152 1497 ita
1169 1451 1179 1494 ι
1232 1425 1236 1456 ³

597 1539 839 1614 «Reverendis
851 1542 888 1614 in
906 1544 1039 1618 Christo
1056 1548 1212 1642 patribus
1227 1571 1269 1622 ac
1281 1549 1453 1643 dominis,
1472 1549 1653 1646 Raynnldo
1671 1550 1819 1622 Ostiensi
1836 1561 1871 1624 ct
1884 1552 1963 1626 Vel·

543 1663 682 1738 letrensi
701 1663 751 1761 (a)
776 1666 940 1763 episcopo
959 1679 995 1742 et
1015 1670 1144 1745 Tbcme
1166 1675 1256 1746 tituli
1283 1677 1409 1746 Sancto
1422 1664 1560 1746 ¹Sabine
1583 1673 1773 1768 presbitero
1795 1675 1963 1750 cardinali

542 1786 737 1882 Apostolice
752 1785 871 1888 [sedis]
883 1792 1018 1886 legatis,
1039 1795 1083 1866 ll.
1103 1798 1260 1891 ospitalis
1269 1800 1394 1870 Sancte
1407 1798 1515 1872 Maria
1528 1797 1818 1872 'theutonicorum
1827 1801 1962 1876 Jerusa-

541 1912 608 1984 lem
630 1913 786 1986 minister
808 1913 948 1986 humilis
967 1919 1158 1992 reverentie
1171 1930 1207 1993 et
1223 1922 1383 2015 obsequii
1399 1921 1633 1994 devotionern.
1650 1922 1755 1993 Prout
1771 1921 1961 1996 denuncia-

541 2035 657 2108 vimue
672 2036 772 2108 vobis
788 2057 849 2132 per
866 2037 952 2109 alias
970 2038 1116 2130 litteras,
1136 2042 1187 2114 sic
1206 2043 1327 2116 iterato
1345 2065 1408 2138 per
1423 2051 1600 2138 presentes
1625 2044 1823 2138 paternitati
1847 2055 1961 2122 vestra

540 2159 698 2252 cupimus
718 2181 794 2232 esse
816 2171 955 2252 notum,
975 2163 1073 2257 quod
1096 2165 1258 2238 dominus
1275 2167 1513 2238 serenissimus
1535 2167 1812 2261 imperatoriam
1837 2187 1959 2240 versus

538 2292 654 2378 partes
680 2283 838 2378 Auguste
859 2308 898 2358 sa
923 2288 1068 2358 contulit
1091 2298 1131 2360 ιιι
1157 2288 1288 2362 deinde
1315 2311 1395 2362 cum
1426 2289 1610 2362 victorioso
1645 2290 1801 2360 exercitu
1829 2301 1959 2386 repetat

537 2408 792 2481 anbardiam.
813 2411 885 2482 Nos
901 2421 1017 2483 antem
1040 2433 1082 2483 eo
1110 2421 1272 2486 movente
1303 2413 1349 2485 ab
1379 2413 1538 2506 Augusta
1564 2411 1710 2484 feliciter
1734 2420 1844 2486 castra
1873 2435 1954 2505 sua,

538 2555 608 2605 una
635 2555 753 2605 secum
777 2554 918 2607 movere
949 2533 1202 2629 disposuimus,
1233 2535 1478 2631 prevenientes
1513 2535 1664 2608 eundem
1697 2545 1739 2606 ut
1769 2557 1855 2631 sepe
1884 2539 1955 2629 iam

536 2657 754 2750 scripssimus
784 2656 829 2751 (l)
860 2665 896 2728 et
927 2657 973 2730 ad
1005 2679 1069 2731 vos
1098 2658 1200 2733 dietis
1228 2657 1274 2756 (c)
1304 2659 1470 2732 maximis
1498 2666 1739 2754 properantes,
1776 2660 1824 2730 ita
1858 2660 1956 2754 quod

536 2782 628 2853 circa
660 2781 787 2851 testum
809 2779 1064 2876 assumptionis
1095 2781 1197 2855 beate
1230 2783 1339 2856 llario
1370 2781 1518 2876 virginis
1557 2780 1739 2854 vobiscum
1777 2793 1955 2877 presentes

535 2905 665 2978 erimus
682 2903 829 2977 Domino
851 2904 973 2997 dante,
1002 2915 1059 2996 ut,
1078 2906 1169 2978 sicut
1186 2904 1350 2978 dominus
1372 2915 1489 2979 noster
1510 2927 1602 3000 papa
1621 2913 1751 2977 attente
1770 2907 1906 2978 monuit
1920 2917 1956 2980 et

533 3029 707 3126 precepit,
728 3050 954 3124 procuremus
973 3027 980 3124 Ι
1002 3029 1096 3122 ἱιιιιιιι
1109 3030 1322 3124 imperialem
1348 3030 1589 3103 excellentiam
1606 3037 1642 3101 et
1663 3027 1875 3102 Lombardos
1892 3053 1954 3103 re-

533 3153 641 3226 belles
659 3174 743 3225 suos
761 3150 811 3248 (d)
827 3153 928 3226 vobis
947 3151 1182 3226 mediantibus
1199 3153 1331 3226 bonurn
1355 3153 1466 3248 pacis.
1485 3153 1555 3225 Nos
1573 3153 1666 3224 enim
1686 3153 1886 3247 expressius
1907 3153 1951 3250 (c)

534 3279 572 3351 in
602 3279 754 3374 capitulo
782 3287 900 3350 nostru
928 3276 1024 3372 apud
1053 3277 1237 3372 lllarpnrcb
1264 3277 1311 3374 (s)
1345 3277 1526 3372 nuperime
1555 3275 1745 3366 celebrato,
1776 3275 1838 3348 ubi
1863 3298 1953 3371 pene

535 3413 673 3476 centum
691 3404 810 3475 tratres
831 3402 936 3474 nostri
959 3401 1004 3474 de
1019 3399 1194 3474 nobilibus
1222 3409 1257 3474 et
1278 3401 1477 3495 potentibus
1502 3399 1613 3473 tocius
1633 3397 1816 3472 Germania
1838 3396 1950 3495 (qnod

535 3527 668 3598 utinam
690 3526 876 3620 apostolice
904 3524 1075 3598 sanctitati
1098 3533 1134 3598 et
1160 3524 1262 3598 uobis
1286 3525 1389 3620 plene
1416 3523 1563 3620 pateret)
1587 3530 1763 3617 presentes
1788 3521 1947 3614 luerunt,

536 3650 709 3723 communi
732 3658 815 3721 voto
839 3657 874 3720 et
896 3669 983 3721 voce
1012 3646 1074 3745 (p),
1100 3649 1242 3722 fratrum
1264 3649 1420 3722 omnium
1448 3647 1630 3720 consilium
1653 3645 1818 3719 dissuasit
1837 3644 1888 3742 (t)
1911 3656 1950 3718 ut

578 3917 621 3999 (ιι)
643 3919 679 3979 ln
692 3915 793 3978 codlco
811 3911 997 3980 Vullctrcntr'.

577 4022 620 4106 (b)
641 4026 677 4086 lu
690 4023 790 4085 codice
802 4023 996 4102 comperimus.

577 4131 616 4212 (c)
642 4129 680 4191 In
693 4129 793 4190 codice
805 4125 901 4190 diutia.

576 4237 620 4319 (d)
641 4237 677 4298 In
690 4235 790 4298 codice
802 4235 873 4297 aab.

574 4343 615 4426 (a)
637 4346 673 4406 Iu
689 4343 789 4405 codlce
801 4341 1004 4421 repartum.

574 4451 621 4533 (sl
636 4454 674 4514 ln
687 4451 787 4512 codlce
801 4445 976 4528 Mcrpucclr.

573 4557 615 4640 (p)
637 4561 673 4622 ln
687 4558 787 4619 codice
800 4562 873 4618 ecte.

572 4664 614 4746 (lr)
636 4665 672 4727 ln
685 4664 785 4726 codice
792 4662 939 4743 penurie
944 4681 961 4740 ;
974 4661 1022 4723 cul
1036 4658 1126 4722 verbo
1139 4673 1243 4720 sensus
1258 4659 1378 4720 omuluo
1391 4663 1544 4737 repugnat.
