4534 6074
718 657 960 720 crlttoutcolt
984 655 1286 720 PLACENTINUM.
1673 659 1715 722 65

343 797 407 868 Die
421 795 595 869 dominioo
604 793 716 890 pridie
730 794 896 868 kalendas
912 795 1025 868 martii
1038 794 1106 890 (l),
1118 795 1280 867 dominus
1294 790 1497 866 Guillelmns
1507 795 1656 866 Bac-utus
1670 794 1715 868 de

293 919 438 993 Camino
453 929 604 1014 potestas
620 920 792 992 Placentie
812 921 921 1016 primo
947 920 1086 993 intravit
1111 920 1147 989 in
1172 917 1365 990 districtum
1390 918 1575 1006 Piscense,
1604 929 1639 990 et
1656 917 1716 991 die

294 1047 378 1117 lune
403 1045 515 1140 primo
534 1045 663 1118 mensis
688 1044 798 1117 martii
818 1044 914 1116 venit
938 1044 1126 1116 Potentiam
1143 1039 1194 1137 (a)
1220 1042 1282 1112 ubi
1304 1041 1477 1113 Placentie
1505 1043 1628 1114 milites
1653 1062 1716 1135 pro

295 1171 372 1264 ipso
399 1171 475 1243 loeo
498 1169 658 1242 faciendo
687 1180 723 1242 et
747 1166 978 1240 construendo
1002 1165 1159 1238 aderant.
1188 1166 1251 1236 Die
1273 1185 1355 1237 vero
1382 1166 1466 1236 lune
1487 1166 1562 1238 vltl
1589 1167 1716 1238 mensis

279 1295 423 1386 martii,
437 1294 621 1388 populares
637 1304 707 1364 tam
723 1293 848 1364 milites
861 1313 966 1386 quam
983 1291 1129 1386 pedites,
1141 1287 1304 1380 sagittarii
1320 1297 1355 1358 et
1374 1288 1546 1361 balestarii
1559 1289 1605 1360 ad
1620 1311 1716 1361 eorn-

296 1417 493 1489 burendum
516 1419 632 1488 locum
655 1415 701 1487 de
723 1413 913 1509 Capinaldo
933 1413 982 1506 (b)
1006 1417 1154 1486 iverunt.
1176 1413 1249 1485 Hoc
1275 1412 1394 1484 audito
1420 1434 1441 1484 a
1466 1412 1634 1484 militibus
1655 1413 1716 1507 qni

295 1539 392 1635 apud
408 1539 612 1612 Pontianum
631 1536 677 1634 (c)
694 1536 856 1624 aderant,
872 1536 986 1608 statim
1000 1535 1047 1609 ad
1061 1537 1138 1608 illes
1153 1533 1319 1608 assedere
1335 1544 1449 1630 partes
1464 1534 1528 1631 (d),
1550 1537 1717 1630 populum

295 1662 441 1756 quidem
458 1663 635 1735 Placentis
651 1661 802 1756 desuper
818 1682 839 1732 a
856 1669 959 1755 ponte
968 1661 1091 1732 Trevie
1109 1681 1216 1754 prope
1233 1658 1374 1730 domum
1386 1658 1473 1730 Serii
1487 1658 1550 1730 Dei
1569 1659 1718 1730 invene-

298 1797 389 1858 runt.
406 1787 560 1860 Clamore
581 1787 713 1880 ingenti
738 1787 896 1880 undique
917 1787 1006 1857 lacto
1022 1785 1178 1857 omnium
1197 1784 1333 1855 illarum
1359 1784 1505 1876 partium
1527 1783 1651 1854 milites
1668 1783 1717 1854 ibi

296 1911 543 1984 combnsernnt
573 1909 631 2007 (e).
665 1909 731 1994 Qui
757 1931 837 1981 oum
862 1909 1086 2004 popularibus
1110 1909 1259 2004 prelium
1284 1907 1508 2001 incipientes,
1530 1929 1636 2001 snper
1659 1927 1719 1980 eos

294 2033 462 2129 impetum
480 2033 607 2129 pariter
625 2043 659 2105 et
682 2011 848 2105 insnltum
863 2033 991 2128 pluries
1005 2033 1189 2122 facientes,
1205 2032 1300 2126 ipsos
1318 2051 1429 2125 usque
1455 2032 1492 2102 in
1513 2033 1589 2128 ripa
1605 2032 1720 2104 Trivie
1808 2037 1811 2042 ’

295 2158 519 2251 expulerunt.
536 2155 702 2229 Videntes
729 2158 912 2252 populares
942 2179 980 2228 se
1007 2179 1076 2228 non
1100 2177 1202 2252 posse
1229 2155 1403 2246 resistere,
1427 2156 1596 2249 perterriti
1623 2166 1719 2248 terga

295 2291 472 2352 vertentes
486 2279 531 2353 de
546 2281 623 2376 ipsa
640 2301 717 2376 rpa
743 2279 906 2352 inTrevia
922 2302 959 2352 se
976 2281 1164 2376 projecere,
1179 2288 1214 2351 et
1228 2278 1390 2350 omnibus
1409 2279 1513 2350 armis
1527 2279 1576 2350 ibi
1594 2279 1720 2351 relictis

294 2403 415 2496 lugam
430 2405 622 2498 petierunt;
645 2405 870 2498 quamplures
894 2424 977 2476 vero
995 2403 1111 2498 gladio
1132 2414 1168 2474 et
1192 2403 1227 2472 in
1252 2403 1327 2496 ipso
1352 2401 1460 2472 fluvio
1483 2401 1584 2473 morti
1604 2401 1720 2473 tradi-

296 2525 435 2597 derunt.
454 2529 663 2600 Sexcentnm
690 2537 725 2599 et
742 2527 821 2621 plns
839 2525 884 2599 de
898 2527 967 2598 illis
984 2548 1072 2620 quos
1092 2527 1278 2598 voluerunt
1294 2523 1489 2596 babuerunt
1503 2533 1538 2596 at
1556 2535 1720 2619 oeperunt

294 2672 384 2744 quos
400 2652 436 2722 in
457 2651 689 2723 Florenzolam
710 2657 746 2721 et
772 2651 808 2721 in
833 2659 945 2721 castro
962 2649 1115 2742 Arqnato
1136 2648 1377 2736 reoluxerunt,
1399 2648 1485 2719 ulios
1510 2668 1594 2719 vero
1619 2649 1720 2741 fuga·

294 2785 422 2846 verunt
446 2783 481 2846 et
504 2783 712 2848 cazaverunt
735 2795 847 2868 usqne
874 2773 921 2846 ad
948 2773 1143 2863 civitatem3
1169 2781 1279 2844 rostas
1308 2771 1575 2844 innumerabiles
1599 2771 1645 2845 de
1669 2773 1720 2844 eis

294 2895 500 2970 habuissent
520 2909 555 2971 at
576 2899 746 2992 cepissent
767 2897 797 2969 si
816 2907 977 2992 captores
993 2897 1042 2968 ibi
1063 2896 1226 2984 luissent,
1246 2895 1476 2967 existentibus
1500 2905 1582 2968 tune
1606 2906 1719 2992 potes·

294 3022 425 3094 tatibus
443 3023 562 3118 populi
585 3021 691 3094 Grezo
709 3022 825 3093 Furno
846 3020 889 3117 (l)
903 3043 982 3093 eum
1001 3019 1159 3092 Guidone
1173 3019 1218 3091 de
1231 3018 1363 3091 Cremu.
1385 3020 1448 3092 Die
1465 3019 1625 3092 mercurii
1647 3021 1721 3094 Vlll

295 3146 425 3219 mensis
448 3147 566 3242 aprilis
579 3145 643 3242 (2),
661 3146 843 3240 elegerunt
864 3145 899 3216 in
927 3152 1095 3240 potestate
1119 3144 1359 3237 Belengerinm
1381 3143 1588 3236 Mastaginm
1607 3143 1720 3218 civem

296 3266 474 3340 Cremone.

343 3391 391 3462 Μ.
411 3389 476 3462 CC.
496 3389 595 3482 XXl,
614 3389 803 3464 indictione
820 3387 911 3476 VIII,
932 3387 991 3460 die
1016 3389 1176 3472 mercurii
1194 3389 1224 3462 V
1247 3387 1412 3460 kalendas
1434 3387 1572 3482 augusti
1595 3387 1661 3485 (3),
1683 3389 1720 3460 in

295 3513 436 3587 civitate
451 3513 607 3588 Bononie
629 3515 718 3587 laeta
742 3523 795 3586 est
819 3512 1004 3586 oonoordia
1029 3513 1118 3584 inter
1143 3512 1310 3607 populum
1335 3521 1371 3584 et
1388 3511 1544 3604 ejusdem
1570 3511 1720 3586 civitatis

295 3639 421 3711 militer
434 3661 496 3735 per
512 3639 694 3711 dominnm
712 3637 898 3732 Ugolinnm
921 3637 1121 3732 episcopum
1141 3635 1332 3727 Ostensem‚
1359 3637 1512 3709 Romane
1528 3636 1623 3710 curie
1643 3658 1718 3710 car·

337 3811 380 3890 (α)
402 3813 464 3892 Sle,
478 3821 560 3874 reete
573 3820 675 3874 temen
687 3812 908 3874 Potentiamne.

336 3916 378 3998 (b)
400 3919 474 3998 Legl
487 3937 608 3998 qnoque
620 3927 719 3998 potest
732 3915 903 3999 Capmaldo.

335 4023 374 4103 (e)
401 4023 448 4084 lbl
463 4040 563 4085 rursus
575 4023 734 4101 legendnm
748 4024 928 4100 urbltramur
940 4021 1160 4085 Potentiuaum.

336 4127 381 4210 (d)
400 4129 489 4190 Deest
500 4129 630 4205 aliquid,
644 4127 770 4188 tortasse
781 4135 1011 4207 propanam
1023 4129 1070 4189 rel
1084 4126 1240 4205 ejusmodi.

337 4233 376 4314 (e)
401 4233 450 4295 Sle
463 4235 495 4293 ln
510 4235 621 4295 eodlee.
637 4235 845 4298 Verisimilltar
857 4241 958 4296 temen
971 4240 1189 4296 emmeant.

331 4471 367 4546 (t)
386 4472 423 4530 Le
441 4471 585 4529 dimancba
603 4474 638 4530 28
656 4473 765 4544 tersior,
777 4474 840 4532 dats
859 4477 955 4532 exaots
968 4489 1037 4549 pour
1050 4477 1131 4533 ⁴22⁴.
1146 4475 1213 4532 ltais
1229 4474 1248 4530 il
1263 4472 1320 4532 lant
1335 4489 1490 4548 remsrquer
1502 4477 1592 4548 quola
1603 4477 1715 4536 ebroni-

292 4583 380 4640 queur
390 4583 425 4625 ns
437 4584 468 4626 se
479 4574 535 4626 sert
545 4583 596 4642 pas
607 4569 642 4626 lei
654 4569 689 4627 de
700 4571 806 4630 l'annse
818 4571 1061 4644 del’inearnation,
1072 4577 1259 4644 commoneant
1271 4571 1420 4630 seulement
1433 4587 1470 4630 au
1480 4575 1516 4633 st
1527 4589 1611 4634 mars.

327 4663 367 4736 (2)
387 4663 422 4720 be
436 4665 453 4720 8
467 4665 535 4722 avril
551 4664 619 4722 etan
629 4665 761 4738 uniendi.

329 4759 365 4832 (3)
385 4759 422 4816 Le
435 4761 568 4819 mereredi
579 4765 615 4822 28
627 4763 723 4836 juillet.
735 4765 801 4822 Date
811 4770 915 4823 exacte.

1533 4878 1552 4932 ⁹
