4594 6066
636 629 694 692 1¹14
1107 629 1347 694 cnuoutcoll
1369 631 1421 692 bu
1445 630 1573 693 aeuus

631 786 697 861 pro
724 764 899 837 communi
925 774 1096 838 venerunt
1119 766 1166 841 ad
1189 766 1379 840 exercitum
1406 768 1495 860 ejus.
1523 763 1566 838 lit
1591 783 1708 838 comes
1733 761 1939 836 Gaboardus
1962 785 2040 836 oum

632 907 761 979 magna
776 887 923 958 militnm
939 886 1101 961 comitiva
1114 888 1236 962 Tuscia
1254 898 1288 963 ct
1302 887 1427 984 Apulia
1442 897 1478 961 et
1492 889 1741 962 Saracenorum
1756 884 1803 958 ad
1818 884 1932 980 ipsum
1942 905 2042 958 exer·

631 1010 740 1084 eitum
756 1009 866 1084 venit.
884 1010 1041 1084 Habebat
1055 1021 1171 1085 autem
1194 1013 1380 1108 imperator
1399 1013 1435 1084 in
1456 1011 1659 1086 ossiditione
1681 1009 1837 1105 predicta
1850 1009 2041 1083 exercitum

631 1156 797 1230 magnum
822 1134 1128 1229 Theotcuicornm,
1152 1137 1443 1229 Lcmbardorum,
1461 1135 1610 1209 militum
1637 1135 1887 1225 Romanorum,
1916 1131 2042 1230 Apulo

630 1281 729 1347 rum,
748 1259 958 1352 Tuscorum,
974 1258 1129 1352 blarcbe,
1145 1261 1335 1351 Romagne.
1350 1261 1456 1332 Erant
1468 1263 1562 1332 enim
1574 1279 1654 1334 cnm
1668 1279 1711 1332 eo
1727 1255 1919 1353 patriarcba
1934 1257 2042 1352 Aqui·

630 1381 810 1477 legiensis,
827 1380 1078 1479 archiepiscopi
1092 1381 1143 1478 (a)
1158 1384 1310 1458 Collonie
1323 1393 1358 1457 et
1372 1382 1555 1477 blaguucie
1572 1383 1634 1477 (b),
1651 1383 1777 1455 milites
1797 1381 1890 1477 regis
1902 1379 2039 1476 Anglie,

630 1506 775 1580 Francia
792 1515 827 1578 et
840 1507 1008 1603 Yspanie,
1027 1529 1144 1580 comes
1158 1508 1340 1583 Provincie
1356 1529 1436 1581 cum
1452 1515 1592 1582 centum
1607 1507 1786 1594 militibus,
1805 1505 1931 1580 milites
1947 1527 2042 1601 quo-

631 1646 702 1720 qne
726 1625 862 1699 soldani
889 1635 925 1697 et
951 1626 1082 1698 Vatacii
1110 1626 1296 1700 Greoorum
1322 1627 1554 1722 imperatoris,
1586 1625 1804 1720 aliarumque
1827 1627 2042 1700 diversarum

630 1749 801 1844 gentium.
818 1749 973 1822 Habebat
994 1750 1087 1821 euim
1103 1749 1360 1824 multitudinem
1375 1750 1579 1840 mullorum,
1598 1749 1838 1841 camellorum,
1859 1747 2042 1824 dromeda-

633 1873 763 1970 riorum
782 1871 1011 1946 deierentium
1027 1871 1224 1944 thesaurum
1247 1881 1282 1944 et
1307 1893 1482 1946 camaram
1502 1871 1676 1944 exercitus
1694 1871 1782 1964 ejus.
1796 1872 1954 1946 Preterca
1970 1873 2041 1970 epi-

632 2015 760 2090 scopus
775 1995 887 2068 brixis
902 1993 1043 2067 nomine
1056 1993 1193 2080 Gualla,
1209 1993 1351 2067 natione
1367 1993 1603 2087 Pergamensis
1614 1991 1674 2089 (a),
1685 1995 1823 2068 castella
1833 2004 1867 2068 et
1877 1995 1953 2068 loca
1968 1998 2042 2091 epi·

631 2128 791 2214 scopetus
803 2119 1004 2213 imperatori
1019 2119 1177 2210 contulit,
1193 2117 1241 2190 ita
1255 2117 1353 2212 quod
1368 2137 1489 2190 omncs
1505 2117 1555 2188 illi
1570 2115 1616 2190 de
1631 2115 1898 2192 Gualcamcnica
1914 2119 2043 2193 civitati

630 2243 748 2318 Brixis
783 2241 1009 2314 rebellabant.
1045 2242 1084 2313 ln
1116 2240 1277 2335 proximo
1304 2261 1424 2312 mense
1453 2241 1615 2336 augusti,
1647 2240 2044 2338 Brixianam-ceperunt

630 2365 808 2460 quendam
819 2367 998 2460 Yspanum
1012 2364 1128 2438 virum
1147 2362 1370 2456 ingeniosum
1385 2363 1423 2434 in
1439 2362 1660 2436 trabucbiset
1672 2362 1845 2457 bricollis,
1864 2366 2041 2440 Calamatr-

631 2489 771 2563 drinum
793 2489 957 2578 nomine,
979 2509 1083 2582 quem
1108 2488 1272 2560 Yzolinus
1295 2487 1341 2560 dc
1362 2488 1517 2561 Romano
1543 2485 1590 2560 ad
1614 2487 1807 2560 exercitum
1827 2489 2043 2584 imperatoris

631 2610 826 2686 destinabat
852 2607 902 2706 (d)
930 2610 1079 2683 vinculis
1107 2611 1305 2706 alligatum
1331 2609 1388 2682 eui
1414 2611 1613 2684 brixienses
1637 2611 1811 2706 propriam
1840 2611 1983 2685 domum
2010 2626 2044 2687 et

632 2757 780 2810 uxorem
796 2735 828 2808 ei
847 2733 1020 2807 dederunt
1033 2743 1074 2805 nt
1086 2735 1221 2808 lucilius
1236 2743 1378 2832 possent
1396 2736 1512 2832 ipsum
1533 2734 1699 2808 detinere.
1720 2735 1881 2809 Similiter
1904 2737 1997 2812 circa
2019 2739 2042 2810 C

631 2861 757 2934 milites
772 2881 819 2932 ex
834 2858 1062 2932 nobilioribus
1073 2858 1166 2931 illius
1177 2859 1326 2932 civitatis
1337 2867 1437 2932 extra
1456 2858 1618 2954 privatim
1630 2867 1665 2932 et
1682 2859 1821 2955 publice
1835 2882 1915 2933 com
1938 2862 2045 2958 impe-

632 2993 749 3056 ratore
760 2992 927 3056 steterunt
945 3009 955 3054 ε
976 2982 1179 3055 nominatim
1193 2983 1244 3053 illi
1258 2981 1304 3056 de
1315 2983 1452 3056 Lavello
1464 2983 1600 3076 Longo,
1616 2983 1666 3054 illi
1683 2983 1729 3056 dc
1741 2983 1921 3056 blanervio
1937 2984 2042 3076 Fabi,

633 3117 669 3180 et
682 3109 739 3180 alii
753 3109 882 3202 plures.
897 3106 1075 3179 lutrinseci
1096 3128 1179 3180 vero
1195 3115 1307 3180 turres
1328 3115 1363 3179 ct
1379 3105 1502 3180 domos
1515 3107 1651 3179 illorum
1668 3105 1864 3180 diruebant.
1878 3109 1970 3180 Dum
1986 3129 2044 3181 au-

632 3241 702 3304 tem
729 3233 912 3326 imperator
937 3231 973 3303 in
999 3231 1075 3326 ipsa
1103 3230 1280 3304 ossidione
1306 3228 1367 3328 (e)
1388 3227 1624 3326 permaneret,
1655 3229 1800 3324 contigit
1824 3231 1921 3326 quod
1943 3241 2044 3305 nocte

632 3355 840 3450 precedente
873 3357 998 3427 festum
1019 3353 1077 3452 (s)
1103 3353 1195 3426 beati
1227 3351 1476 3445 Bartholomei,
1497 3353 1623 3427 milites
1646 3352 1833 3425 Placentini
1861 3375 1942 3426 cum
1969 3353 2044 3428 bal·

631 3478 735 3550 listris
748 3487 783 3551 et
796 3479 862 3551 illis
877 3476 1099 3552 deFlcrenza
1112 3477 1206 3574 (9161
1221 3478 1338 3551 Castro
1353 3477 1524 3573 Arquarto
1541 3477 1752 3570 etVigoleno
1764 3477 1861 3574 apud
1873 3477 2044 3552 Giballum

633 3611 668 3676 et
681 3603 857 3676 Polixium
875 3611 984 3676 terras
1000 3601 1279 3677 Cremonensium
1291 3602 1357 3676 iter
1372 3602 1595 3690 direxerunt,
1612 3601 1856 3675 comburentes
1870 3600 1995 3675 domos
2011 3611 2045 3674 et

630 3725 730 3798 villas
746 3727 840 3798 illius
853 3733 1018 3800 contrata.
1036 3725 1081 3799 Et
1092 3726 1228 3800 interim
1246 3727 1336 3801 circa
1351 3726 1474 3800 boram
1487 3745 1579 3800 ncne
1594 3747 1674 3799 cum
1685 3725 1871 3800 Placentini
1893 3735 2043 3800 reverte-

632 3857 750 3922 rentur
777 3871 799 3922 a
820 3849 971 3944 guastis,
999 3849 1132 3923 electus
1156 3850 1202 3925 de
1228 3850 1383 3924 Valentia
1411 3851 1515 3924 irater
1541 3849 1677 3923 comitis
1701 3850 1859 3944 Savolie,
1891 3849 2044 3926 marcbio

673 4091 718 4176 (a)
738 4094 774 4154 ln
787 4095 887 4158 codice
899 4091 1117 4175 ardepecopo.

672 4197 713 4279 (b)
735 4201 772 4261 Iu
785 4197 886 4260 uodlce
900 4197 1085 4280 Maccabeis.

673 4303 710 4383 (c)
736 4305 773 4365 In
786 4305 888 4366 codice
900 4305 1100 4386 Perqamect.

672 4407 716 4490 (d)
737 4411 774 4470 ln
787 4411 887 4472 codice
900 4407 1095 4474 autemeam.

672 4515 711 4597 (ι)
737 4517 775 4578 In
787 4517 887 4578 codice
899 4515 1070 4578 meduane

671 4621 722 4704 U)
738 4625 774 4684 In
787 4621 981 4702 codicefeslo.

671 4727 714 4811 (9)
736 4731 771 4792 ln
785 4730 883 4792 codlce
895 4727 1030 4806 Florem,
1045 4729 1146 4792 addito
1158 4743 1245 4808 snper
1254 4745 1277 4790 o
1288 4727 1518 4792 abbrcvlatlunls
1531 4727 1632 4810 1131163
1646 4727 1844 4790 verlslmllltcr
1856 4721 2039 4789 Florentiola
