<?xml version="1.0" encoding="UTF-8"?>
<!DOCTYPE html PUBLIC "-//W3C//DTD XHTML 1.0 Transitional//EN"
    "http://www.w3.org/TR/xhtml1/DTD/xhtml1-transitional.dtd">
<html xmlns="http://www.w3.org/1999/xhtml" xml:lang="en" lang="en">
 <head>
  <title>
</title>
<meta http-equiv="Content-Type" content="text/html;charset=utf-8" />
  <meta name='ocr-system' content='tesseract 3.04.00' />
  <meta name='ocr-capabilities' content='ocr_page ocr_carea ocr_par ocr_line ocrx_word'/>
</head>
<body>
  <div class='ocr_page' id='page_1' title='image "./chroniconplacen00huilgoog_0253.png"; bbox 0 0 4594 6066; ppageno 0'>
   <div class='ocr_carea' id='block_1_1' title="bbox 611 622 1550 690">
    <p class='ocr_par' dir='ltr' id='par_1_1' title="bbox 611 622 1550 690">
     <span class='ocr_line' id='line_1_1' title="bbox 611 622 1550 690; baseline -0.004 -2"><span class='ocrx_word' id='word_1_1' title='bbox 611 626 671 690; x_wconf 76' lang='lat' dir='ltr'><strong>tel</strong></span> <span class='ocrx_word' id='word_1_2' title='bbox 1083 623 1323 687; x_wconf 86' lang='lat' dir='ltr'>CHRONICON</span> <span class='ocrx_word' id='word_1_3' title='bbox 1346 623 1399 684; x_wconf 83' lang='lat' dir='ltr'><strong>DE</strong></span> <span class='ocrx_word' id='word_1_4' title='bbox 1422 622 1550 684; x_wconf 80' lang='lat' dir='ltr'><strong>llllllllS</strong></span> 
     </span>
    </p>
   </div>
   <div class='ocr_carea' id='block_1_2' title="bbox 597 757 2021 3208">
    <p class='ocr_par' dir='ltr' id='par_1_2' title="bbox 606 757 2021 1226">
     <span class='ocr_line' id='line_1_2' title="bbox 609 757 2021 856; baseline 0.001 -21"><span class='ocrx_word' id='word_1_5' title='bbox 609 771 643 835; x_wconf 93' lang='lat' dir='ltr'><strong>et</strong></span> <span class='ocrx_word' id='word_1_6' title='bbox 660 759 744 833; x_wconf 89' lang='lat' dir='ltr'><strong>inde</strong></span> <span class='ocrx_word' id='word_1_7' title='bbox 762 761 931 834; x_wconf 87' lang='lat' dir='ltr'><strong>transiens</strong></span> <span class='ocrx_word' id='word_1_8' title='bbox 955 771 1040 856; x_wconf 87' lang='lat' dir='ltr'><strong>aput</strong></span> <span class='ocrx_word' id='word_1_9' title='bbox 1054 760 1275 856; x_wconf 81' lang='lat' dir='ltr'><strong>Lugudinum</strong></span> <span class='ocrx_word' id='word_1_10' title='bbox 1291 757 1511 856; x_wconf 85' lang='lat' dir='ltr'><strong>properavit,</strong></span> <span class='ocrx_word' id='word_1_11' title='bbox 1536 757 1726 853; x_wconf 74' lang='lat' dir='ltr'><strong>statuitque</strong></span> <span class='ocrx_word' id='word_1_12' title='bbox 1748 759 1951 832; x_wconf 83' lang='lat' dir='ltr'><strong>conscilium</strong></span> <span class='ocrx_word' id='word_1_13' title='bbox 1973 759 2021 836; x_wconf 87' lang='lat' dir='ltr'><strong>ad</strong></span> 
     </span>
     <span class='ocr_line' id='line_1_3' title="bbox 607 879 2019 981; baseline 0.001 -25"><span class='ocrx_word' id='word_1_14' title='bbox 607 885 806 981; x_wconf 86' lang='lat' dir='ltr'><strong>proximum</strong></span> <span class='ocrx_word' id='word_1_15' title='bbox 823 884 978 957; x_wconf 82' lang='lat' dir='ltr'><strong>futurum</strong></span> <span class='ocrx_word' id='word_1_16' title='bbox 989 885 1115 958; x_wconf 81' lang='lat' dir='ltr'><strong>festum</strong></span> <span class='ocrx_word' id='word_1_17' title='bbox 1131 883 1247 958; x_wconf 79' lang='lat' dir='ltr'><strong>Sancti</strong></span> <span class='ocrx_word' id='word_1_18' title='bbox 1258 882 1423 957; x_wconf 84' lang='lat' dir='ltr'><strong>lobannis</strong></span> <span class='ocrx_word' id='word_1_19' title='bbox 1437 879 1483 956; x_wconf 90' lang='lat' dir='ltr'><strong>de</strong></span> <span class='ocrx_word' id='word_1_20' title='bbox 1496 881 1610 975; x_wconf 86' lang='lat' dir='ltr'><strong>junio.</strong></span> <span class='ocrx_word' id='word_1_21' title='bbox 1630 883 1702 956; x_wconf 85' lang='lat' dir='ltr'><strong>Heu</strong></span> <span class='ocrx_word' id='word_1_22' title='bbox 1720 889 1775 954; x_wconf 90' lang='lat' dir='ltr'><strong>est</strong></span> <span class='ocrx_word' id='word_1_23' title='bbox 1795 883 1907 956; x_wconf 79' lang='lat' dir='ltr'><strong>forma</strong></span> <span class='ocrx_word' id='word_1_24' title='bbox 1929 884 2019 958; x_wconf 89' lang='lat' dir='ltr'><strong>cita-</strong></span> 
     </span>
     <span class='ocr_line' id='line_1_4' title="bbox 606 1005 2020 1105; baseline 0.001 -25"><span class='ocrx_word' id='word_1_25' title='bbox 606 1007 711 1081; x_wconf 90' lang='lat' dir='ltr'><strong>tionis</strong></span> <span class='ocrx_word' id='word_1_26' title='bbox 727 1007 859 1082; x_wconf 91' lang='lat' dir='ltr'><strong>domini</strong></span> <span class='ocrx_word' id='word_1_27' title='bbox 873 1029 963 1105; x_wconf 89' lang='lat' dir='ltr'><strong>pape</strong></span> <span class='ocrx_word' id='word_1_28' title='bbox 980 1029 1050 1104; x_wconf 92' lang='lat' dir='ltr'><strong>que</strong></span> <span class='ocrx_word' id='word_1_29' title='bbox 1067 1008 1229 1104; x_wconf 81' lang='lat' dir='ltr'><strong>dirigitur</strong></span> <span class='ocrx_word' id='word_1_30' title='bbox 1243 1007 1465 1082; x_wconf 86' lang='lat' dir='ltr'><strong>ecclesiarum</strong></span> <span class='ocrx_word' id='word_1_31' title='bbox 1487 1005 1628 1104; x_wconf 88' lang='lat' dir='ltr'><strong>prelatis</strong></span> <span class='ocrx_word' id='word_1_32' title='bbox 1648 1017 1684 1080; x_wconf 95' lang='lat' dir='ltr'><strong>et</strong></span> <span class='ocrx_word' id='word_1_33' title='bbox 1708 1007 1924 1103; x_wconf 87' lang='lat' dir='ltr'><strong>principibus</strong></span> <span class='ocrx_word' id='word_1_34' title='bbox 1940 1009 2020 1082; x_wconf 90' lang='lat' dir='ltr'><strong>uui·</strong></span> 
     </span>
     <span class='ocr_line' id='line_1_5' title="bbox 606 1129 1208 1226; baseline 0 -21"><span class='ocrx_word' id='word_1_35' title='bbox 606 1133 716 1206; x_wconf 89' lang='lat' dir='ltr'><strong>versis</strong></span> <span class='ocrx_word' id='word_1_36' title='bbox 730 1154 794 1226; x_wconf 94' lang='lat' dir='ltr'><strong>pro</strong></span> <span class='ocrx_word' id='word_1_37' title='bbox 812 1131 958 1204; x_wconf 90' lang='lat' dir='ltr'><strong>concilio</strong></span> <span class='ocrx_word' id='word_1_38' title='bbox 974 1129 1181 1206; x_wconf 86' lang='lat' dir='ltr'><strong>celebrando</strong></span> <span class='ocrx_word' id='word_1_39' title='bbox 1198 1158 1208 1205; x_wconf 76' lang='grc' dir='ltr'><strong><em>ε</em></strong></span> 
     </span>
    </p>

    <p class='ocr_par' dir='ltr' id='par_1_3' title="bbox 597 1254 2019 3208">
     <span class='ocr_line' id='line_1_6' title="bbox 658 1254 2018 1352; baseline 0.004 -27"><span class='ocrx_word' id='word_1_40' title='bbox 658 1279 676 1325; x_wconf 84' lang='lat' dir='ltr'><strong>u</strong></span> <span class='ocrx_word' id='word_1_41' title='bbox 697 1255 916 1328; x_wconf 71' lang='lat' dir='ltr'><strong>Innocentius</strong></span> <span class='ocrx_word' id='word_1_42' title='bbox 938 1255 1144 1352; x_wconf 90' lang='lat' dir='ltr'><strong>episcopus,</strong></span> <span class='ocrx_word' id='word_1_43' title='bbox 1162 1277 1287 1330; x_wconf 86' lang='lat' dir='ltr'><strong>servus</strong></span> <span class='ocrx_word' id='word_1_44' title='bbox 1306 1275 1486 1330; x_wconf 89' lang='lat' dir='ltr'><strong>serrorum</strong></span> <span class='ocrx_word' id='word_1_45' title='bbox 1498 1254 1561 1328; x_wconf 85' lang='lat' dir='ltr'><strong>Ilei</strong></span> <span class='ocrx_word' id='word_1_46' title='bbox 1577 1265 1609 1326; x_wconf 89' lang='lat' dir='ltr'><strong>et</strong></span> <span class='ocrx_word' id='word_1_47' title='bbox 1625 1264 1746 1326; x_wconf 84' lang='lat' dir='ltr'><strong>celera.</strong></span> <span class='ocrx_word' id='word_1_48' title='bbox 1769 1254 1831 1327; x_wconf 88' lang='lat' dir='ltr'><strong>Dei</strong></span> <span class='ocrx_word' id='word_1_49' title='bbox 1849 1255 1959 1328; x_wconf 85' lang='lat' dir='ltr'><strong>virtus</strong></span> <span class='ocrx_word' id='word_1_50' title='bbox 1982 1265 2018 1330; x_wconf 90' lang='lat' dir='ltr'><strong>et</strong></span> 
     </span>
     <span class='ocr_line' id='line_1_7' title="bbox 604 1377 2018 1476; baseline 0.001 -25"><span class='ocrx_word' id='word_1_51' title='bbox 604 1379 668 1453; x_wconf 88' lang='lat' dir='ltr'><strong>Dei</strong></span> <span class='ocrx_word' id='word_1_52' title='bbox 689 1379 857 1475; x_wconf 87' lang='lat' dir='ltr'><strong>sapientia</strong></span> <span class='ocrx_word' id='word_1_53' title='bbox 873 1377 922 1476; x_wconf 88' lang='lat' dir='ltr'><strong>(a)</strong></span> <span class='ocrx_word' id='word_1_54' title='bbox 938 1379 1070 1454; x_wconf 90' lang='lat' dir='ltr'><strong>domini</strong></span> <span class='ocrx_word' id='word_1_55' title='bbox 1087 1379 1194 1454; x_wconf 73' lang='lat' dir='ltr'><strong>ihesu</strong></span> <span class='ocrx_word' id='word_1_56' title='bbox 1211 1379 1334 1454; x_wconf 81' lang='lat' dir='ltr'><strong>Christi</strong></span> <span class='ocrx_word' id='word_1_57' title='bbox 1347 1377 1395 1476; x_wconf 83' lang='lat' dir='ltr'><strong>(b)</strong></span> <span class='ocrx_word' id='word_1_58' title='bbox 1414 1380 1516 1473; x_wconf 83' lang='lat' dir='ltr'><strong>cujus</strong></span> <span class='ocrx_word' id='word_1_59' title='bbox 1526 1379 1571 1476; x_wconf 85' lang='lat' dir='ltr'><strong>(c)</strong></span> <span class='ocrx_word' id='word_1_60' title='bbox 1584 1377 1748 1452; x_wconf 80' lang='lat' dir='ltr'><strong>ineffabili</strong></span> <span class='ocrx_word' id='word_1_61' title='bbox 1769 1378 1925 1472; x_wconf 77' lang='lat' dir='ltr'><strong>subiecta</strong></span> <span class='ocrx_word' id='word_1_62' title='bbox 1938 1390 2018 1453; x_wconf 90' lang='lat' dir='ltr'><strong>sunt</strong></span> 
     </span>
     <span class='ocr_line' id='line_1_8' title="bbox 604 1502 2019 1600; baseline -0.001 -22"><span class='ocrx_word' id='word_1_63' title='bbox 604 1504 723 1578; x_wconf 90' lang='lat' dir='ltr'><strong>omnia</strong></span> <span class='ocrx_word' id='word_1_64' title='bbox 739 1504 925 1598; x_wconf 83' lang='lat' dir='ltr'><strong>majestati,</strong></span> <span class='ocrx_word' id='word_1_65' title='bbox 943 1525 964 1578; x_wconf 87' lang='lat' dir='ltr'><strong>a</strong></span> <span class='ocrx_word' id='word_1_66' title='bbox 982 1503 1196 1580; x_wconf 76' lang='lat' dir='ltr'><strong>fundationis</strong></span> <span class='ocrx_word' id='word_1_67' title='bbox 1213 1504 1318 1578; x_wconf 91' lang='lat' dir='ltr'><strong>inicio</strong></span> <span class='ocrx_word' id='word_1_68' title='bbox 1336 1502 1519 1600; x_wconf 80' lang='lat' dir='ltr'><strong>splendore</strong></span> <span class='ocrx_word' id='word_1_69' title='bbox 1539 1502 1708 1576; x_wconf 85' lang='lat' dir='ltr'><strong>virtutum</strong></span> <span class='ocrx_word' id='word_1_70' title='bbox 1721 1525 1823 1576; x_wconf 87' lang='lat' dir='ltr'><strong>suam</strong></span> <span class='ocrx_word' id='word_1_71' title='bbox 1838 1503 2019 1580; x_wconf 88' lang='lat' dir='ltr'><strong>illustravit</strong></span> 
     </span>
     <span class='ocr_line' id='line_1_9' title="bbox 603 1626 2017 1725; baseline 0 -23"><span class='ocrx_word' id='word_1_72' title='bbox 603 1628 796 1702; x_wconf 86' lang='lat' dir='ltr'><strong>ecclesiam.</strong></span> <span class='ocrx_word' id='word_1_73' title='bbox 818 1629 862 1700; x_wconf 83' lang='lat' dir='ltr'><strong>llt</strong></span> <span class='ocrx_word' id='word_1_74' title='bbox 876 1628 926 1701; x_wconf 91' lang='lat' dir='ltr'><strong>sic</strong></span> <span class='ocrx_word' id='word_1_75' title='bbox 950 1628 1121 1724; x_wconf 77' lang='lat' dir='ltr'><strong>insignem</strong></span> <span class='ocrx_word' id='word_1_76' title='bbox 1137 1627 1292 1703; x_wconf 85' lang='lat' dir='ltr'><strong>reddidit</strong></span> <span class='ocrx_word' id='word_1_77' title='bbox 1314 1627 1500 1723; x_wconf 76' lang='lat' dir='ltr'><strong>singularis</strong></span> <span class='ocrx_word' id='word_1_78' title='bbox 1516 1626 1699 1724; x_wconf 77' lang='lat' dir='ltr'><strong>privilegio</strong></span> <span class='ocrx_word' id='word_1_79' title='bbox 1716 1628 1895 1724; x_wconf 89' lang='lat' dir='ltr'><strong>potestatis</strong></span> <span class='ocrx_word' id='word_1_80' title='bbox 1915 1626 1963 1725; x_wconf 80' lang='lat' dir='ltr'><strong>(d)</strong></span> <span class='ocrx_word' id='word_1_81' title='bbox 1979 1639 2017 1702; x_wconf 90' lang='lat' dir='ltr'><strong>ul</strong></span> 
     </span>
     <span class='ocr_line' id='line_1_10' title="bbox 604 1750 2016 1848; baseline 0.001 -24"><span class='ocrx_word' id='word_1_82' title='bbox 604 1772 667 1848; x_wconf 89' lang='lat' dir='ltr'><strong>per</strong></span> <span class='ocrx_word' id='word_1_83' title='bbox 681 1753 712 1845; x_wconf 91' lang='lat' dir='ltr'><strong>ej</strong></span> <span class='ocrx_word' id='word_1_84' title='bbox 718 1773 758 1823; x_wconf 91' lang='lat' dir='ltr'><strong>us</strong></span> <span class='ocrx_word' id='word_1_85' title='bbox 775 1751 1003 1824; x_wconf 88' lang='lat' dir='ltr'><strong>ministerium</strong></span> <span class='ocrx_word' id='word_1_86' title='bbox 1020 1774 1123 1824; x_wconf 92' lang='lat' dir='ltr'><strong>snum</strong></span> <span class='ocrx_word' id='word_1_87' title='bbox 1138 1753 1272 1845; x_wconf 88' lang='lat' dir='ltr'><strong>justitia</strong></span> <span class='ocrx_word' id='word_1_88' title='bbox 1295 1759 1526 1846; x_wconf 86' lang='lat' dir='ltr'><strong>consequatur</strong></span> <span class='ocrx_word' id='word_1_89' title='bbox 1544 1751 1704 1825; x_wconf 82' lang='lat' dir='ltr'><strong>ellectum</strong></span> <span class='ocrx_word' id='word_1_90' title='bbox 1721 1759 1756 1824; x_wconf 90' lang='lat' dir='ltr'><strong>et</strong></span> <span class='ocrx_word' id='word_1_91' title='bbox 1779 1750 1900 1825; x_wconf 89' lang='lat' dir='ltr'><strong>sedato</strong></span> <span class='ocrx_word' id='word_1_92' title='bbox 1917 1771 2016 1843; x_wconf 82' lang='lat' dir='ltr'><strong>guer-</strong></span> 
     </span>
     <span class='ocr_line' id='line_1_11' title="bbox 603 1873 2014 1973; baseline 0.001 -26"><span class='ocrx_word' id='word_1_93' title='bbox 603 1897 719 1948; x_wconf 86' lang='lat' dir='ltr'><strong>rarum</strong></span> <span class='ocrx_word' id='word_1_94' title='bbox 744 1875 881 1948; x_wconf 89' lang='lat' dir='ltr'><strong>turbine</strong></span> <span class='ocrx_word' id='word_1_95' title='bbox 908 1875 1041 1948; x_wconf 89' lang='lat' dir='ltr'><strong>mundo</strong></span> <span class='ocrx_word' id='word_1_96' title='bbox 1063 1875 1172 1973; x_wconf 87' lang='lat' dir='ltr'><strong>possit</strong></span> <span class='ocrx_word' id='word_1_97' title='bbox 1194 1875 1423 1971; x_wconf 87' lang='lat' dir='ltr'><strong>tranquillitas</strong></span> <span class='ocrx_word' id='word_1_98' title='bbox 1439 1874 1635 1968; x_wconf 81' lang='lat' dir='ltr'><strong>pervenire.</strong></span> <span class='ocrx_word' id='word_1_99' title='bbox 1652 1873 1750 1946; x_wconf 83' lang='lat' dir='ltr'><strong>Hanc</strong></span> <span class='ocrx_word' id='word_1_100' title='bbox 1771 1873 1866 1947; x_wconf 88' lang='lat' dir='ltr'><strong>enim</strong></span> <span class='ocrx_word' id='word_1_101' title='bbox 1890 1877 2014 1970; x_wconf 88' lang='lat' dir='ltr'><strong>premi·</strong></span> 
     </span>
     <span class='ocr_line' id='line_1_12' title="bbox 603 1995 2014 2095; baseline 0.002 -27"><span class='ocrx_word' id='word_1_102' title='bbox 603 1998 755 2071; x_wconf 91' lang='lat' dir='ltr'><strong>nentiam</strong></span> <span class='ocrx_word' id='word_1_103' title='bbox 778 1999 822 2092; x_wconf 83' lang='lat' dir='ltr'><strong>(e)</strong></span> <span class='ocrx_word' id='word_1_104' title='bbox 849 1997 1028 2092; x_wconf 76' lang='lat' dir='ltr'><strong>diguitatis</strong></span> <span class='ocrx_word' id='word_1_105' title='bbox 1054 1997 1140 2071; x_wconf 91' lang='lat' dir='ltr'><strong>dum</strong></span> <span class='ocrx_word' id='word_1_106' title='bbox 1163 2019 1227 2072; x_wconf 89' lang='lat' dir='ltr'><strong>nos</strong></span> <span class='ocrx_word' id='word_1_107' title='bbox 1250 2006 1446 2073; x_wconf 88' lang='lat' dir='ltr'><strong>reverenter</strong></span> <span class='ocrx_word' id='word_1_108' title='bbox 1468 1995 1679 2071; x_wconf 87' lang='lat' dir='ltr'><strong>attendimus</strong></span> <span class='ocrx_word' id='word_1_109' title='bbox 1702 1998 1765 2094; x_wconf 88' lang='lat' dir='ltr'><strong>qui</strong></span> <span class='ocrx_word' id='word_1_110' title='bbox 1786 1999 1832 2094; x_wconf 73' lang='lat' dir='ltr'><strong>(s)</strong></span> <span class='ocrx_word' id='word_1_111' title='bbox 1856 1999 2014 2095; x_wconf 79' lang='lat' dir='ltr'><strong>regimini</strong></span> 
     </span>
     <span class='ocr_line' id='line_1_13' title="bbox 602 2119 2016 2219; baseline 0.001 -23"><span class='ocrx_word' id='word_1_112' title='bbox 602 2123 772 2218; x_wconf 80' lang='lat' dir='ltr'><strong>generalis</strong></span> <span class='ocrx_word' id='word_1_113' title='bbox 801 2121 944 2196; x_wconf 86' lang='lat' dir='ltr'><strong>ecclesie</strong></span> <span class='ocrx_word' id='word_1_114' title='bbox 976 2121 1055 2194; x_wconf 87' lang='lat' dir='ltr'><strong>licet</strong></span> <span class='ocrx_word' id='word_1_115' title='bbox 1082 2121 1233 2195; x_wconf 87' lang='lat' dir='ltr'><strong>inmeriti</strong></span> <span class='ocrx_word' id='word_1_116' title='bbox 1262 2121 1382 2196; x_wconf 84' lang='lat' dir='ltr'><strong>diuina</strong></span> <span class='ocrx_word' id='word_1_117' title='bbox 1413 2119 1631 2218; x_wconf 86' lang='lat' dir='ltr'><strong>providentia</strong></span> <span class='ocrx_word' id='word_1_118' title='bbox 1666 2121 1906 2219; x_wconf 89' lang='lat' dir='ltr'><strong>presidemus,</strong></span> <span class='ocrx_word' id='word_1_119' title='bbox 1936 2123 2016 2199; x_wconf 92' lang='lat' dir='ltr'><strong>red·</strong></span> 
     </span>
     <span class='ocr_line' id='line_1_14' title="bbox 602 2243 2017 2343; baseline 0.004 -24"><span class='ocrx_word' id='word_1_120' title='bbox 602 2243 718 2320; x_wconf 91' lang='lat' dir='ltr'><strong>dimur</strong></span> <span class='ocrx_word' id='word_1_121' title='bbox 738 2244 786 2342; x_wconf 78' lang='lat'><strong>(9)</strong></span> <span class='ocrx_word' id='word_1_122' title='bbox 804 2243 909 2318; x_wconf 89' lang='lat' dir='ltr'><strong>corde</strong></span> <span class='ocrx_word' id='word_1_123' title='bbox 932 2245 1068 2318; x_wconf 87' lang='lat' dir='ltr'><strong>solliciti</strong></span> <span class='ocrx_word' id='word_1_124' title='bbox 1092 2245 1190 2340; x_wconf 91' lang='lat' dir='ltr'><strong>quod</strong></span> <span class='ocrx_word' id='word_1_125' title='bbox 1214 2245 1425 2342; x_wconf 85' lang='lat' dir='ltr'><strong>tempestatis</strong></span> <span class='ocrx_word' id='word_1_126' title='bbox 1449 2245 1570 2320; x_wconf 90' lang='lat' dir='ltr'><strong>horror</strong></span> <span class='ocrx_word' id='word_1_127' title='bbox 1591 2243 1641 2342; x_wconf 84' lang='lat' dir='ltr'><strong>(t)</strong></span> <span class='ocrx_word' id='word_1_128' title='bbox 1663 2267 1733 2343; x_wconf 86' lang='lat' dir='ltr'><strong>qua</strong></span> <span class='ocrx_word' id='word_1_129' title='bbox 1759 2248 1836 2343; x_wconf 84' lang='lat' dir='ltr'><strong>ipsa</strong></span> <span class='ocrx_word' id='word_1_130' title='bbox 1860 2249 2017 2324; x_wconf 85' lang='lat' dir='ltr'><strong>turbatur</strong></span> 
     </span>
     <span class='ocr_line' id='line_1_15' title="bbox 600 2367 2016 2468; baseline 0.002 -25"><span class='ocrx_word' id='word_1_131' title='bbox 600 2369 755 2443; x_wconf 83' lang='lat' dir='ltr'><strong>Ecclesia</strong></span> <span class='ocrx_word' id='word_1_132' title='bbox 780 2367 824 2468; x_wconf 84' lang='lat' dir='ltr'><strong>(i)</strong></span> <span class='ocrx_word' id='word_1_133' title='bbox 849 2381 883 2443; x_wconf 87' lang='lat' dir='ltr'><strong>et</strong></span> <span class='ocrx_word' id='word_1_134' title='bbox 908 2371 1030 2465; x_wconf 77' lang='lat' dir='ltr'><strong>religio</strong></span> <span class='ocrx_word' id='word_1_135' title='bbox 1054 2369 1239 2444; x_wconf 87' lang='lat' dir='ltr'><strong>christiana</strong></span> <span class='ocrx_word' id='word_1_136' title='bbox 1263 2370 1477 2460; x_wconf 86' lang='lat' dir='ltr'><strong>concutitur,</strong></span> <span class='ocrx_word' id='word_1_137' title='bbox 1505 2369 1715 2467; x_wconf 89' lang='lat' dir='ltr'><strong>provisionis</strong></span> <span class='ocrx_word' id='word_1_138' title='bbox 1740 2372 1873 2445; x_wconf 83' lang='lat' dir='ltr'><strong>auxilio</strong></span> <span class='ocrx_word' id='word_1_139' title='bbox 1900 2373 2016 2447; x_wconf 85' lang='lat' dir='ltr'><strong>celesti</strong></span> 
     </span>
     <span class='ocr_line' id='line_1_16' title="bbox 601 2491 2015 2593; baseline 0.004 -29"><span class='ocrx_word' id='word_1_140' title='bbox 601 2495 727 2590; x_wconf 89' lang='lat' dir='ltr'><strong>pietate</strong></span> <span class='ocrx_word' id='word_1_141' title='bbox 741 2493 887 2590; x_wconf 87' lang='lat' dir='ltr'><strong>propitia</strong></span> <span class='ocrx_word' id='word_1_142' title='bbox 904 2492 950 2590; x_wconf 70' lang='lat' dir='ltr'><strong>(p)</strong></span> <span class='ocrx_word' id='word_1_143' title='bbox 959 2493 1127 2590; x_wconf 89' lang='lat' dir='ltr'><strong>pulsetur.</strong></span> <span class='ocrx_word' id='word_1_144' title='bbox 1152 2491 1160 2593; x_wconf 84' lang='grc' dir='ltr'>Ι</span> <span class='ocrx_word' id='word_1_145' title='bbox 1180 2493 1329 2567; x_wconf 83' lang='lat' dir='ltr'><strong>ffincest</strong></span> <span class='ocrx_word' id='word_1_146' title='bbox 1340 2491 1437 2588; x_wconf 89' lang='lat' dir='ltr'><strong>quod</strong></span> <span class='ocrx_word' id='word_1_147' title='bbox 1448 2513 1524 2582; x_wconf 89' lang='lat' dir='ltr'><strong>nos,</strong></span> <span class='ocrx_word' id='word_1_148' title='bbox 1539 2504 1579 2567; x_wconf 90' lang='lat' dir='ltr'><strong>ut</strong></span> <span class='ocrx_word' id='word_1_149' title='bbox 1595 2492 1671 2590; x_wconf 87' lang='lat' dir='ltr'><strong>ipsa</strong></span> <span class='ocrx_word' id='word_1_150' title='bbox 1684 2494 1837 2568; x_wconf 85' lang='lat' dir='ltr'><strong>Ecclesia</strong></span> <span class='ocrx_word' id='word_1_151' title='bbox 1851 2517 1913 2590; x_wconf 89' lang='lat' dir='ltr'><strong>per</strong></span> <span class='ocrx_word' id='word_1_152' title='bbox 1930 2494 2015 2569; x_wconf 79' lang='lat' dir='ltr'><strong>fide·</strong></span> 
     </span>
     <span class='ocr_line' id='line_1_17' title="bbox 597 2613 2016 2715; baseline 0.001 -25"><span class='ocrx_word' id='word_1_153' title='bbox 597 2613 684 2691; x_wconf 93' lang='lat' dir='ltr'><strong>lium</strong></span> <span class='ocrx_word' id='word_1_154' title='bbox 702 2617 750 2714; x_wconf 81' lang='lat' dir='ltr'><strong>(lc)</strong></span> <span class='ocrx_word' id='word_1_155' title='bbox 769 2618 909 2692; x_wconf 90' lang='lat' dir='ltr'><strong>salubre</strong></span> <span class='ocrx_word' id='word_1_156' title='bbox 924 2618 1155 2690; x_wconf 87' lang='lat' dir='ltr'><strong>consiliumet</strong></span> <span class='ocrx_word' id='word_1_157' title='bbox 1170 2618 1342 2691; x_wconf 83' lang='lat' dir='ltr'><strong>auxilium</strong></span> <span class='ocrx_word' id='word_1_158' title='bbox 1359 2617 1575 2688; x_wconf 78' lang='lat' dir='ltr'><strong>fructuosum</strong></span> <span class='ocrx_word' id='word_1_159' title='bbox 1596 2625 1706 2688; x_wconf 89' lang='lat' dir='ltr'><strong>status</strong></span> <span class='ocrx_word' id='word_1_160' title='bbox 1722 2615 1762 2712; x_wconf 90' lang='lat' dir='ltr'><strong>(l)</strong></span> <span class='ocrx_word' id='word_1_161' title='bbox 1785 2617 1895 2693; x_wconf 89' lang='lat' dir='ltr'><strong>debiti</strong></span> <span class='ocrx_word' id='word_1_162' title='bbox 1908 2620 2016 2715; x_wconf 88' lang='lat' dir='ltr'><strong>possit</strong></span> 
     </span>
     <span class='ocr_line' id='line_1_18' title="bbox 599 2735 2015 2838; baseline 0 -24"><span class='ocrx_word' id='word_1_163' title='bbox 599 2741 725 2814; x_wconf 91' lang='lat' dir='ltr'><strong>habere</strong></span> <span class='ocrx_word' id='word_1_164' title='bbox 751 2740 911 2815; x_wconf 89' lang='lat' dir='ltr'><strong>decorem</strong></span> <span class='ocrx_word' id='word_1_165' title='bbox 936 2763 978 2814; x_wconf 89' lang='lat' dir='ltr'><strong>ac</strong></span> <span class='ocrx_word' id='word_1_166' title='bbox 1001 2739 1212 2838; x_wconf 91' lang='lat' dir='ltr'><strong>deplorando</strong></span> <span class='ocrx_word' id='word_1_167' title='bbox 1237 2739 1340 2812; x_wconf 90' lang='lat' dir='ltr'><strong>Terre</strong></span> <span class='ocrx_word' id='word_1_168' title='bbox 1364 2739 1488 2812; x_wconf 85' lang='lat' dir='ltr'><strong>Sancte</strong></span> <span class='ocrx_word' id='word_1_169' title='bbox 1517 2735 1709 2812; x_wconf 88' lang='lat' dir='ltr'><strong>discrimini</strong></span> <span class='ocrx_word' id='word_1_170' title='bbox 1731 2747 1767 2812; x_wconf 89' lang='lat' dir='ltr'><strong>et</strong></span> <span class='ocrx_word' id='word_1_171' title='bbox 1793 2739 1922 2812; x_wconf 85' lang='lat' dir='ltr'><strong>afflicto</strong></span> <span class='ocrx_word' id='word_1_172' title='bbox 1947 2741 2015 2814; x_wconf 88' lang='lat' dir='ltr'><strong>llo·</strong></span> 
     </span>
     <span class='ocr_line' id='line_1_19' title="bbox 599 2859 2015 2962; baseline -0.001 -24"><span class='ocrx_word' id='word_1_173' title='bbox 599 2887 702 2938; x_wconf 88' lang='lat' dir='ltr'><strong>mano</strong></span> <span class='ocrx_word' id='word_1_174' title='bbox 717 2862 781 2962; x_wconf 81' lang='lat' dir='ltr'><strong>(m)</strong></span> <span class='ocrx_word' id='word_1_175' title='bbox 799 2865 944 2960; x_wconf 86' lang='lat' dir='ltr'><strong>imperio</strong></span> <span class='ocrx_word' id='word_1_176' title='bbox 960 2885 1104 2960; x_wconf 90' lang='lat' dir='ltr'><strong>propere</strong></span> <span class='ocrx_word' id='word_1_177' title='bbox 1122 2865 1235 2938; x_wconf 87' lang='lat' dir='ltr'><strong>valeat</strong></span> <span class='ocrx_word' id='word_1_178' title='bbox 1255 2861 1434 2937; x_wconf 81' lang='lat' dir='ltr'><strong>subveniri</strong></span> <span class='ocrx_word' id='word_1_179' title='bbox 1458 2859 1667 2936; x_wconf 73' lang='lat' dir='ltr'><strong>adinveniri</strong></span> <span class='ocrx_word' id='word_1_180' title='bbox 1684 2860 1878 2936; x_wconf 90' lang='lat' dir='ltr'><strong>remedium</strong></span> <span class='ocrx_word' id='word_1_181' title='bbox 1897 2873 2015 2937; x_wconf 87' lang='lat' dir='ltr'><strong>contra</strong></span> 
     </span>
     <span class='ocr_line' id='line_1_20' title="bbox 599 2985 2014 3084; baseline -0.001 -22"><span class='ocrx_word' id='word_1_182' title='bbox 599 2989 756 3063; x_wconf 85' lang='lat' dir='ltr'><strong>Tartarus</strong></span> <span class='ocrx_word' id='word_1_183' title='bbox 772 2997 807 3061; x_wconf 91' lang='lat' dir='ltr'><strong>et</strong></span> <span class='ocrx_word' id='word_1_184' title='bbox 828 2988 914 3062; x_wconf 85' lang='lat' dir='ltr'><strong>alios</strong></span> <span class='ocrx_word' id='word_1_185' title='bbox 933 2986 1017 3062; x_wconf 87' lang='lat' dir='ltr'><strong>fidei</strong></span> <span class='ocrx_word' id='word_1_186' title='bbox 1039 2996 1289 3084; x_wconf 85' lang='lat' dir='ltr'><strong>contemptores</strong></span> <span class='ocrx_word' id='word_1_187' title='bbox 1303 3009 1344 3060; x_wconf 93' lang='lat' dir='ltr'><strong>ac</strong></span> <span class='ocrx_word' id='word_1_188' title='bbox 1368 2992 1603 3083; x_wconf 87' lang='lat' dir='ltr'><strong>persecutores</strong></span> <span class='ocrx_word' id='word_1_189' title='bbox 1615 2985 1737 3083; x_wconf 91' lang='lat' dir='ltr'><strong>populi</strong></span> <span class='ocrx_word' id='word_1_190' title='bbox 1754 2985 1931 3060; x_wconf 88' lang='lat' dir='ltr'><strong>christiani</strong></span> <span class='ocrx_word' id='word_1_191' title='bbox 1950 3008 2014 3060; x_wconf 90' lang='lat' dir='ltr'><strong>nec</strong></span> 
     </span>
     <span class='ocr_line' id='line_1_21' title="bbox 599 3107 2013 3208; baseline 0.001 -24"><span class='ocrx_word' id='word_1_192' title='bbox 599 3133 669 3185; x_wconf 94' lang='lat' dir='ltr'><strong>non</strong></span> <span class='ocrx_word' id='word_1_193' title='bbox 688 3133 751 3208; x_wconf 89' lang='lat' dir='ltr'><strong>pro</strong></span> <span class='ocrx_word' id='word_1_194' title='bbox 769 3112 913 3207; x_wconf 81' lang='lat' dir='ltr'><strong>negocio</strong></span> <span class='ocrx_word' id='word_1_195' title='bbox 930 3111 1026 3206; x_wconf 91' lang='lat' dir='ltr'><strong>quod</strong></span> <span class='ocrx_word' id='word_1_196' title='bbox 1045 3112 1133 3184; x_wconf 89' lang='lat' dir='ltr'><strong>inter</strong></span> <span class='ocrx_word' id='word_1_197' title='bbox 1147 3111 1334 3185; x_wconf 83' lang='lat' dir='ltr'><strong>Ecclesiam</strong></span> <span class='ocrx_word' id='word_1_198' title='bbox 1352 3119 1388 3184; x_wconf 87' lang='lat' dir='ltr'><strong>et</strong></span> <span class='ocrx_word' id='word_1_199' title='bbox 1405 3107 1596 3206; x_wconf 85' lang='lat' dir='ltr'><strong>principem</strong></span> <span class='ocrx_word' id='word_1_200' title='bbox 1617 3109 1783 3202; x_wconf 88' lang='lat' dir='ltr'><strong>vertitur,</strong></span> <span class='ocrx_word' id='word_1_201' title='bbox 1800 3131 1902 3207; x_wconf 79' lang='lat' dir='ltr'><strong>reges</strong></span> <span class='ocrx_word' id='word_1_202' title='bbox 1926 3119 2013 3185; x_wconf 88' lang='lat' dir='ltr'><strong>terre</strong></span> 
     </span>
    </p>
   </div>
   <div class='ocr_carea' id='block_1_3' title="bbox 601 3353 2009 4824">
    <p class='ocr_par' dir='ltr' id='par_1_4' title="bbox 640 3353 1870 3436">
     <span class='ocr_line' id='line_1_22' title="bbox 640 3353 1870 3436; baseline -0.002 -21"><span class='ocrx_word' id='word_1_203' title='bbox 640 3353 682 3436; x_wconf 86' lang='lat' dir='ltr'><strong>(c)</strong></span> <span class='ocrx_word' id='word_1_204' title='bbox 705 3355 741 3416; x_wconf 93' lang='lat' dir='ltr'><strong>ln</strong></span> <span class='ocrx_word' id='word_1_205' title='bbox 754 3355 855 3416; x_wconf 87' lang='lat' dir='ltr'><strong>codice</strong></span> <span class='ocrx_word' id='word_1_206' title='bbox 865 3355 991 3436; x_wconf 60' lang='lat' dir='ltr'><strong>capam,</strong></span> <span class='ocrx_word' id='word_1_207' title='bbox 1005 3357 1077 3417; x_wconf 88' lang='lat' dir='ltr'><strong>dum</strong></span> <span class='ocrx_word' id='word_1_208' title='bbox 1089 3354 1320 3416; x_wconf 83' lang='lat' dir='ltr'><strong>abbrerlntlouls</strong></span> <span class='ocrx_word' id='word_1_209' title='bbox 1332 3353 1451 3433; x_wconf 80' lang='lat' dir='ltr'><strong>signum</strong></span> <span class='ocrx_word' id='word_1_210' title='bbox 1463 3367 1620 3433; x_wconf 85' lang='lat' dir='ltr'><strong>perperam</strong></span> <span class='ocrx_word' id='word_1_211' title='bbox 1631 3368 1806 3431; x_wconf 85' lang='lat' dir='ltr'><strong>expressum</strong></span> <span class='ocrx_word' id='word_1_212' title='bbox 1819 3353 1870 3416; x_wconf 86' lang='lat' dir='ltr'><strong>slt.</strong></span> 
     </span>
    </p>

    <p class='ocr_par' dir='ltr' id='par_1_5' title="bbox 640 3458 1271 3542">
     <span class='ocr_line' id='line_1_23' title="bbox 640 3458 1271 3542; baseline -0.002 -20"><span class='ocrx_word' id='word_1_213' title='bbox 640 3459 682 3542; x_wconf 77' lang='lat' dir='ltr'><strong>(d)</strong></span> <span class='ocrx_word' id='word_1_214' title='bbox 702 3462 738 3524; x_wconf 90' lang='lat' dir='ltr'><strong>ln</strong></span> <span class='ocrx_word' id='word_1_215' title='bbox 752 3461 853 3524; x_wconf 82' lang='lat' dir='ltr'><strong>codice</strong></span> <span class='ocrx_word' id='word_1_216' title='bbox 866 3458 1113 3524; x_wconf 67' lang='lat' dir='ltr'><strong>dominaedium</strong></span> <span class='ocrx_word' id='word_1_217' title='bbox 1128 3458 1271 3524; x_wconf 69' lang='lat' dir='ltr'><strong>ulrum.</strong></span> 
     </span>
    </p>

    <p class='ocr_par' dir='ltr' id='par_1_6' title="bbox 640 3567 926 3648">
     <span class='ocr_line' id='line_1_24' title="bbox 640 3567 926 3648; baseline 0.014 -20"><span class='ocrx_word' id='word_1_218' title='bbox 640 3567 678 3648; x_wconf 84' lang='lat' dir='ltr'><strong>(c)</strong></span> <span class='ocrx_word' id='word_1_219' title='bbox 704 3567 741 3633; x_wconf 86' lang='lat' dir='ltr'><strong>ln</strong></span> <span class='ocrx_word' id='word_1_220' title='bbox 757 3567 857 3630; x_wconf 81' lang='lat' dir='ltr'><strong>codice</strong></span> <span class='ocrx_word' id='word_1_221' title='bbox 868 3569 926 3632; x_wconf 75' lang='lat' dir='ltr'><strong>cui.</strong></span> 
     </span>
    </p>

    <p class='ocr_par' dir='ltr' id='par_1_7' title="bbox 639 3674 1025 3756">
     <span class='ocr_line' id='line_1_25' title="bbox 639 3674 1025 3756; baseline -0.003 -20"><span class='ocrx_word' id='word_1_222' title='bbox 639 3674 684 3756; x_wconf 75' lang='lat' dir='ltr'><strong>(ct)</strong></span> <span class='ocrx_word' id='word_1_223' title='bbox 705 3675 742 3736; x_wconf 93' lang='lat' dir='ltr'><strong>ln</strong></span> <span class='ocrx_word' id='word_1_224' title='bbox 752 3675 854 3736; x_wconf 87' lang='lat' dir='ltr'><strong>oodloe</strong></span> <span class='ocrx_word' id='word_1_225' title='bbox 865 3680 1025 3736; x_wconf 74' lang='lat' dir='ltr'><strong>commum</strong></span> 
     </span>
    </p>

    <p class='ocr_par' dir='ltr' id='par_1_8' title="bbox 640 3779 1210 3862">
     <span class='ocr_line' id='line_1_26' title="bbox 640 3779 1210 3862; baseline 0 -18"><span class='ocrx_word' id='word_1_226' title='bbox 640 3781 678 3862; x_wconf 85' lang='lat' dir='ltr'><strong>(c)</strong></span> <span class='ocrx_word' id='word_1_227' title='bbox 702 3783 738 3843; x_wconf 92' lang='lat' dir='ltr'><strong>In</strong></span> <span class='ocrx_word' id='word_1_228' title='bbox 753 3783 852 3844; x_wconf 89' lang='lat' dir='ltr'><strong>codlee</strong></span> <span class='ocrx_word' id='word_1_229' title='bbox 864 3779 915 3843; x_wconf 82' lang='lat' dir='ltr'><strong>lrcc</strong></span> <span class='ocrx_word' id='word_1_230' title='bbox 927 3781 1004 3840; x_wconf 82' lang='lat' dir='ltr'><strong>enim</strong></span> <span class='ocrx_word' id='word_1_231' title='bbox 1011 3779 1210 3860; x_wconf 67' lang='lat' dir='ltr'><strong>promanente</strong></span> 
     </span>
    </p>

    <p class='ocr_par' dir='ltr' id='par_1_9' title="bbox 640 3883 945 3969">
     <span class='ocr_line' id='line_1_27' title="bbox 640 3883 945 3969; baseline -0.007 -21"><span class='ocrx_word' id='word_1_232' title='bbox 640 3885 686 3968; x_wconf 66' lang='lat' dir='ltr'><strong>U)</strong></span> <span class='ocrx_word' id='word_1_233' title='bbox 702 3888 739 3948; x_wconf 90' lang='lat' dir='ltr'><strong>ln</strong></span> <span class='ocrx_word' id='word_1_234' title='bbox 751 3889 853 3949; x_wconf 90' lang='lat' dir='ltr'><strong>ccdlce</strong></span> <span class='ocrx_word' id='word_1_235' title='bbox 864 3883 945 3969; x_wconf 77' lang='lat' dir='ltr'><strong>qnid.</strong></span> 
     </span>
    </p>

    <p class='ocr_par' dir='ltr' id='par_1_10' title="bbox 641 3991 1022 4076">
     <span class='ocr_line' id='line_1_28' title="bbox 641 3991 1022 4076; baseline -0.005 -22"><span class='ocrx_word' id='word_1_236' title='bbox 641 3993 683 4076; x_wconf 76' lang='lat'><strong>(9)</strong></span> <span class='ocrx_word' id='word_1_237' title='bbox 705 3995 741 4054; x_wconf 94' lang='lat' dir='ltr'><strong>ln</strong></span> <span class='ocrx_word' id='word_1_238' title='bbox 755 3994 856 4054; x_wconf 86' lang='lat' dir='ltr'><strong>ccdlce</strong></span> <span class='ocrx_word' id='word_1_239' title='bbox 868 3991 1022 4053; x_wconf 76' lang='lat' dir='ltr'><strong>credimus.</strong></span> 
     </span>
    </p>

    <p class='ocr_par' dir='ltr' id='par_1_11' title="bbox 641 4099 1139 4182">
     <span class='ocr_line' id='line_1_29' title="bbox 641 4099 1139 4182; baseline 0.002 -22"><span class='ocrx_word' id='word_1_240' title='bbox 641 4099 684 4182; x_wconf 77' lang='lat' dir='ltr'><strong>(lc)</strong></span> <span class='ocrx_word' id='word_1_241' title='bbox 706 4101 742 4162; x_wconf 94' lang='lat' dir='ltr'><strong>In</strong></span> <span class='ocrx_word' id='word_1_242' title='bbox 755 4101 854 4162; x_wconf 85' lang='lat' dir='ltr'><strong>codiee</strong></span> <span class='ocrx_word' id='word_1_243' title='bbox 867 4107 1019 4181; x_wconf 73' lang='lat' dir='ltr'><strong>tempestus</strong></span> <span class='ocrx_word' id='word_1_244' title='bbox 1032 4115 1139 4161; x_wconf 77' lang='lat' dir='ltr'><strong>more.</strong></span> 
     </span>
    </p>

    <p class='ocr_par' dir='ltr' id='par_1_12' title="bbox 641 4203 1131 4288">
     <span class='ocr_line' id='line_1_30' title="bbox 641 4203 1131 4288; baseline -0.006 -20"><span class='ocrx_word' id='word_1_245' title='bbox 641 4207 683 4288; x_wconf 87' lang='lat' dir='ltr'><strong>(i)</strong></span> <span class='ocrx_word' id='word_1_246' title='bbox 706 4207 743 4270; x_wconf 90' lang='lat' dir='ltr'><strong>ln</strong></span> <span class='ocrx_word' id='word_1_247' title='bbox 756 4207 856 4270; x_wconf 87' lang='lat' dir='ltr'><strong>codiee</strong></span> <span class='ocrx_word' id='word_1_248' title='bbox 870 4203 997 4269; x_wconf 66' lang='lat' dir='ltr'><strong>rotato</strong></span> <span class='ocrx_word' id='word_1_249' title='bbox 1011 4204 1131 4269; x_wconf 71' lang='lat' dir='ltr'><strong>melaria</strong></span> 
     </span>
    </p>

    <p class='ocr_par' dir='ltr' id='par_1_13' title="bbox 641 4314 1006 4398">
     <span class='ocr_line' id='line_1_31' title="bbox 641 4314 1006 4398; baseline 0 -22"><span class='ocrx_word' id='word_1_250' title='bbox 641 4314 687 4398; x_wconf 68' lang='lat' dir='ltr'><strong>(pl</strong></span> <span class='ocrx_word' id='word_1_251' title='bbox 709 4315 745 4376; x_wconf 96' lang='lat' dir='ltr'><strong>In</strong></span> <span class='ocrx_word' id='word_1_252' title='bbox 756 4315 858 4376; x_wconf 87' lang='lat' dir='ltr'><strong>codloe</strong></span> <span class='ocrx_word' id='word_1_253' title='bbox 866 4314 1006 4394; x_wconf 71' lang='lat' dir='ltr'><strong>propium.</strong></span> 
     </span>
    </p>

    <p class='ocr_par' dir='ltr' id='par_1_14' title="bbox 642 4418 966 4504">
     <span class='ocr_line' id='line_1_32' title="bbox 642 4418 966 4504; baseline 0 -24"><span class='ocrx_word' id='word_1_254' title='bbox 642 4419 684 4504; x_wconf 78' lang='lat' dir='ltr'><strong>(k)</strong></span> <span class='ocrx_word' id='word_1_255' title='bbox 705 4423 742 4483; x_wconf 92' lang='lat' dir='ltr'><strong>ln</strong></span> <span class='ocrx_word' id='word_1_256' title='bbox 756 4422 856 4483; x_wconf 85' lang='lat' dir='ltr'><strong>codice</strong></span> <span class='ocrx_word' id='word_1_257' title='bbox 862 4418 966 4498; x_wconf 77' lang='lat' dir='ltr'><strong>fidele.</strong></span> 
     </span>
    </p>

    <p class='ocr_par' dir='ltr' id='par_1_15' title="bbox 643 4527 978 4610">
     <span class='ocr_line' id='line_1_33' title="bbox 643 4527 978 4610; baseline -0.003 -20"><span class='ocrx_word' id='word_1_258' title='bbox 643 4527 685 4610; x_wconf 89' lang='lat' dir='ltr'><strong>(l)</strong></span> <span class='ocrx_word' id='word_1_259' title='bbox 707 4529 743 4590; x_wconf 95' lang='lat' dir='ltr'><strong>Iu</strong></span> <span class='ocrx_word' id='word_1_260' title='bbox 756 4527 856 4588; x_wconf 89' lang='lat' dir='ltr'><strong>codiee</strong></span> <span class='ocrx_word' id='word_1_261' title='bbox 868 4529 978 4589; x_wconf 81' lang='lat' dir='ltr'><strong>atatim.</strong></span> 
     </span>
    </p>

    <p class='ocr_par' dir='ltr' id='par_1_16' title="bbox 601 4629 2009 4824">
     <span class='ocr_line' id='line_1_34' title="bbox 641 4629 2009 4717; baseline 0.001 -20"><span class='ocrx_word' id='word_1_262' title='bbox 641 4636 694 4717; x_wconf 88' lang='lat' dir='ltr'><strong>(m)</strong></span> <span class='ocrx_word' id='word_1_263' title='bbox 709 4635 769 4714; x_wconf 88' lang='lat' dir='ltr'><strong>Sic,</strong></span> <span class='ocrx_word' id='word_1_264' title='bbox 781 4636 889 4696; x_wconf 85' lang='lat' dir='ltr'><strong>rectius</strong></span> <span class='ocrx_word' id='word_1_265' title='bbox 902 4640 1001 4696; x_wconf 89' lang='lat' dir='ltr'><strong>tamen</strong></span> <span class='ocrx_word' id='word_1_266' title='bbox 1010 4631 1160 4708; x_wconf 72' lang='lat' dir='ltr'><strong>lactucis,</strong></span> <span class='ocrx_word' id='word_1_267' title='bbox 1170 4631 1244 4692; x_wconf 88' lang='lat' dir='ltr'><strong>dum</strong></span> <span class='ocrx_word' id='word_1_268' title='bbox 1256 4631 1306 4692; x_wconf 88' lang='lat' dir='ltr'><strong>hlc</strong></span> <span class='ocrx_word' id='word_1_269' title='bbox 1318 4637 1424 4709; x_wconf 82' lang='lat' dir='ltr'><strong>agatur</strong></span> <span class='ocrx_word' id='word_1_270' title='bbox 1437 4631 1474 4692; x_wconf 86' lang='lat' dir='ltr'><strong>ds</strong></span> <span class='ocrx_word' id='word_1_271' title='bbox 1487 4629 1666 4694; x_wconf 84' lang='lat' dir='ltr'><strong>Francorum</strong></span> <span class='ocrx_word' id='word_1_272' title='bbox 1675 4635 1708 4694; x_wconf 89' lang='lat' dir='ltr'><strong>lu</strong></span> <span class='ocrx_word' id='word_1_273' title='bbox 1721 4632 1855 4711; x_wconf 88' lang='lat' dir='ltr'><strong>partibus</strong></span> <span class='ocrx_word' id='word_1_274' title='bbox 1868 4633 2009 4698; x_wconf 81' lang='lat' dir='ltr'><strong>Comtan·</strong></span> 
     </span>
     <span class='ocr_line' id='line_1_35' title="bbox 601 4731 1940 4824; baseline -0.005 -18"><span class='ocrx_word' id='word_1_275' title='bbox 601 4741 936 4824; x_wconf 84' lang='lat' dir='ltr'><strong>llncpolitanlsdltione.</strong></span> <span class='ocrx_word' id='word_1_276' title='bbox 1937 4731 1940 4736; x_wconf 78' lang='grc'>’</span> 
     </span>
    </p>
   </div>
   <div class='ocr_carea' id='block_1_4' title="bbox 0 0 2302 6066">
    <p class='ocr_par' dir='ltr' id='par_1_17' title="bbox 0 0 2302 6066">
     <span class='ocr_line' id='line_1_36' title="bbox 0 0 2302 6066; baseline 0 5"><span class='ocrx_word' id='word_1_277' title='bbox 0 0 2302 6066; x_wconf 95' lang='lat' dir='ltr'><strong> </strong></span> 
     </span>
    </p>
   </div>
  </div>
 </body>
</html>
