4554 6080
790 704 832 764 IN
856 704 995 766 trulla
1019 705 1174 770 eesrls.
1630 702 1693 766 283
1788 703 1791 708 ’

277 845 317 918 ln
332 863 404 938 quo
422 842 531 937 prelio
549 858 698 932 magnus
715 839 946 912 marescalcus
962 840 1082 913 Karuli
1100 847 1253 914 armatus
1273 839 1321 913 ad
1342 839 1448 910 instar
1465 836 1584 910 Karuli
1601 857 1693 909 mor·

276 978 360 1039 tnus
375 966 476 1037 suita
492 971 595 1058 genta
613 959 757 1055 dompni
772 961 912 1032 Henrici
929 964 987 1036 vel
1002 984 1063 1057 per
1079 963 1195 1058 ipsum
1212 962 1403 1056 dompnum
1419 959 1604 1051 Auriuum,
1629 981 1695 1053 pu·

276 1100 389 1164 tantas
406 1090 576 1162 Karnlum
592 1087 818 1160 interfecisse.
842 1087 886 1158 Et
904 1087 1032 1160 dicitur
1044 1089 1141 1183 qnod
1161 1089 1345 1182 utriusque
1358 1086 1464 1182 partis
1478 1095 1549 1158 tam
1569 1085 1696 1178 gladiis

276 1236 391 1309 qnam·
404 1213 550 1308 pulvere
565 1220 600 1282 et
625 1209 884 1282 conculcatione
907 1231 1076 1304 equorum
1100 1214 1179 1306 plns
1202 1213 1263 1284 llll
1288 1213 1325 1284 Μ
1350 1209 1519 1282 militibus
1541 1218 1576 1282 et
1595 1207 1697 1303 pedi·

279 1337 374 1410 tibus
393 1337 590 1431 perierunt3
610 1334 720 1424 major
737 1354 819 1426 pars
836 1333 950 1428 gentis
971 1335 1064 1428 regis
1088 1333 1237 1408 Conradi
1254 1355 1325 1428 qne
1346 1353 1393 1406 ex
1413 1333 1521 1428 prelio
1542 1339 1699 1406 evaserat

279 1482 342 1557 per
373 1467 495 1554 gentas
522 1457 819 1529 circumstantium
841 1457 989 1552 partium
1019 1465 1101 1528 eunt
1126 1455 1283 1530 derobati
1306 1465 1341 1530 et
1365 1455 1468 1551 capti.
1494 1455 1537 1527 Et
1560 1455 1597 1526 in
1624 1455 1699 1548 ipso

278 1584 390 1681 prelio
408 1583 585 1676 dompnus
603 1579 771 1652 Henricns
796 1587 832 1651 et
853 1579 1031 1657 Conradus
1052 1577 1098 1652 ds
1113 1578 1296 1654 Anthiocia
1318 1578 1596 1671 consanguineus
1614 1598 1700 1668 ger-

280 1729 407 1781 manus
425 1705 518 1800 regis
535 1701 684 1776 Conradi
702 1711 784 1774 sunt
804 1702 912 1796 capti,
930 1712 968 1774 et
983 1703 1114 1776 Croffus
1135 1703 1199 1775 iste
1214 1702 1263 1796 (a)
1284 1709 1453 1773 mortuus.
1473 1701 1515 1772 Et
1532 1708 1616 1771 tunc
1636 1721 1701 1772 rex

281 1829 463 1903 Conradus
485 1827 584 1900 venit
600 1825 798 1898 Vicourinm
820 1846 901 1896 cnm
922 1825 1115 1918 quingintis
1139 1824 1306 1896 militibus
1328 1825 1390 1918 qni
1416 1845 1463 1896 ex
1482 1823 1592 1919 prelio
1618 1844 1701 1898 eva·

282 1961 416 2042 serant,
443 1948 573 2023 deinde
596 1947 734 2020 intrarit
756 1948 899 2020 Romam
929 1945 988 2020 die
1013 1947 1132 2020 martis
1154 1948 1297 2020 XXlllll
1321 1946 1449 2018 mensis
1476 1945 1629 2039 angusti.
1659 1946 1704 2018 Et

283 2095 366 2146 cnm
389 2072 485 2145 idem
502 2093 568 2144 rex
584 2071 707 2142 inisset
723 2071 831 2142 Rome
849 2090 1023 2158 reversus,
1043 2070 1154 2142 voluit
1177 2069 1305 2141 intrare
1321 2069 1359 2139 in
1382 2068 1583 2163 Capitolium
1606 2067 1703 2162 qnod

283 2215 401 2268 comes
423 2191 538 2266 Guido
560 2190 606 2264 de
631 2191 844 2266 Montefeltro
871 2191 1010 2264 tenebat
1037 2211 1100 2286 pro
1129 2190 1283 2285 dompno
1308 2191 1476 2280 Haurico3
1499 2191 1562 2284 qni
1589 2191 1704 2287 ipsum

284 2317 397 2390 nolnit
413 2315 558 2407 eidare,
571 2313 635 2388 sed
648 2315 763 2409 ipsum
780 2313 878 2387 dedit
892 2323 1015 2408 postea
1026 2313 1115 2408 parti
1130 2312 1290 2406 adverse,
1304 2314 1436 2384 scilicet
1448 2313 1538 2408 parti
1551 2313 1705 2387 lloclesie

283 2461 356 2534 que
372 2440 411 2510 in
432 2437 555 2510 urbem
581 2438 768 2510 intraverat
783 2457 845 2530 pro
869 2436 929 2507 llll
950 2436 985 2508 bl
1010 2435 1109 2508 libris
1127 2436 1421 2508 Primnixinornm
1439 2435 1517 2532 (sic)
1542 2435 1600 2533 (t).
1629 2436 1706 2521 Qne

284 2583 367 2657 pars
390 2561 543 2634 Ecclesia
572 2559 722 2632 habebat
746 2567 880 2630 tantum
904 2556 950 2654 (c)
974 2558 1036 2651 qni
1053 2559 1233 2654 appelatur
1260 2559 1428 2631 Guastnm
1455 2567 1491 2630 et
1514 2579 1595 2652 pars
1622 2579 1707 2632 oon·

286 2683 393 2757 traria
411 2681 564 2757 Ecclesia
586 2681 724 2754 tenebat
743 2681 928 2754 Colliseum
946 2689 981 2754 et
1000 2682 1140 2754 Ysolam
1156 2681 1272 2753 Sancti
1292 2681 1384 2753 Petri
1401 2689 1437 2752 et
1451 2682 1630 2754 castellnm
1648 2684 1706 2756 la·

286 2807 366 2880 oobi
383 2805 571 2901 Napoleoni
588 2813 623 2878 et
644 2804 824 2876 castellum
840 2803 956 2876 Sancti
972 2802 1096 2898 Angeli
1111 2813 1147 2876 et
1163 2804 1307 2876 domum
1329 2804 1488 2900 papalem
1505 2812 1540 2876 et
1562 2803 1707 2878 domum

286 2928 454 3026 Stephani
478 2927 622 3000 Alberti.
644 2927 689 3000 Et
704 2927 763 3000 die
779 2927 917 3000 veneris
939 2927 1099 3022 sequenti
1123 2927 1281 3022 proximo
1303 2947 1368 2999 rex
1388 2927 1513 2999 timens
1536 2927 1582 3001 de
1598 2929 1706 3002 lores-

287 3053 368 3126 tatis
390 3053 498 3124 Rome
514 3051 576 3145 qui
604 3051 816 3122 intraverant
846 3051 1011 3140 Romam,
1034 3071 1114 3122 cum
1133 3049 1224 3122 duce
1250 3047 1390 3122 Austris
1416 3057 1451 3122 et
1477 3051 1603 3124 comite
1628 3051 1710 3124 Gal·

287 3194 406 3264 vagno
420 3181 455 3246 et
472 3194 553 3245 cum
568 3171 737 3244 militibus
751 3169 815 3268 qni
829 3192 950 3244 secum
971 3171 1116 3246 aderant
1138 3171 1183 3244 de
1200 3173 1309 3244 Roma
1325 3173 1446 3245 exiens
1468 3173 1636 3268 equitavit
1662 3173 1708 3246 ad

288 3296 447 3368 Castrum
464 3297 674 3368 Saracennm
687 3293 784 3389 qnod
804 3316 895 3366 uxor
913 3295 1059 3370 Conradi
1075 3295 1121 3368 de
1133 3294 1315 3370 Anthiocia
1332 3297 1487 3388 tenebat,
1506 3308 1541 3369 et
1559 3296 1709 3372 volendo

288 3419 341 3490 ire
368 3419 404 3490 in
420 3439 567 3513 regnum
589 3440 669 3491 cum
685 3418 775 3490 duce
793 3414 948 3504 Austris,
977 3417 1104 3490 comita
1125 3415 1303 3510 Galvagno
1330 3429 1365 3492 et
1385 3419 1498 3491 Alioto
1520 3419 1597 3510 ejus
1617 3417 1707 3512 filio,

287 3540 479 3636 Napoliono
505 3538 576 3612 filio
598 3539 717 3614 Jacobi
737 3539 784 3613 de
798 3540 1012 3636 Napoliono,
1041 3539 1220 3636 Rayzurdo
1248 3539 1294 3613 de
1320 3538 1527 3614 Anibalibus
1547 3548 1582 3613 st
1601 3563 1711 3636 parva

289 3661 579 3736 Theotonicorum
601 3663 781 3752 comitiva,
801 3663 839 3734 in
854 3671 954 3757 porto
978 3661 1024 3736 de
1041 3665 1142 3734 Stura
1164 3663 1255 3756 eapti
1277 3664 1418 3735 inerunt
1437 3684 1501 3758 per
1519 3663 1709 3736 Iohannem

289 3789 556 3882 Frangipanem.
587 3787 708 3861 Postea
734 3785 830 3859 ducti
855 3795 939 3858 sunt
963 3787 1000 3858 in
1020 3785 1257 3858 Prenestinum
1283 3785 1320 3857 in
1348 3787 1449 3859 lortia
1474 3787 1639 3861 lobannis
1665 3788 1712 3862 de

290 3910 508 4005 Collumpna.
531 3911 575 3982 Et
591 3919 675 3981 tunc
691 3911 920 3982 marescalcus
936 3911 1058 3982 Karuli
1074 3909 1136 4004 qui
1152 3909 1202 3980 ibi
1218 3916 1292 3980 erat
1306 3909 1385 3982 fecit
1401 3911 1518 3982 comiti
1533 3911 1712 4006 Galvagno

291 4042 327 4107 et
342 4033 456 4106 Alioto
475 4036 551 4126 ejus
570 4032 642 4106 filio
663 4045 699 4106 et
714 4033 791 4106 aliis
812 4035 924 4130 captis
944 4035 981 4105 in
1000 4033 1107 4128 prelio
1125 4032 1239 4127 capita
1260 4041 1455 4127 amputare.
1474 4033 1607 4107 Eodem
1625 4046 1712 4108 tem·

291 4176 376 4250 pore
400 4155 563 4228 dominus
584 4157 677 4250 Papa
703 4155 822 4228 habito
852 4157 997 4229 oonsilio
1017 4176 1159 4229 suornm
1185 4155 1393 4249 prelatorum
1415 4157 1620 4230 transmissit
1643 4169 1712 4232 tres

291 4276 486 4352 cardinales
500 4279 696 4374 Neapolim,
713 4287 748 4352 et
760 4281 906 4352 Romani
921 4286 1137 4352 vocaverunt
1151 4277 1320 4350 Karulum
1337 4279 1375 4350 in
1392 4289 1582 4352 senatorem
1599 4281 1709 4354 urbis.

290 4402 335 4475 Et
347 4401 400 4474 sic
414 4401 565 4474 Karnlns
584 4401 678 4474 venit
694 4401 850 4494 Romam,
873 4410 908 4474 et
925 4401 1070 4474 intravit
1087 4400 1303 4494 Capitolium,
1329 4411 1364 4474 et
1381 4402 1576 4494 intelligens
1593 4423 1711 4494 regem

336 4573 378 4656 (u)
400 4575 435 4636 ln
449 4577 648 4652 eodloea'cttu,
663 4575 763 4638 addlto
777 4577 941 4656 compendit
955 4579 1041 4656 signo
1054 4575 1133 4637 unde
1150 4575 1256 4636 icterus
1264 4593 1367 4637 sonare
1381 4576 1523 4638 uideatur.

337 4679 378 4760 (b)
400 4681 536 4743 Forsitan
551 4682 770 4744 Perruiuorum.

338 4784 376 4864 (c)
397 4787 533 4848 Forsitan
545 4793 682 4849 certmst.
