4554 6080
553 600 615 662 268
1029 594 1272 660 CHRONICON
1296 595 1349 655 DE
1373 594 1501 655 REBUS

554 732 712 804 Cibiiinis
726 732 944 806 intraverunt
960 732 1167 804 Florentiam
1183 740 1217 804 et
1233 732 1327 827 ipsos
1342 729 1512 802 Gibilinos
1527 737 1621 802 extra
1636 730 1841 806 Florentiam
1857 755 1968 828 expu-

552 858 679 928 larunt.

601 979 650 1051 Μ.
667 977 728 1050 CC.
745 980 876 1071 LXVII,
895 976 1085 1050 indictione
1098 978 1144 1069 X,
1163 975 1209 1050 da
1222 997 1341 1048 mense
1358 976 1490 1072 aprilis,
1509 983 1691 1072 postquam
1704 976 1847 1071 predicti
1865 979 1964 1072 legati

553 1101 808 1196 compleverant
819 1102 935 1174 omnia
952 1103 1031 1193 ista,
1047 1110 1220 1174 venerunt
1234 1099 1444 1172 Placentiam
1458 1109 1493 1170 et
1511 1099 1630 1172 habito
1642 1108 1789 1172 tractatu
1801 1122 1880 1172 cum
1896 1102 1966 1172 ini-

551 1223 651 1296 micis
667 1225 801 1296 comitis
821 1225 919 1296 istius
939 1225 1112 1321 petierunt
1133 1224 1190 1296 isti
1209 1223 1327 1295 comiti
1343 1233 1383 1293 ut
1401 1223 1469 1296 sibi
1485 1221 1585 1296 daret
1600 1223 1636 1294 iu
1659 1224 1759 1296 fortia
1775 1227 1967 1298 communis

550 1349 723 1422 Placentia
749 1356 860 1421 castra
885 1370 961 1420 sua.
997 1349 1065 1434 Qui
1092 1346 1305 1442 respondens
1335 1347 1426 1418 dixit
1448 1347 1544 1441 quod
1570 1347 1709 1420 nolebat
1734 1348 1767 1420 ai
1792 1347 1877 1422 dare
1901 1351 1965 1422 nisi

550 1469 693 1542 haberet
706 1471 832 1543 bonam
856 1471 1088 1544 securitatem.
1110 1473 1178 1566 ipsi
1197 1491 1279 1544 vero
1294 1470 1504 1544 dixeruntei
1520 1470 1617 1564 quod
1630 1472 1782 1544 iacerent
1796 1471 1862 1543 sibi
1884 1471 1967 1546 dara

553 1594 677 1666 bonam
691 1595 906 1666 securitatem
919 1593 964 1665 de
976 1593 1041 1665 XX
1052 1593 1201 1666 marchis
1211 1595 1344 1686 argenti
1358 1593 1405 1666 ad
1420 1615 1519 1666 suam
1535 1595 1767 1686 voluntatem
1784 1605 1819 1666 et
1833 1595 1967 1692 scriptis

550 1717 782 1789 contractibus
805 1727 841 1788 et
855 1716 1024 1789 ordinatis
1039 1716 1343 1811 promissionibus,
1364 1723 1508 1790 tractatu
1533 1717 1624 1788 lactc
1652 1717 1689 1788 in
1712 1717 1883 1790 Placentia
1905 1741 1966 1814 per

549 1839 720 1933 quosdam
748 1838 908 1935 capiendi
933 1840 1092 1912 comitam
1121 1840 1156 1910 in
1186 1839 1307 1932 vigilia
1328 1838 1550 1912 Ascensionis
1572 1839 1726 1929 Domini,
1756 1861 1872 1913 comas
1900 1841 1966 1914 hoc

550 1964 720 2035 intellecto
733 1984 795 2057 per
813 1963 943 2035 amicos
960 1984 1042 2035 suos
1061 1964 1122 2054 qui
1139 1971 1236 2035 arant
1259 1961 1304 2034 da
1321 1963 1469 2036 adversa
1488 1971 1603 2058 parte,
1618 1983 1697 2035 cnm
1716 1963 1855 2035 licentia
1870 1963 1963 2056 laga-

550 2095 662 2157 torum
683 2086 744 2178 qui
766 2095 848 2157 tunc
870 2083 967 2156 ibant
980 2084 1182 2156 Cremonam
1202 2093 1328 2155 utnon
1348 2083 1550 2157 viderentur
1567 2085 1695 2158 conscii
1713 2084 1759 2158 de
1774 2094 1871 2158 tanto
1891 2109 1964 2160 sce·

549 2209 638 2298 lere,
661 2208 722 2302 qui
743 2211 817 2300 jam
836 2229 916 2279 cum
938 2208 1023 2303 ipsis
1045 2207 1166 2300 legatie
1184 2208 1402 2302 equitaverat
1423 2229 1534 2302 usque
1550 2207 1597 2280 ad
1621 2207 1893 2300 Roncbarolnm,
1911 2233 1965 2284 re·

549 2331 649 2405 diens
665 2331 812 2402 venitin
830 2333 1056 2423 Placentiam,
1073 2341 1107 2404 et
1121 2331 1241 2403 habito
1253 2330 1426 2424 colloquio
1439 2353 1519 2402 cum
1540 2330 1707 2403 Crimeu'o
1719 2333 1962 2426 Bmohiolorte,

547 2457 675 2529 Ubarto
690 2457 876 2548 Bagaroto,
901 2454 1079 2551 Raynaidc
1096 2453 1318 2544 biazaierato,
1341 2455 1507 2526 Preberro
1528 2455 1648 2544 liccio,
1675 2456 1737 2548 qui
1759 2465 1842 2528 tunc
1869 2467 1965 2529 erant

547 2580 706 2651 censuim
738 2579 899 2651 consortii
926 2589 961 2650 et
991 2579 1101 2651 iranei
1127 2587 1274 2650 rectores
1297 2586 1333 2650 et
1360 2585 1546 2672 potestates
1575 2577 1769 2650 communis
1796 2578 1966 2652 Placentia

547 2701 660 2775 donec
672 2700 843 2773 Guidotue
856 2699 902 2774 de
915 2701 1176 2773 Archidiaoonis
1189 2700 1318 2773 electus
1331 2708 1482 2794 potestas
1495 2699 1668 2772 Placentia
1681 2701 1826 2792 veniret,
1839 2703 1965 2796 quibus

546 2824 652 2898 vaide
668 2825 874 2920 displicebat
897 2825 925 2896 si
948 2845 1064 2896 comes
1085 2823 1283 2915 recederat,
1302 2823 1512 2897 asscendens
1533 2823 1748 2896 dextrarium
1766 2847 1869 2896 suum
1884 2848 1964 2898 cum

546 2956 616 3019 tota
643 2948 769 3020 familia
789 2969 854 3021 sua
875 2947 1045 3042 equitavit
1063 2949 1109 3022 ad
1129 2947 1281 3020 itacham
1300 2945 1345 3018 de
1373 2945 1477 3019 Bardi
1501 2945 1592 3019 circa
1617 2945 1757 3018 terciam
1777 2948 1899 3021 exiens
1918 2947 1963 3020 dc

546 3071 732 3142 Placentia.
743 3071 786 3144 Iit
800 3081 883 3144 tunc
893 3071 951 3144 iiia
963 3071 1049 3144 hora
1059 3071 1262 3144 obscuratus
1272 3078 1325 3142 est
1340 3071 1391 3141 soi
1405 3077 1439 3142 et
1451 3089 1573 3164 passus
1585 3077 1638 3141 ast
1648 3071 1817 3165 eclipsim.
1827 3071 1870 3142 Et
1884 3080 1964 3142 tunc

545 3193 733 3266 Placentini
749 3194 946 3266 inciderunt
964 3195 1029 3266 sibi
1039 3193 1219 3286 jardinum
1237 3191 1281 3264 da
1301 3191 1430 3286 Argiua
1445 3201 1480 3265 et
1499 3192 1547 3263 iiii
1561 3191 1607 3264 da
1624 3192 1828 3266 Florentiola
1843 3193 1964 3266 abstu-

545 3317 660 3390 lerunt
676 3318 741 3390 sibi
759 3339 844 3391 ovas
861 3329 896 3392 at
911 3319 1020 3391 bovas
1035 3319 1097 3412 qui
1111 3315 1397 3389 conducebantur
1413 3314 1461 3387 ad
1473 3316 1602 3388 Senum
1616 3323 1652 3388 at
1666 3316 1735 3388 alia
1749 3317 1858 3390 muita
1874 3317 1962 3388 maia

545 3441 738 3514 inferebant
749 3443 876 3516 eidam.
898 3441 1030 3514 Eodem
1043 3451 1196 3536 tempore
1211 3441 1414 3512 Parmenses
1430 3460 1492 3534 pro
1509 3441 1685 3512 communi
1705 3441 1856 3512 arentin
1877 3443 1961 3514 ossi·

546 3562 720 3638 dicionem
738 3567 845 3660 Burgi
864 3567 981 3638 Sancti
1004 3565 1189 3660 Dompnini
1212 3564 1272 3635 ubi
1299 3571 1467 3636 steterunt
1484 3583 1547 3658 par
1568 3584 1719 3636 mausum
1739 3564 1777 3635 in
1800 3586 1871 3658 quo
1889 3567 1963 3638 icco

546 3698 643 3762 erant
660 3690 813 3761 marchio
829 3689 1047 3761 Palavicinus
1071 3709 1151 3759 oum
1175 3688 1344 3759 funestatis
1369 3687 1519 3758 Parma:
1545 3686 1702 3758 similiter
1722 3687 1963 3760 Cremonenses

546 3812 719 3886 dederunt
736 3812 891 3886 bannum
909 3811 1098 3884 marchioni
1113 3811 1334 3882 Peilavioiuo.
1348 3809 1480 3883 Eodem
1496 3819 1649 3904 tempora
1660 3810 1762 3902 legati
1777 3810 1964 3884 existentes

546 3935 584 4006 in
604 3935 770 4008 Cremona
792 3938 968 4029 jusserunt
987 3937 1144 4008 Bossium
1166 3934 1212 4009 de
1235 3934 1385 4006 Dovaria
1408 3953 1429 4004 a
1447 3929 1562 4005 Rocha
1585 3954 1649 4006 sua
1675 3933 1736 4004 ubi
1756 3943 1830 4006 arat
1853 3936 1905 4008 ire
1927 3935 1963 4007 in

547 4057 742 4131 confinibus
757 4057 804 4132 ad
821 4059 990 4151 Corigiam
1004 4059 1177 4152 Viridem,
1198 4057 1417 4131 invenientes
1433 4077 1574 4130 causum
1595 4065 1713 4129 contra
1735 4057 1851 4153 ipsum
1870 4057 1963 4154 quod

546 4181 705 4254 homines
717 4181 883 4254 Cremona
897 4181 994 4252 ibant
1007 4181 1053 4255 ad
1067 4179 1282 4276 loquendum
1296 4200 1428 4252 secum
1446 4179 1513 4263 Qui
1529 4179 1580 4253 ire
1593 4180 1721 4268 uoluit,
1736 4181 1801 4254 sed
1812 4181 1904 4252 stetit
1918 4181 1963 4252 ad

545 4305 697 4377 Rooham
711 4305 772 4376 ubi
791 4313 843 4376 est
857 4324 1032 4377 corsuum
1049 4304 1111 4376 ubi
1131 4305 1235 4377 etiam
1250 4301 1424 4376 infinitum
1443 4301 1643 4375 thesaurum
1660 4303 1811 4376 habebat
1829 4330 1838 4373 :
1863 4327 1881 4373 o
1898 4303 1962 4375 Ubi

547 4427 640 4498 enim
657 4427 838 4500 thesaurus
854 4438 936 4500 tuus
955 4428 1005 4499 ibi
1027 4437 1062 4500 et
1078 4449 1136 4500 cor
1155 4437 1274 4518 tuum,
1298 4455 1316 4494 o
1338 4433 1424 4498 teste
1445 4426 1639 4500 Salomone.
1662 4428 1777 4512 Quare
1801 4425 1963 4500 dominus

546 4549 686 4623 Bossius
703 4551 785 4624 talia
804 4552 952 4624 audieus
972 4561 1007 4624 et
1021 4551 1168 4640 videns,
1183 4549 1437 4624 considerando
1451 4549 1548 4644 quod
1567 4549 1623 4622 sui
1641 4550 1744 4622 amici
1760 4549 1806 4623 de
1823 4549 1962 4622 civitate

548 4673 714 4746 Cremona
733 4675 875 4748 cottidie
897 4673 1259 4769 condempnabantur,
1284 4673 1412 4746 direxit
1437 4693 1519 4746 suos
1543 4672 1689 4746 nuncios
1714 4673 1883 4746 Veronam
1914 4670 1959 4743 ad
