4534 6074
668 628 910 694 canonicos
933 625 1239 698 rutcsutlrtuu.
1621 621 1664 688 59

291 767 357 840 bie
369 788 453 840 vero
467 765 605 842 veneris
613 765 675 838 vu
684 767 813 838 mensis
825 767 919 859 Julii‚
935 773 1046 840 castra
1061 771 1240 838 moventes
1255 782 1364 857 prope
1377 760 1516 834 Curtem
1528 759 1663 832 Novum

244 891 281 962 in
291 891 378 964 villa
392 890 436 964 de
450 890 545 964 Coro
556 890 601 964 de
609 887 756 964 Corveto
767 890 843 964 Iooo
856 888 1102 962 Cremonenses
1113 885 1341 961 castrametati
1356 885 1465 974 tuere,
1476 906 1518 957 ea
1531 904 1601 978 que
1614 882 1665 954 ibi

244 1014 411 1090 invenere
425 1015 643 1088 destruentes
659 1021 694 1087 et
706 1013 959 1087 comburentes.
976 1011 1092 1086 Altera
1110 1012 1168 1086 die
1182 1007 1370 1084 Placentini
1387 1005 1540 1080 Laudem
1557 1027 1666 1080 rene·

244 1147 327 1212 runt
343 1137 391 1211 ad
400 1139 576 1212 Placentio
588 1137 765 1212 civitatem
780 1135 948 1212 accedere
961 1137 1177 1227 testinantes,
1196 1131 1378 1206 audientes
1388 1142 1423 1204 et
1436 1131 1667 1224 intelligentes

245 1261 344 1356 quod
361 1262 610 1336 Cremonenses
628 1283 708 1334 cum
723 1261 967 1334 Parmensibus
990 1260 1028 1332 in
1048 1269 1174 1334 terram
1190 1257 1363 1332 Placentie
1382 1257 1509 1329 intrare
1535 1273 1667 1352 propo·

247 1393 390 1460 suerunt
410 1407 419 1452 a
438 1384 536 1480 quod
558 1387 673 1458 iecere
689 1385 766 1458 ausi
781 1385 923 1458 minime
948 1387 1057 1477 luere,
1077 1383 1236 1456 timentes
1257 1382 1303 1455 de
1324 1381 1478 1456 adventu
1500 1381 1668 1453 Placenti·

249 1529 373 1582 norum
396 1517 431 1582 et
447 1509 758 1582 Mediolanensium
777 1507 997 1580 inimIoorum
1018 1527 1151 1580 eorum.
1172 1507 1211 1578 In
1236 1507 1294 1578 illa
1311 1515 1427 1578 autem
1447 1503 1670 1598 expeditione

248 1631 429 1726 quoddam
452 1633 519 1706 luit
536 1631 735 1728 prodigium
758 1630 854 1726 quod
872 1631 1039 1706 oblivioni
1060 1653 1132 1704 non
1155 1640 1208 1703 est
1230 1629 1456 1720 trudendum,
1473 1628 1536 1701 sed
1555 1628 1671 1724 potins

249 1756 417 1830 memorie
435 1756 674 1848 retinendum,
693 1756 855 1830 videlicet
868 1757 963 1851 quod
977 1758 1091 1852 aliqua
1104 1777 1224 1829 musca
1246 1775 1399 1828 ravanus
1416 1762 1521 1848 atque
1540 1753 1670 1825 zInzala

250 1878 364 1951 inille
387 1879 454 1950 init
471 1901 537 1952 nec
555 1880 718 1975 apparuit
734 1881 903 1952 exercitu.

299 2001 350 2074 M.
371 2002 436 2076 CC.
453 2004 550 2092 XVI,
567 2004 646 2076 XIII
664 2005 831 2080 kalendas
844 2003 996 2078 octubris
1014 2003 1084 2100 (I),
1103 2002 1289 2076 Placentini
1315 2002 1440 2074 milites
1461 2021 1544 2074 oum
1560 1999 1672 2096 sagit·

250 2124 349 2198 turiis
366 2145 487 2200 eorum
500 2135 535 2200 et
553 2148 633 2200 oum
649 2127 742 2200 mille
761 2129 928 2202 militibus
950 2129 1135 2203 Mediolani
1150 2129 1366 2202 intraverunt
1384 2125 1421 2196 in
1439 2134 1565 2199 terrem
1585 2125 1674 2196 Per-

253 2249 428 2322 mensium
458 2249 494 2322 iu
521 2251 678 2344 partibus
701 2251 865 2324 videlicet
890 2252 1014 2324 Montis
1040 2251 1127 2324 Salsi
1151 2261 1187 2324 et
1216 2249 1331 2337 Greci,
1354 2250 1453 2321 villas
1473 2269 1615 2344 quoque
1640 2258 1675 2321 et

253 2372 379 2446 domos
396 2394 468 2466 que
493 2383 591 2448 mant
615 2374 652 2446 in
685 2374 770 2469 ipsIs
800 2375 907 2447 curiis
931 2376 1177 2448 combuserunt
1207 2383 1243 2447 et
1273 2383 1423 2446 castrum
1441 2371 1616 2446 lludiliani
1641 2380 1677 2444 et

255 2497 471 2592 domosque
494 2508 593 2572 erant
611 2499 702 2572 circa
729 2498 874 2572 Cervam
904 2499 1153 2573 combuserunt
1180 2507 1214 2572 et
1241 2500 1322 2594 igne
1351 2505 1612 2587 cremaverunt,
1644 2507 1679 2570 et

255 2631 342 2694 tuno
354 2620 554 2694 babuerunt
568 2631 604 2696 et
617 2632 783 2718 ceperunt
801 2624 892 2696 LXX
909 2623 1067 2696 homines
1085 2625 1221 2696 illarum
1234 2623 1396 2718 partium.
1414 2620 1544 2694 Eodem
1561 2641 1680 2694 meuse

255 2745 501 2818 vicedominus
535 2745 680 2820 ecclesie
708 2746 880 2830 PlacentIe
904 2748 1098 2843 prepositus
1130 2747 1166 2818 in
1194 2747 1397 2842 episcopum
1422 2745 1595 2819 PlacentIe
1616 2746 1683 2818 luit

257 2871 429 2944 elevatus.

306 2995 356 3068 st.
371 2993 434 3068 CC.
449 2993 594 3086 11111111,
615 2993 694 3068 Otto
706 2995 938 3068 Romanorum
953 2995 1137 3090 imperator
1149 2992 1234 3066 obiit
1248 2991 1293 3065 de
1307 3013 1428 3065 mense
1441 2991 1549 3066 madii
1564 2991 1628 3088 (2).

307 3117 357 3192 Μ.
368 3117 430 3192 OC.
441 3119 565 3191 XVIIII
575 3115 644 3212 (3),
654 3116 844 3192 indictione
862 3119 921 3211 VI,
934 3118 970 3190 in
987 3119 1167 3191 consulatu
1182 3117 1366 3190 Presbiteri
1381 3117 1493 3208 Cazie,
1509 3117 1626 3190 Iacobi
1639 3113 1685 3189 de

261 3241 357 3314 Bona
369 3241 524 3336 Corigia,
540 3241 702 3316 Gondulti
721 3241 766 3316 de
786 3244 956 3334 Fontuna,
973 3243 1111 3316 Petratii
1131 3241 1327 3332 Pasatalde,
1344 3241 1475 3314 Alberti
1490 3240 1536 3314 de
1552 3243 1684 3314 blonte·

262 3385 362 3456 coco,
378 3366 461 3438 Sani
479 3366 583 3440 Surdi
597 3375 632 3438 et
647 3366 791 3439 Iloolerii
804 3367 978 3440 Boneleoii
995 3367 1176 3440 consulum
1190 3365 1386 3438 communis
1403 3365 1586 3458 Placentie,
1601 3363 1683 3436 dicti

262 3489 424 3562 consules
442 3491 533 3564 circa
551 3489 719 3564 kalendas
737 3491 899 3562 februarii
918 3499 1099 3583 treuguam
1117 3512 1197 3563 cum
1221 3490 1465 3562 Parmensibus
1485 3497 1519 3562 et
1540 3489 1684 3562 Cremo-

262 3612 431 3685 nensibus
446 3614 625 3687 voluntate
637 3612 871 3708 quorumdum
891 3613 1063 3686 Placentie
1081 3614 1212 3686 civium
1228 3636 1268 3688 ao
1285 3614 1448 3686 conscilio
1463 3614 1684 3687 sacrementis

263 3733 501 3808 firmaverunt.
520 3737 651 3810 Verum
675 3737 757 3830 quia
776 3737 852 3832 ipsa
875 3747 1021 3829 treugua
1041 3737 1142 3832 [siue]
1162 3759 1332 3812 consensu
1348 3748 1383 3811 et
1403 3739 1580 3812 voluntete
1598 3739 1683 3812 ami·

263 3879 384 3930 corum
410 3868 606 3932 nostrorum
635 3859 823 3934 Mediolani
848 3870 883 3933 et
913 3862 1062 3935 civitatis
1087 3862 1259 3935 Placentie
1289 3863 1407 3958 populi
1437 3873 1472 3936 et
1499 3865 1685 3960 quamplu-

263 3981 391 4054 rimum
412 3981 583 4055 nobilium
609 3983 766 4074 ejusdem
792 3983 941 4058 civitatis
960 3985 1113 4059 virorum
1139 3987 1229 4058 lacta
1248 3987 1376 4078 iuerat,
1398 4008 1470 4082 quo
1485 3986 1532 4062 ad
1553 3989 1685 4086 obpro-

262 4102 377 4176 brium
397 4113 432 4178 ot
447 4103 691 4178 detrImentum
713 4105 866 4200 ejusdem
887 4105 1036 4180 civitatis
1052 4117 1086 4180 et
1106 4109 1296 4182 amicorum
1319 4119 1512 4184 nostrorum
1530 4121 1685 4208 spectare

305 4461 341 4535 (4)
361 4462 398 4520 Ie
410 4466 444 4520 49
459 4464 613 4537 septembre
625 4467 707 4538 4147,
721 4472 749 4523 et
761 4482 815 4524 non
827 4481 877 4541 pes
890 4469 970 4525 4146.

303 4558 342 4630 (2)
360 4558 450 4616 Otbon
465 4561 500 4617 lv
512 4567 619 4619 mourut
630 4563 656 4619 le
667 4566 702 4618 49
713 4563 767 4620 mai
781 4566 862 4622 ttts.

303 4654 339 4728 (3)
358 4656 379 4711 11
393 4657 471 4730 εἀςὴ
482 4673 581 4716 encore
598 4659 631 4716 iol
654 4660 688 4718 de
705 4661 809 4718 l’anneo
828 4665 912 4732 4248,
931 4668 959 4720 et
972 4678 1023 4737 pur
1044 4663 1236 4736 consequentil
1248 4679 1268 4738 y
1282 4679 1363 4724 aune
1374 4665 1448 4724 unite
1461 4665 1495 4724 do
1507 4671 1566 4742 trop
1579 4667 1646 4726 dane
1658 4667 1685 4726 la

268 4749 329 4807 duta
343 4749 405 4808 telle
416 4752 513 4824 qu'olle
524 4759 567 4810 est
578 4753 682 4812 Iournie
693 4772 742 4830 par
755 4757 780 4814 le
793 4757 949 4814 manuscrit.
