4594 6066
604 567 665 628 212
1085 565 1327 629 canonican
1352 566 1405 627 DF.
1429 567 1558 628 REBUS

602 703 705 791 catis,
726 701 772 774 de
790 701 926 796 scarpis
941 713 976 774 et
994 703 1112 775 multis
1128 703 1218 775 aliis.
1237 703 1280 774 Et
1301 703 1337 774 in
1355 702 1413 776 die
1427 704 1503 776 festi
1524 703 1642 778 Sancti
1663 702 1830 776 Antonini
1852 697 2022 799 proximi,

601 829 788 923 imperator
804 827 985 900 occasione
1004 829 1190 900 multorum
1206 827 1363 899 ossidum
1378 829 1500 900 Parme
1515 849 1605 922 quos
1622 827 1717 923 opud
1736 829 1911 901 civitatem
1924 830 2024 924 Regii

601 951 768 1040 habebut,
790 951 910 1022 statuit
928 950 1078 1044 dirigere
1096 939 1214 1045 regem
1230 951 1377 1022 Ennium
1394 973 1475 1024 cnm
1493 953 1642 1023 militum
1657 953 1822 1024 comitiva
1841 952 1889 1026 ad
1910 953 2024 1048 ipsam

600 1075 775 1147 civitatem
797 1073 905 1167 liegii.
927 1073 1030 1158 Quod
1050 1075 1193 1169 quidem
1211 1075 1368 1146 senciens
1386 1077 1427 1148 G.
1448 1074 1495 1148 de
1512 1067 1732 1170 Montelongo
1753 1077 1889 1168 legatus
1906 1076 2026 1148 statuit

600 1207 640 1271 ut
668 1219 783 1271 comes
809 1198 926 1270 Sancti
952 1199 1127 1270 Bonelacii
1157 1207 1192 1270 et
1222 1197 1330 1294 Opizo
1354 1198 1547 1293 lllalaspina
1577 1219 1658 1270 oum
1685 1219 1805 1271 eorum
1833 1197 2020 1288 militibus,

599 1322 766 1393 militibus
787 1341 928 1418 quoque
951 1320 1101 1394 duarum
1125 1331 1301 1417 portarum
1327 1314 1449 1394 Parme
1466 1331 1501 1394 et
1527 1322 1606 1393 aliis
1629 1322 1884 1415 equitatoribus
1907 1321 2024 1414 ipsum

598 1465 716 1539 regem
745 1443 909 1538 persequi
940 1441 1118 1516 deberent.
1147 1445 1233 1516 Cum
1261 1453 1377 1516 autem
1409 1444 1533 1517 milites
1560 1465 1682 1517 omnes
1712 1445 1775 1538 qoi
1805 1443 1852 1516 de
1882 1443 2025 1516 civitate

597 1568 719 1641 Parme
745 1568 904 1640 exierant
926 1567 1168 1664 persequendo
1199 1589 1316 1662 regem
1346 1569 1490 1640 luissent
1509 1565 1573 1664 (u)
1604 1568 1773 1642 desubtus
1800 1568 1861 1640 llll
1884 1567 2024 1640 castella

598 1693 827 1786 Reginorum,
848 1714 913 1764 rex
932 1692 1063 1764 Ennius
1088 1693 1252 1764 conscilio
1273 1693 1431 1787 llyzolini
1447 1702 1482 1765 et
1498 1693 1616 1765 Uberti
1635 1691 1823 1764 Pelaviciui
1843 1713 1925 1762 cnm
1948 1689 2024 1763 suis

596 1815 766 1887 militibus
791 1837 963 1909 equorum
987 1817 1099 1910 capita
1122 1838 1245 1888 versus
1267 1814 1273 1911 Ι
1296 1815 1453 1888 inimicos
1481 1825 1688 1906 erexerunt,
1707 1825 1742 1887 et
1766 1815 1857 1886 bello
1884 1815 2022 1909 incepto

595 1939 797 2011 Parmenses
825 1949 922 2033 terga
952 1949 1127 2011 vertentes
1156 1950 1191 2011 et
1221 1939 1343 2012 militie
1372 1939 1466 2032 regis
1490 1939 1585 2034 ipsos
1611 1939 1832 2032 insequentes
1859 1959 1922 2032 per
1949 1938 2022 2010 duo

594 2063 753 2135 milliaria
770 2063 858 2135 XLV
877 2063 1003 2134 milites
1023 2064 1144 2135 Parme
1163 2071 1198 2135 et
1215 2063 1277 2135 XV
1298 2063 1424 2136 milites
1450 2063 1623 2136 Placentie
1643 2071 1825 2158 oeperunt,
1847 2083 1937 2156 quos
1955 2083 2020 2134 rex

594 2185 723 2258 Encius
750 2185 896 2280 llegium
923 2185 1027 2258 duxit
1054 2197 1089 2259 et
1116 2187 1359 2278 incarceravit,
1385 2186 1514 2259 deinde
1541 2185 1712 2281 equitavit
1737 2187 1917 2260 Mutinam.
1945 2186 2021 2259 iliis

593 2310 723 2384 auditis
746 2311 791 2382 ab
809 2311 1034 2405 imperatore,
1061 2311 1175 2382 statim
1200 2333 1264 2384 sua
1287 2320 1399 2383 eastra
1419 2313 1524 2402 juxta
1548 2305 1724 2382 civitatem
1751 2309 1875 2380 Parme
1899 2308 2016 2380 finxit.

592 2435 726 2506 Interea
747 2435 951 2507 Fredericus
973 2435 1163 2528 Malaspiua
1186 2436 1222 2505 in
1245 2436 1437 2506 Lunexana
1456 2435 1652 2529 imperatori
1674 2433 1855 2506 rebellavit
1881 2442 1917 2505 et
1939 2455 2019 2506 cum

592 2558 794 2630 Beruabove
825 2557 898 2630 filio
925 2557 1086 2652 Opizouis
1115 2559 1298 2652 Malaspini
1327 2558 1471 2629 XXXlll
1502 2557 1629 2630 milites
1666 2557 1881 2651 imperatoris
1911 2557 2015 2651 cepit.

593 2682 658 2752 Die
685 2701 769 2752 vero
793 2681 870 2752 XVI
901 2681 1029 2752 mensis
1053 2681 1154 2774 julii,
1186 2701 1249 2752 rex
1272 2681 1405 2754 Encius
1426 2679 1562 2754 ossides
1584 2690 1618 2752 et
1643 2681 1799 2776 captivos
1828 2681 1891 2774 qui
1919 2693 2020 2752 erant

593 2801 689 2898 apud
712 2803 861 2895 Regium
878 2812 913 2874 et
927 2803 1093 2877 Mutinam
1114 2801 1162 2876 ad
1178 2804 1370 2876 exercitum
1395 2803 1615 2898 imperatoris
1635 2802 1805 2876 conduxit
1822 2825 1952 2897 eosque
1968 2805 2017 2876 ibi

593 2926 832 2998 incarceravit.
862 2925 997 2998 Deinde
1021 2948 1085 2998 rex
1109 2937 1249 3022 accepta
1269 2928 1417 2999 militum
1445 2927 1609 3000 comitiva
1625 2949 1707 3000 cnm
1731 2927 1859 3000 Uberto
1873 2928 2017 3000 Palavi-

593 3049 672 3121 cino
686 3039 855 3142 equitavit
872 3049 1064 3122 Berccdum
1082 3049 1129 3146 (t)
1147 3051 1273 3145 inquo
1294 3053 1369 3124 loco
1384 3060 1482 3123 orant
1495 3049 1547 3123 CC
1565 3049 1700 3145 pedites
1713 3048 1913 3122 Valdetarii.
1930 3051 2016 3123 Pre-

593 3182 687 3246 terea
703 3173 1000 3245 Pontremulenses
1020 3173 1103 3245 illuc
1117 3174 1153 3244 in
1172 3173 1432 3268 expeditionem
1449 3183 1639 3266 venerunt,
1662 3184 1698 3245 et
1714 3171 1796 3245 data
1813 3173 2016 3248 ossiditione

591 3293 823 3369 reddiderunt
843 3297 956 3368 locum
979 3297 1052 3392 regi
1072 3297 1247 3392 permissis
1270 3296 1422 3370 evadere
1444 3297 1600 3392 personis
1617 3318 1689 3391 quo
1707 3296 1744 3366 in
1767 3297 1881 3390 ipsum
1898 3297 2015 3369 locum

591 3420 817 3492 intraverunt.
848 3420 982 3493 Deinde
1006 3422 1177 3516 equitavit
1199 3421 1460 3494 Pontremnlum
1481 3421 1517 3492 in
1537 3441 1608 3515 quo
1629 3421 1814 3515 imperator
1836 3421 1918 3491 lecit
1939 3419 2014 3492 fieri

592 3541 823 3616 firmissimam
837 3545 1072 3617 fortitudinem
1086 3546 1171 3617 etin
1185 3546 1261 3640 ipso
1274 3566 1439 3638 maguum
1455 3545 1656 3617 thesaurum
1669 3553 1860 3639 possuerat.
1879 3543 2014 3616 Deinde

592 3667 759 3761 equitavit
780 3667 973 3740 Fillateram
994 3689 1101 3763 qnam
1120 3668 1293 3741 Bemabos
1315 3668 1454 3741 tenebat
1467 3678 1503 3740 et
1520 3669 1557 3739 in
1575 3669 1652 3762 ipso
1668 3669 1744 3741 loco
1761 3677 1862 3761 copto
1878 3666 2014 3742 Frede-

591 3789 685 3861 ricus
702 3789 893 3885 Malospina
918 3791 1035 3886 paruit
1056 3791 1229 3864 mundatis
1244 3791 1347 3886 regis.
1378 3790 1477 3863 Unde
1494 3785 1614 3887 operta
1632 3791 1698 3862 luit
1719 3791 1777 3864 via
1792 3790 1954 3864 euntibus
1976 3801 2013 3862 et

592 3910 819 3984 redeuntibus
849 3915 886 3985 in
915 3915 1112 3986 Sar-ranam.
1147 3914 1321 3987 Beruabos
1356 3923 1473 3986 autem
1504 3913 1541 3984 in
1571 3921 1722 3986 onstrnm
1758 3913 1855 4008 qnod
1884 3913 2012 3986 dicitnr

592 4038 768 4134 Groppnm
793 4039 908 4111 Sancti
930 4040 1019 4111 Petri
1045 4040 1182 4133 refugit.
1208 4039 1342 4113 Deinde
1365 4063 1429 4114 rex
1457 4034 1726 4112 Pou'tremnllum
1756 4049 1810 4112 est
1834 4061 2005 4117 reversus.

592 4163 890 4234 Pontremulenses
908 4163 1103 4256 congregati
1119 4183 1235 4235 coram
1251 4185 1332 4257 rege
1347 4162 1513 4237 dixerunt
1529 4189 1538 4237 ε
1559 4191 1577 4235 a
1597 4163 1795 4258 cognovisti
1809 4163 1845 4234 in
1859 4163 1945 4257 quid
1960 4161 2007 4257 (c)

594 4285 754 4377 domine,
784 4279 939 4358 amorem
962 4309 1067 4381 quem
1095 4288 1131 4358 in
1157 4287 1258 4360 vobis
1286 4289 1488 4361 babuimus.
1506 4317 1524 4356 u
1541 4289 1618 4373 Qua
1645 4297 1785 4384 propter
1808 4279 2004 4382 postulave-

634 4462 677 4544 (α)
699 4465 734 4524 In
746 4439 975 4541 oodlc'esoisscm
991 4467 1089 4540 potius
1104 4483 1192 4542 quom
1199 4463 1340 4544 fuissent.

634 4569 674 4650 (b)
696 4570 755 4632 Sic.
772 4570 907 4631 Forsitan
920 4578 1020 4631 tamen
1032 4569 1189 4633 Bercclum.

633 4677 671 4757 (c)
696 4677 764 4740 Vox
778 4685 916 4756 corrupto
928 4678 974 4740 vel
988 4676 1063 4738 male
1080 4679 1263 4754 transcripta.
