<?xml version="1.0" encoding="UTF-8"?>
<!DOCTYPE html PUBLIC "-//W3C//DTD XHTML 1.0 Transitional//EN"
    "http://www.w3.org/TR/xhtml1/DTD/xhtml1-transitional.dtd">
<html xmlns="http://www.w3.org/1999/xhtml" xml:lang="en" lang="en">
 <head>
  <title>
</title>
<meta http-equiv="Content-Type" content="text/html;charset=utf-8" />
  <meta name='ocr-system' content='tesseract 3.04.00' />
  <meta name='ocr-capabilities' content='ocr_page ocr_carea ocr_par ocr_line ocrx_word'/>
</head>
<body>
  <div class='ocr_page' id='page_1' title='image "./chroniconplacen00huilgoog_0171.png"; bbox 0 0 4534 6074; ppageno 0'>
   <div class='ocr_carea' id='block_1_1' title="bbox 600 617 1545 686">
    <p class='ocr_par' dir='ltr' id='par_1_1' title="bbox 600 617 1545 686">
     <span class='ocr_line' id='line_1_1' title="bbox 600 617 1545 686; baseline -0.001 -1"><span class='ocrx_word' id='word_1_1' title='bbox 600 622 659 686; x_wconf 76' lang='lat'><strong>112</strong></span> <span class='ocrx_word' id='word_1_2' title='bbox 1071 617 1313 680; x_wconf 81' lang='lat' dir='ltr'><strong>cltuolttcou</strong></span> <span class='ocrx_word' id='word_1_3' title='bbox 1339 621 1392 682; x_wconf 79' lang='lat' dir='ltr'><strong>llll</strong></span> <span class='ocrx_word' id='word_1_4' title='bbox 1416 623 1545 685; x_wconf 83' lang='lat' dir='ltr'><strong>REBUS</strong></span> 
     </span>
    </p>
   </div>
   <div class='ocr_carea' id='block_1_2' title="bbox 594 751 2020 1350">
    <p class='ocr_par' dir='ltr' id='par_1_2' title="bbox 594 751 2020 1350">
     <span class='ocr_line' id='line_1_2' title="bbox 595 751 2018 854; baseline 0.005 -22"><span class='ocrx_word' id='word_1_5' title='bbox 595 757 870 832; x_wconf 70' lang='lat' dir='ltr'><strong>Mediolanenses</strong></span> <span class='ocrx_word' id='word_1_6' title='bbox 883 776 925 828; x_wconf 89' lang='lat' dir='ltr'><strong>ea</strong></span> <span class='ocrx_word' id='word_1_7' title='bbox 939 752 998 827; x_wconf 92' lang='lat' dir='ltr'><strong>die</strong></span> <span class='ocrx_word' id='word_1_8' title='bbox 1010 751 1107 848; x_wconf 90' lang='lat' dir='ltr'><strong>quod</strong></span> <span class='ocrx_word' id='word_1_9' title='bbox 1117 763 1258 850; x_wconf 86' lang='lat' dir='ltr'><strong>possent</strong></span> <span class='ocrx_word' id='word_1_10' title='bbox 1270 754 1469 830; x_wconf 89' lang='lat' dir='ltr'><strong>Boehmitae</strong></span> <span class='ocrx_word' id='word_1_11' title='bbox 1484 776 1661 852; x_wconf 84' lang='lat' dir='ltr'><strong>superare,</strong></span> <span class='ocrx_word' id='word_1_12' title='bbox 1671 761 1757 854; x_wconf 89' lang='lat' dir='ltr'><strong>quia</strong></span> <span class='ocrx_word' id='word_1_13' title='bbox 1772 773 1885 835; x_wconf 87' lang='lat' dir='ltr'><strong>eastra</strong></span> <span class='ocrx_word' id='word_1_14' title='bbox 1899 786 2018 838; x_wconf 86' lang='lat' dir='ltr'><strong>eorum</strong></span> 
     </span>
     <span class='ocr_line' id='line_1_3' title="bbox 594 878 2020 974; baseline 0.004 -19"><span class='ocrx_word' id='word_1_15' title='bbox 594 881 756 956; x_wconf 87' lang='lat' dir='ltr'><strong>acastris</strong></span> <span class='ocrx_word' id='word_1_16' title='bbox 772 903 892 952; x_wconf 90' lang='lat' dir='ltr'><strong>eorum</strong></span> <span class='ocrx_word' id='word_1_17' title='bbox 919 887 1016 952; x_wconf 88' lang='lat' dir='ltr'><strong>erant</strong></span> <span class='ocrx_word' id='word_1_18' title='bbox 1033 887 1205 974; x_wconf 89' lang='lat' dir='ltr'><strong>separata.</strong></span> <span class='ocrx_word' id='word_1_19' title='bbox 1223 878 1362 971; x_wconf 79' lang='lat' dir='ltr'><strong>Egressi</strong></span> <span class='ocrx_word' id='word_1_20' title='bbox 1392 879 1437 953; x_wconf 90' lang='lat' dir='ltr'><strong>de</strong></span> <span class='ocrx_word' id='word_1_21' title='bbox 1466 881 1610 954; x_wconf 86' lang='lat' dir='ltr'><strong>civitate</strong></span> <span class='ocrx_word' id='word_1_22' title='bbox 1632 883 1836 958; x_wconf 86' lang='lat' dir='ltr'><strong>mirabiliter</strong></span> <span class='ocrx_word' id='word_1_23' title='bbox 1863 908 1945 958; x_wconf 86' lang='lat' dir='ltr'><strong>eum</strong></span> <span class='ocrx_word' id='word_1_24' title='bbox 1969 888 2020 962; x_wconf 86' lang='lat' dir='ltr'><strong>eis</strong></span> 
     </span>
     <span class='ocr_line' id='line_1_4' title="bbox 595 1001 2019 1106; baseline 0.004 -30"><span class='ocrx_word' id='word_1_25' title='bbox 595 1007 850 1101; x_wconf 80' lang='lat' dir='ltr'><strong>preliaverunt,</strong></span> <span class='ocrx_word' id='word_1_26' title='bbox 870 1001 1020 1076; x_wconf 91' lang='lat' dir='ltr'><strong>etmulti</strong></span> <span class='ocrx_word' id='word_1_27' title='bbox 1045 1001 1091 1076; x_wconf 88' lang='lat' dir='ltr'><strong>ab</strong></span> <span class='ocrx_word' id='word_1_28' title='bbox 1116 1011 1265 1096; x_wconf 88' lang='lat' dir='ltr'><strong>utraque</strong></span> <span class='ocrx_word' id='word_1_29' title='bbox 1289 1013 1385 1095; x_wconf 90' lang='lat' dir='ltr'><strong>parte</strong></span> <span class='ocrx_word' id='word_1_30' title='bbox 1399 1004 1526 1076; x_wconf 92' lang='lat' dir='ltr'><strong>mortui</strong></span> <span class='ocrx_word' id='word_1_31' title='bbox 1545 1014 1580 1077; x_wconf 91' lang='lat' dir='ltr'><strong>et</strong></span> <span class='ocrx_word' id='word_1_32' title='bbox 1597 1005 1770 1080; x_wconf 91' lang='lat' dir='ltr'><strong>vulnerati</strong></span> <span class='ocrx_word' id='word_1_33' title='bbox 1792 1019 1886 1081; x_wconf 74' lang='lat' dir='ltr'><strong>sunt</strong></span> <span class='ocrx_word' id='word_1_34' title='bbox 1903 1013 2019 1106; x_wconf 88' lang='lat' dir='ltr'><strong>lmpe·</strong></span> 
     </span>
     <span class='ocr_line' id='line_1_5' title="bbox 595 1125 2016 1223; baseline 0.005 -23"><span class='ocrx_word' id='word_1_35' title='bbox 595 1139 708 1203; x_wconf 78' lang='lat' dir='ltr'><strong>satore</strong></span> <span class='ocrx_word' id='word_1_36' title='bbox 723 1139 840 1202; x_wconf 89' lang='lat' dir='ltr'><strong>autem</strong></span> <span class='ocrx_word' id='word_1_37' title='bbox 863 1149 943 1200; x_wconf 92' lang='lat' dir='ltr'><strong>eum</strong></span> <span class='ocrx_word' id='word_1_38' title='bbox 968 1147 1034 1200; x_wconf 87' lang='lat' dir='ltr'><strong>suo</strong></span> <span class='ocrx_word' id='word_1_39' title='bbox 1061 1125 1217 1198; x_wconf 83' lang='lat' dir='ltr'><strong>exercitu</strong></span> <span class='ocrx_word' id='word_1_40' title='bbox 1245 1125 1473 1215; x_wconf 81' lang='lat' dir='ltr'><strong>adveniente,</strong></span> <span class='ocrx_word' id='word_1_41' title='bbox 1492 1129 1641 1223; x_wconf 76' lang='lat' dir='ltr'><strong>regressi</strong></span> <span class='ocrx_word' id='word_1_42' title='bbox 1669 1141 1753 1204; x_wconf 91' lang='lat' dir='ltr'><strong>sunt</strong></span> <span class='ocrx_word' id='word_1_43' title='bbox 1770 1133 1806 1204; x_wconf 92' lang='lat' dir='ltr'><strong>in</strong></span> <span class='ocrx_word' id='word_1_44' title='bbox 1826 1133 2016 1209; x_wconf 82' lang='lat' dir='ltr'><strong>civitatem.</strong></span> 
     </span>
     <span class='ocr_line' id='line_1_6' title="bbox 594 1246 2020 1350; baseline 0.004 -23"><span class='ocrx_word' id='word_1_45' title='bbox 594 1252 664 1327; x_wconf 89' lang='lat' dir='ltr'><strong>Sed</strong></span> <span class='ocrx_word' id='word_1_46' title='bbox 698 1251 803 1324; x_wconf 88' lang='lat' dir='ltr'><strong>turris</strong></span> <span class='ocrx_word' id='word_1_47' title='bbox 838 1250 991 1348; x_wconf 87' lang='lat' dir='ltr'><strong>quedam</strong></span> <span class='ocrx_word' id='word_1_48' title='bbox 1026 1246 1175 1320; x_wconf 88' lang='lat' dir='ltr'><strong>mirabili</strong></span> <span class='ocrx_word' id='word_1_49' title='bbox 1203 1247 1308 1322; x_wconf 87' lang='lat' dir='ltr'><strong>modo</strong></span> <span class='ocrx_word' id='word_1_50' title='bbox 1338 1260 1533 1326; x_wconf 83' lang='lat' dir='ltr'><strong>constructa</strong></span> <span class='ocrx_word' id='word_1_51' title='bbox 1565 1261 1639 1326; x_wconf 81' lang='lat' dir='ltr'><strong>erat</strong></span> <span class='ocrx_word' id='word_1_52' title='bbox 1669 1255 1705 1324; x_wconf 92' lang='lat' dir='ltr'><strong>in</strong></span> <span class='ocrx_word' id='word_1_53' title='bbox 1733 1255 1792 1328; x_wconf 85' lang='lat' dir='ltr'><strong>via</strong></span> <span class='ocrx_word' id='word_1_54' title='bbox 1819 1279 1890 1350; x_wconf 89' lang='lat' dir='ltr'><strong>que</strong></span> <span class='ocrx_word' id='word_1_55' title='bbox 1921 1259 2020 1332; x_wconf 81' lang='lat' dir='ltr'><strong>radit</strong></span> 
     </span>
    </p>
   </div>
   <div class='ocr_carea' id='block_1_3' title="bbox 594 1373 2022 4319">
    <p class='ocr_par' dir='ltr' id='par_1_3' title="bbox 594 1373 2022 4319">
     <span class='ocr_line' id='line_1_7' title="bbox 594 1373 2020 1474; baseline 0.004 -24"><span class='ocrx_word' id='word_1_56' title='bbox 594 1376 837 1470; x_wconf 80' lang='lat' dir='ltr'><strong>Melegnunum</strong></span> <span class='ocrx_word' id='word_1_57' title='bbox 855 1383 935 1448; x_wconf 88' lang='lat' dir='ltr'><strong>ante</strong></span> <span class='ocrx_word' id='word_1_58' title='bbox 952 1381 1085 1470; x_wconf 83' lang='lat' dir='ltr'><strong>portam</strong></span> <span class='ocrx_word' id='word_1_59' title='bbox 1111 1373 1302 1446; x_wconf 80' lang='lat' dir='ltr'><strong>Romanam</strong></span> <span class='ocrx_word' id='word_1_60' title='bbox 1318 1375 1422 1466; x_wconf 84' lang='lat' dir='ltr'><strong>juxta</strong></span> <span class='ocrx_word' id='word_1_61' title='bbox 1445 1374 1588 1448; x_wconf 89' lang='lat' dir='ltr'><strong>domum</strong></span> <span class='ocrx_word' id='word_1_62' title='bbox 1607 1376 1841 1471; x_wconf 87' lang='lat' dir='ltr'><strong>infirmorum,</strong></span> <span class='ocrx_word' id='word_1_63' title='bbox 1862 1403 1933 1474; x_wconf 87' lang='lat' dir='ltr'><strong>que</strong></span> <span class='ocrx_word' id='word_1_64' title='bbox 1958 1403 2020 1456; x_wconf 88' lang='lat' dir='ltr'><strong>vo·</strong></span> 
     </span>
     <span class='ocr_line' id='line_1_8' title="bbox 594 1495 2016 1595; baseline 0.001 -21"><span class='ocrx_word' id='word_1_65' title='bbox 594 1501 740 1574; x_wconf 80' lang='lat' dir='ltr'><strong>eabatm</strong></span> <span class='ocrx_word' id='word_1_66' title='bbox 770 1497 905 1572; x_wconf 79' lang='lat' dir='ltr'><strong>Arohne</strong></span> <span class='ocrx_word' id='word_1_67' title='bbox 931 1499 1108 1572; x_wconf 85' lang='lat' dir='ltr'><strong>Romanus</strong></span> <span class='ocrx_word' id='word_1_68' title='bbox 1135 1517 1245 1592; x_wconf 91' lang='lat' dir='ltr'><strong>quum</strong></span> <span class='ocrx_word' id='word_1_69' title='bbox 1270 1495 1321 1594; x_wconf 84' lang='lat' dir='ltr'><strong>(a)</strong></span> <span class='ocrx_word' id='word_1_70' title='bbox 1345 1509 1495 1594; x_wconf 88' lang='lat' dir='ltr'><strong>quatuor</strong></span> <span class='ocrx_word' id='word_1_71' title='bbox 1521 1499 1648 1574; x_wconf 83' lang='lat' dir='ltr'><strong>archus</strong></span> <span class='ocrx_word' id='word_1_72' title='bbox 1675 1502 1821 1576; x_wconf 82' lang='lat' dir='ltr'><strong>interius</strong></span> <span class='ocrx_word' id='word_1_73' title='bbox 1846 1503 2016 1595; x_wconf 86' lang='lat' dir='ltr'><strong>habebat,</strong></span> 
     </span>
     <span class='ocr_line' id='line_1_9' title="bbox 594 1620 2019 1724; baseline 0.004 -26"><span class='ocrx_word' id='word_1_74' title='bbox 594 1635 629 1698; x_wconf 90' lang='lat' dir='ltr'><strong>et</strong></span> <span class='ocrx_word' id='word_1_75' title='bbox 646 1623 828 1696; x_wconf 87' lang='lat' dir='ltr'><strong>dicebatur</strong></span> <span class='ocrx_word' id='word_1_76' title='bbox 843 1621 942 1717; x_wconf 90' lang='lat' dir='ltr'><strong>quod</strong></span> <span class='ocrx_word' id='word_1_77' title='bbox 958 1621 1104 1694; x_wconf 85' lang='lat' dir='ltr'><strong>Romani</strong></span> <span class='ocrx_word' id='word_1_78' title='bbox 1116 1620 1260 1715; x_wconf 91' lang='lat' dir='ltr'><strong>quando</strong></span> <span class='ocrx_word' id='word_1_79' title='bbox 1276 1623 1554 1716; x_wconf 79' lang='lat' dir='ltr'><strong>subjugaverunt</strong></span> <span class='ocrx_word' id='word_1_80' title='bbox 1572 1625 1808 1700; x_wconf 85' lang='lat' dir='ltr'><strong>Mediolanum</strong></span> <span class='ocrx_word' id='word_1_81' title='bbox 1826 1629 1863 1700; x_wconf 94' lang='lat' dir='ltr'><strong>in</strong></span> <span class='ocrx_word' id='word_1_82' title='bbox 1880 1631 2019 1724; x_wconf 77' lang='lat' dir='ltr'><strong>signum</strong></span> 
     </span>
     <span class='ocr_line' id='line_1_10' title="bbox 595 1743 2021 1848; baseline 0.001 -26"><span class='ocrx_word' id='word_1_83' title='bbox 595 1749 739 1822; x_wconf 84' lang='lat' dir='ltr'><strong>vintoris</strong></span> <span class='ocrx_word' id='word_1_84' title='bbox 755 1769 875 1820; x_wconf 93' lang='lat' dir='ltr'><strong>eorum</strong></span> <span class='ocrx_word' id='word_1_85' title='bbox 893 1743 1179 1820; x_wconf 84' lang='lat' dir='ltr'><strong>hedificaverunt.</strong></span> <span class='ocrx_word' id='word_1_86' title='bbox 1197 1745 1309 1830; x_wconf 86' lang='lat' dir='ltr'><strong>Quam</strong></span> <span class='ocrx_word' id='word_1_87' title='bbox 1329 1757 1458 1819; x_wconf 87' lang='lat' dir='ltr'><strong>turrem</strong></span> <span class='ocrx_word' id='word_1_88' title='bbox 1474 1746 1748 1823; x_wconf 81' lang='lat' dir='ltr'><strong>Mediolanenses</strong></span> <span class='ocrx_word' id='word_1_89' title='bbox 1770 1761 2021 1848; x_wconf 88' lang='lat' dir='ltr'><strong>proposuerant</strong></span> 
     </span>
     <span class='ocr_line' id='line_1_11' title="bbox 594 1868 2020 1971; baseline 0.004 -27"><span class='ocrx_word' id='word_1_90' title='bbox 594 1883 820 1946; x_wconf 89' lang='lat' dir='ltr'><strong>manutenere</strong></span> <span class='ocrx_word' id='word_1_91' title='bbox 835 1880 870 1944; x_wconf 91' lang='lat' dir='ltr'><strong>et</strong></span> <span class='ocrx_word' id='word_1_92' title='bbox 887 1869 1073 1944; x_wconf 82' lang='lat' dir='ltr'><strong>defendere</strong></span> <span class='ocrx_word' id='word_1_93' title='bbox 1094 1879 1129 1942; x_wconf 90' lang='lat' dir='ltr'><strong>et</strong></span> <span class='ocrx_word' id='word_1_94' title='bbox 1144 1868 1339 1942; x_wconf 78' lang='lat' dir='ltr'><strong>custodiam</strong></span> <span class='ocrx_word' id='word_1_95' title='bbox 1361 1869 1397 1940; x_wconf 94' lang='lat' dir='ltr'><strong>in</strong></span> <span class='ocrx_word' id='word_1_96' title='bbox 1421 1891 1498 1944; x_wconf 87' lang='lat' dir='ltr'><strong>eam</strong></span> <span class='ocrx_word' id='word_1_97' title='bbox 1520 1881 1723 1967; x_wconf 87' lang='lat' dir='ltr'><strong>posuerunt.</strong></span> <span class='ocrx_word' id='word_1_98' title='bbox 1739 1872 1810 1946; x_wconf 91' lang='lat' dir='ltr'><strong>Sed</strong></span> <span class='ocrx_word' id='word_1_99' title='bbox 1835 1875 1930 1949; x_wconf 90' lang='lat' dir='ltr'><strong>bello</strong></span> <span class='ocrx_word' id='word_1_100' title='bbox 1950 1897 2020 1971; x_wconf 94' lang='lat' dir='ltr'><strong>pu-</strong></span> 
     </span>
     <span class='ocr_line' id='line_1_12' title="bbox 595 1992 2021 2096; baseline 0.003 -26"><span class='ocrx_word' id='word_1_101' title='bbox 595 1997 684 2070; x_wconf 89' lang='lat' dir='ltr'><strong>blioe</strong></span> <span class='ocrx_word' id='word_1_102' title='bbox 703 1996 748 2068; x_wconf 92' lang='lat' dir='ltr'><strong>ab</strong></span> <span class='ocrx_word' id='word_1_103' title='bbox 767 1996 972 2090; x_wconf 83' lang='lat' dir='ltr'><strong>imperatore</strong></span> <span class='ocrx_word' id='word_1_104' title='bbox 996 1993 1147 2089; x_wconf 92' lang='lat' dir='ltr'><strong>inoepto‚</strong></span> <span class='ocrx_word' id='word_1_105' title='bbox 1169 1992 1255 2067; x_wconf 91' lang='lat' dir='ltr'><strong>dnm</strong></span> <span class='ocrx_word' id='word_1_106' title='bbox 1279 2005 1540 2090; x_wconf 81' lang='lat' dir='ltr'><strong>oppugnaretur</strong></span> <span class='ocrx_word' id='word_1_107' title='bbox 1563 2005 1663 2092; x_wconf 90' lang='lat' dir='ltr'><strong>porta</strong></span> <span class='ocrx_word' id='word_1_108' title='bbox 1685 1996 1838 2070; x_wconf 84' lang='lat' dir='ltr'><strong>Romana</strong></span> <span class='ocrx_word' id='word_1_109' title='bbox 1863 2009 1899 2072; x_wconf 90' lang='lat' dir='ltr'><strong>et</strong></span> <span class='ocrx_word' id='word_1_110' title='bbox 1921 2011 2021 2096; x_wconf 92' lang='lat' dir='ltr'><strong>portu</strong></span> 
     </span>
     <span class='ocr_line' id='line_1_13' title="bbox 595 2117 2020 2218; baseline 0.004 -27"><span class='ocrx_word' id='word_1_111' title='bbox 595 2121 724 2208; x_wconf 79' lang='lat' dir='ltr'><strong>tonsa,</strong></span> <span class='ocrx_word' id='word_1_112' title='bbox 748 2119 810 2214; x_wconf 88' lang='lat' dir='ltr'><strong>qui</strong></span> <span class='ocrx_word' id='word_1_113' title='bbox 837 2119 948 2213; x_wconf 88' lang='lat' dir='ltr'><strong>ipsum</strong></span> <span class='ocrx_word' id='word_1_114' title='bbox 972 2126 1101 2190; x_wconf 90' lang='lat' dir='ltr'><strong>turrem</strong></span> <span class='ocrx_word' id='word_1_115' title='bbox 1126 2117 1370 2192; x_wconf 86' lang='lat' dir='ltr'><strong>custodiebant</strong></span> <span class='ocrx_word' id='word_1_116' title='bbox 1384 2119 1507 2192; x_wconf 90' lang='lat' dir='ltr'><strong>timore</strong></span> <span class='ocrx_word' id='word_1_117' title='bbox 1522 2119 1694 2215; x_wconf 88' lang='lat' dir='ltr'><strong>perterriti</strong></span> <span class='ocrx_word' id='word_1_118' title='bbox 1708 2121 1801 2194; x_wconf 85' lang='lat' dir='ltr'><strong>illam</strong></span> <span class='ocrx_word' id='word_1_119' title='bbox 1820 2122 2020 2218; x_wconf 91' lang='lat' dir='ltr'><strong>imperatori</strong></span> 
     </span>
     <span class='ocr_line' id='line_1_14' title="bbox 595 2241 2019 2334; baseline 0.004 -19"><span class='ocrx_word' id='word_1_120' title='bbox 595 2243 838 2334; x_wconf 87' lang='lat' dir='ltr'><strong>reddiderunt,</strong></span> <span class='ocrx_word' id='word_1_121' title='bbox 853 2251 888 2316; x_wconf 89' lang='lat' dir='ltr'><strong>et</strong></span> <span class='ocrx_word' id='word_1_122' title='bbox 904 2243 951 2316; x_wconf 91' lang='lat' dir='ltr'><strong>de</strong></span> <span class='ocrx_word' id='word_1_123' title='bbox 967 2241 1035 2314; x_wconf 88' lang='lat' dir='ltr'><strong>hoc</strong></span> <span class='ocrx_word' id='word_1_124' title='bbox 1049 2242 1245 2314; x_wconf 81' lang='lat' dir='ltr'><strong>maximum</strong></span> <span class='ocrx_word' id='word_1_125' title='bbox 1261 2241 1537 2316; x_wconf 84' lang='lat' dir='ltr'><strong>Mediolanenses</strong></span> <span class='ocrx_word' id='word_1_126' title='bbox 1554 2243 1710 2318; x_wconf 88' lang='lat' dir='ltr'><strong>timorem</strong></span> <span class='ocrx_word' id='word_1_127' title='bbox 1729 2243 1939 2318; x_wconf 85' lang='lat' dir='ltr'><strong>habuerunt.</strong></span> <span class='ocrx_word' id='word_1_128' title='bbox 1950 2249 2019 2320; x_wconf 91' lang='lat' dir='ltr'><strong>lm·</strong></span> 
     </span>
     <span class='ocr_line' id='line_1_15' title="bbox 595 2365 2020 2464; baseline 0.001 -23"><span class='ocrx_word' id='word_1_129' title='bbox 595 2377 733 2463; x_wconf 90' lang='lat' dir='ltr'><strong>perator</strong></span> <span class='ocrx_word' id='word_1_130' title='bbox 749 2368 840 2438; x_wconf 91' lang='lat' dir='ltr'><strong>illioo</strong></span> <span class='ocrx_word' id='word_1_131' title='bbox 858 2387 963 2461; x_wconf 87' lang='lat' dir='ltr'><strong>super</strong></span> <span class='ocrx_word' id='word_1_132' title='bbox 978 2387 1020 2438; x_wconf 86' lang='lat' dir='ltr'><strong>ea</strong></span> <span class='ocrx_word' id='word_1_133' title='bbox 1038 2365 1233 2460; x_wconf 88' lang='lat' dir='ltr'><strong>prederiam</strong></span> <span class='ocrx_word' id='word_1_134' title='bbox 1251 2365 1326 2438; x_wconf 88' lang='lat' dir='ltr'><strong>fieri</strong></span> <span class='ocrx_word' id='word_1_135' title='bbox 1351 2366 1431 2438; x_wconf 86' lang='lat' dir='ltr'><strong>iecit</strong></span> <span class='ocrx_word' id='word_1_136' title='bbox 1451 2377 1488 2438; x_wconf 85' lang='lat' dir='ltr'><strong>et</strong></span> <span class='ocrx_word' id='word_1_137' title='bbox 1511 2387 1592 2438; x_wconf 88' lang='lat' dir='ltr'><strong>oum</strong></span> <span class='ocrx_word' id='word_1_138' title='bbox 1610 2367 1670 2440; x_wconf 90' lang='lat' dir='ltr'><strong>illa</strong></span> <span class='ocrx_word' id='word_1_139' title='bbox 1686 2367 1845 2462; x_wconf 89' lang='lat' dir='ltr'><strong>prederia</strong></span> <span class='ocrx_word' id='word_1_140' title='bbox 1863 2369 1941 2442; x_wconf 91' lang='lat' dir='ltr'><strong>illos</strong></span> <span class='ocrx_word' id='word_1_141' title='bbox 1957 2371 2020 2464; x_wconf 90' lang='lat' dir='ltr'><strong>qui</strong></span> 
     </span>
     <span class='ocr_line' id='line_1_16' title="bbox 595 2485 2020 2586; baseline 0 -22"><span class='ocrx_word' id='word_1_142' title='bbox 595 2500 693 2564; x_wconf 89' lang='lat' dir='ltr'><strong>erant</strong></span> <span class='ocrx_word' id='word_1_143' title='bbox 707 2491 742 2562; x_wconf 91' lang='lat' dir='ltr'><strong>in</strong></span> <span class='ocrx_word' id='word_1_144' title='bbox 760 2491 902 2564; x_wconf 86' lang='lat' dir='ltr'><strong>civitate</strong></span> <span class='ocrx_word' id='word_1_145' title='bbox 918 2485 983 2586; x_wconf 89' lang='lat' dir='ltr'><strong>[in]</strong></span> <span class='ocrx_word' id='word_1_146' title='bbox 998 2489 1137 2562; x_wconf 87' lang='lat' dir='ltr'><strong>castello</strong></span> <span class='ocrx_word' id='word_1_147' title='bbox 1151 2487 1270 2581; x_wconf 80' lang='lat' dir='ltr'><strong>ligneo</strong></span> <span class='ocrx_word' id='word_1_148' title='bbox 1285 2487 1381 2582; x_wconf 94' lang='lat' dir='ltr'><strong>quod</strong></span> <span class='ocrx_word' id='word_1_149' title='bbox 1402 2497 1476 2560; x_wconf 89' lang='lat' dir='ltr'><strong>erat</strong></span> <span class='ocrx_word' id='word_1_150' title='bbox 1498 2509 1603 2582; x_wconf 88' lang='lat' dir='ltr'><strong>super</strong></span> <span class='ocrx_word' id='word_1_151' title='bbox 1620 2498 1759 2583; x_wconf 87' lang='lat' dir='ltr'><strong>pontem</strong></span> <span class='ocrx_word' id='word_1_152' title='bbox 1778 2490 1896 2562; x_wconf 80' lang='lat' dir='ltr'><strong>fossati</strong></span> <span class='ocrx_word' id='word_1_153' title='bbox 1915 2493 2020 2584; x_wconf 75' lang='lat' dir='ltr'><strong>tuga-</strong></span> 
     </span>
     <span class='ocr_line' id='line_1_17' title="bbox 594 2613 2021 2707; baseline 0.001 -22"><span class='ocrx_word' id='word_1_154' title='bbox 594 2613 666 2686; x_wconf 89' lang='lat' dir='ltr'><strong>hat.</strong></span> <span class='ocrx_word' id='word_1_155' title='bbox 685 2613 755 2687; x_wconf 90' lang='lat' dir='ltr'><strong>Sed</strong></span> <span class='ocrx_word' id='word_1_156' title='bbox 777 2613 1052 2688; x_wconf 89' lang='lat' dir='ltr'><strong>Mediolanenses</strong></span> <span class='ocrx_word' id='word_1_157' title='bbox 1069 2621 1187 2707; x_wconf 89' lang='lat' dir='ltr'><strong>postea</strong></span> <span class='ocrx_word' id='word_1_158' title='bbox 1205 2613 1363 2684; x_wconf 79' lang='lat' dir='ltr'><strong>focerunt</strong></span> <span class='ocrx_word' id='word_1_159' title='bbox 1389 2631 1495 2706; x_wconf 86' lang='lat' dir='ltr'><strong>super</strong></span> <span class='ocrx_word' id='word_1_160' title='bbox 1517 2621 1657 2706; x_wconf 82' lang='lat' dir='ltr'><strong>pontem</strong></span> <span class='ocrx_word' id='word_1_161' title='bbox 1682 2635 1852 2706; x_wconf 84' lang='lat' dir='ltr'><strong>onagrum</strong></span> <span class='ocrx_word' id='word_1_162' title='bbox 1877 2613 2021 2687; x_wconf 88' lang='lat' dir='ltr'><strong>mirabi-</strong></span> 
     </span>
     <span class='ocr_line' id='line_1_18' title="bbox 594 2732 2019 2833; baseline 0.001 -23"><span class='ocrx_word' id='word_1_163' title='bbox 594 2739 661 2811; x_wconf 90' lang='lat' dir='ltr'><strong>lem</strong></span> <span class='ocrx_word' id='word_1_164' title='bbox 679 2748 715 2810; x_wconf 89' lang='lat' dir='ltr'><strong>et</strong></span> <span class='ocrx_word' id='word_1_165' title='bbox 731 2760 812 2810; x_wconf 92' lang='lat' dir='ltr'><strong>oum</strong></span> <span class='ocrx_word' id='word_1_166' title='bbox 831 2739 908 2833; x_wconf 91' lang='lat' dir='ltr'><strong>ipso</strong></span> <span class='ocrx_word' id='word_1_167' title='bbox 926 2738 1103 2831; x_wconf 78' lang='lat' dir='ltr'><strong>fregerunt</strong></span> <span class='ocrx_word' id='word_1_168' title='bbox 1118 2735 1284 2831; x_wconf 88' lang='lat' dir='ltr'><strong>perticam</strong></span> <span class='ocrx_word' id='word_1_169' title='bbox 1302 2734 1397 2806; x_wconf 91' lang='lat' dir='ltr'><strong>illiue</strong></span> <span class='ocrx_word' id='word_1_170' title='bbox 1410 2732 1570 2830; x_wconf 89' lang='lat' dir='ltr'><strong>prederie</strong></span> <span class='ocrx_word' id='word_1_171' title='bbox 1585 2756 1655 2830; x_wconf 92' lang='lat' dir='ltr'><strong>que</strong></span> <span class='ocrx_word' id='word_1_172' title='bbox 1678 2743 1754 2809; x_wconf 89' lang='lat' dir='ltr'><strong>erat</strong></span> <span class='ocrx_word' id='word_1_173' title='bbox 1768 2757 1873 2832; x_wconf 90' lang='lat' dir='ltr'><strong>super</strong></span> <span class='ocrx_word' id='word_1_174' title='bbox 1890 2747 2019 2811; x_wconf 87' lang='lat' dir='ltr'><strong>turrem</strong></span> 
     </span>
     <span class='ocr_line' id='line_1_19' title="bbox 595 2858 2021 2956; baseline -0.001 -20"><span class='ocrx_word' id='word_1_175' title='bbox 595 2873 630 2936; x_wconf 89' lang='lat' dir='ltr'><strong>et</strong></span> <span class='ocrx_word' id='word_1_176' title='bbox 657 2863 733 2936; x_wconf 90' lang='lat' dir='ltr'><strong>illos</strong></span> <span class='ocrx_word' id='word_1_177' title='bbox 759 2861 821 2956; x_wconf 89' lang='lat' dir='ltr'><strong>qui</strong></span> <span class='ocrx_word' id='word_1_178' title='bbox 848 2871 946 2934; x_wconf 90' lang='lat' dir='ltr'><strong>erant</strong></span> <span class='ocrx_word' id='word_1_179' title='bbox 972 2863 1008 2934; x_wconf 92' lang='lat' dir='ltr'><strong>in</strong></span> <span class='ocrx_word' id='word_1_180' title='bbox 1038 2860 1149 2956; x_wconf 90' lang='lat' dir='ltr'><strong>ipsam</strong></span> <span class='ocrx_word' id='word_1_181' title='bbox 1176 2870 1304 2932; x_wconf 90' lang='lat' dir='ltr'><strong>turrem</strong></span> <span class='ocrx_word' id='word_1_182' title='bbox 1329 2858 1542 2932; x_wconf 85' lang='lat' dir='ltr'><strong>descendere</strong></span> <span class='ocrx_word' id='word_1_183' title='bbox 1567 2869 1758 2954; x_wconf 76' lang='lat' dir='ltr'><strong>coegerunt</strong></span> <span class='ocrx_word' id='word_1_184' title='bbox 1776 2861 1837 2956; x_wconf 78' lang='lat' dir='ltr'><em>(b).</em></span> <span class='ocrx_word' id='word_1_185' title='bbox 1855 2862 1936 2934; x_wconf 88' lang='lat' dir='ltr'><strong>Post</strong></span> <span class='ocrx_word' id='word_1_186' title='bbox 1953 2863 2021 2936; x_wconf 88' lang='lat' dir='ltr'><strong>heo</strong></span> 
     </span>
     <span class='ocr_line' id='line_1_20' title="bbox 595 2983 2021 3082; baseline -0.003 -22"><span class='ocrx_word' id='word_1_187' title='bbox 595 2986 744 3082; x_wconf 90' lang='lat' dir='ltr'><strong>prelium</strong></span> <span class='ocrx_word' id='word_1_188' title='bbox 763 3007 928 3080; x_wconf 80' lang='lat' dir='ltr'><strong>magnum</strong></span> <span class='ocrx_word' id='word_1_189' title='bbox 944 2983 1129 3057; x_wconf 91' lang='lat' dir='ltr'><strong>iterumad</strong></span> <span class='ocrx_word' id='word_1_190' title='bbox 1148 2992 1284 3079; x_wconf 88' lang='lat' dir='ltr'><strong>portam</strong></span> <span class='ocrx_word' id='word_1_191' title='bbox 1307 2985 1496 3054; x_wconf 86' lang='lat' dir='ltr'><strong>llomunam</strong></span> <span class='ocrx_word' id='word_1_192' title='bbox 1520 2983 1565 3079; x_wconf 85' lang='lat' dir='ltr'><strong>(c)</strong></span> <span class='ocrx_word' id='word_1_193' title='bbox 1591 2985 1741 3056; x_wconf 91' lang='lat' dir='ltr'><strong>multum</strong></span> <span class='ocrx_word' id='word_1_194' title='bbox 1767 2985 1944 3057; x_wconf 86' lang='lat' dir='ltr'><strong>civitatem</strong></span> <span class='ocrx_word' id='word_1_195' title='bbox 1960 2985 2021 3056; x_wconf 91' lang='lat' dir='ltr'><strong>in·</strong></span> 
     </span>
     <span class='ocr_line' id='line_1_21' title="bbox 596 3108 2021 3206; baseline -0.002 -23"><span class='ocrx_word' id='word_1_196' title='bbox 596 3113 778 3200; x_wconf 83' lang='lat' dir='ltr'><strong>festantes,</strong></span> <span class='ocrx_word' id='word_1_197' title='bbox 798 3109 1011 3206; x_wconf 81' lang='lat' dir='ltr'><strong>projiciendo</strong></span> <span class='ocrx_word' id='word_1_198' title='bbox 1037 3118 1177 3204; x_wconf 93' lang='lat' dir='ltr'><strong>pontem</strong></span> <span class='ocrx_word' id='word_1_199' title='bbox 1201 3129 1367 3201; x_wconf 81' lang='lat' dir='ltr'><strong>maguum</strong></span> <span class='ocrx_word' id='word_1_200' title='bbox 1381 3117 1416 3178; x_wconf 93' lang='lat' dir='ltr'><strong>et</strong></span> <span class='ocrx_word' id='word_1_201' title='bbox 1432 3108 1587 3202; x_wconf 90' lang='lat' dir='ltr'><strong>amplum</strong></span> <span class='ocrx_word' id='word_1_202' title='bbox 1603 3129 1709 3202; x_wconf 88' lang='lat' dir='ltr'><strong>super</strong></span> <span class='ocrx_word' id='word_1_203' title='bbox 1727 3109 1854 3180; x_wconf 88' lang='lat' dir='ltr'><strong>ioesata</strong></span> <span class='ocrx_word' id='word_1_204' title='bbox 1872 3108 2021 3180; x_wconf 84' lang='lat' dir='ltr'><strong>civitatis</strong></span> 
     </span>
     <span class='ocr_line' id='line_1_22' title="bbox 596 3229 2020 3330; baseline -0.002 -23"><span class='ocrx_word' id='word_1_205' title='bbox 596 3257 660 3330; x_wconf 87' lang='lat' dir='ltr'><strong>per</strong></span> <span class='ocrx_word' id='word_1_206' title='bbox 690 3257 795 3330; x_wconf 92' lang='lat' dir='ltr'><strong>quem</strong></span> <span class='ocrx_word' id='word_1_207' title='bbox 822 3235 935 3306; x_wconf 88' lang='lat' dir='ltr'><strong>eonati</strong></span> <span class='ocrx_word' id='word_1_208' title='bbox 965 3241 1047 3306; x_wconf 90' lang='lat' dir='ltr'><strong>sunt</strong></span> <span class='ocrx_word' id='word_1_209' title='bbox 1080 3232 1208 3304; x_wconf 88' lang='lat' dir='ltr'><strong>intrare</strong></span> <span class='ocrx_word' id='word_1_210' title='bbox 1226 3231 1420 3314; x_wconf 68' lang='lat' dir='ltr'><strong>civitatem</strong></span> <span class='ocrx_word' id='word_1_211' title='bbox 1442 3251 1548 3322; x_wconf 90' lang='lat' dir='ltr'><strong>quem</strong></span> <span class='ocrx_word' id='word_1_212' title='bbox 1575 3238 1715 3324; x_wconf 90' lang='lat' dir='ltr'><strong>pontem</strong></span> <span class='ocrx_word' id='word_1_213' title='bbox 1744 3229 2020 3304; x_wconf 83' lang='lat' dir='ltr'><strong>Mediolanenses</strong></span> 
     </span>
     <span class='ocr_line' id='line_1_23' title="bbox 597 3351 2021 3452; baseline -0.004 -21"><span class='ocrx_word' id='word_1_214' title='bbox 597 3359 879 3446; x_wconf 83' lang='lat' dir='ltr'><strong>comburrentee‚</strong></span> <span class='ocrx_word' id='word_1_215' title='bbox 911 3357 1137 3452; x_wconf 87' lang='lat' dir='ltr'><strong>quamplures</strong></span> <span class='ocrx_word' id='word_1_216' title='bbox 1165 3353 1439 3428; x_wconf 81' lang='lat' dir='ltr'><strong>extrinsecorum</strong></span> <span class='ocrx_word' id='word_1_217' title='bbox 1467 3353 1503 3424; x_wconf 94' lang='lat' dir='ltr'><strong>in</strong></span> <span class='ocrx_word' id='word_1_218' title='bbox 1536 3351 1676 3424; x_wconf 83' lang='lat' dir='ltr'><strong>civitate</strong></span> <span class='ocrx_word' id='word_1_219' title='bbox 1707 3351 1917 3426; x_wconf 81' lang='lat' dir='ltr'><strong>clauserunt.</strong></span> <span class='ocrx_word' id='word_1_220' title='bbox 1951 3352 2021 3426; x_wconf 80' lang='lat' dir='ltr'><strong>Alii</strong></span> 
     </span>
     <span class='ocr_line' id='line_1_24' title="bbox 597 3476 2016 3575; baseline -0.003 -21"><span class='ocrx_word' id='word_1_221' title='bbox 597 3485 708 3558; x_wconf 85' lang='lat' dir='ltr'><strong>necati</strong></span> <span class='ocrx_word' id='word_1_222' title='bbox 724 3485 760 3556; x_wconf 92' lang='lat' dir='ltr'><strong>in</strong></span> <span class='ocrx_word' id='word_1_223' title='bbox 775 3485 916 3572; x_wconf 79' lang='lat' dir='ltr'><strong>fossato,</strong></span> <span class='ocrx_word' id='word_1_224' title='bbox 935 3480 994 3556; x_wconf 90' lang='lat' dir='ltr'><strong>alii</strong></span> <span class='ocrx_word' id='word_1_225' title='bbox 1013 3477 1167 3575; x_wconf 82' lang='lat' dir='ltr'><strong>oppressi</strong></span> <span class='ocrx_word' id='word_1_226' title='bbox 1182 3499 1203 3550; x_wconf 89' lang='lat' dir='ltr'><strong>a</strong></span> <span class='ocrx_word' id='word_1_227' title='bbox 1220 3477 1323 3550; x_wconf 89' lang='lat' dir='ltr'><strong>turba</strong></span> <span class='ocrx_word' id='word_1_228' title='bbox 1339 3497 1419 3548; x_wconf 89' lang='lat' dir='ltr'><strong>eum</strong></span> <span class='ocrx_word' id='word_1_229' title='bbox 1434 3476 1601 3550; x_wconf 87' lang='lat' dir='ltr'><strong>iutrarent</strong></span> <span class='ocrx_word' id='word_1_230' title='bbox 1613 3485 1747 3571; x_wconf 83' lang='lat' dir='ltr'><strong>portam</strong></span> <span class='ocrx_word' id='word_1_231' title='bbox 1770 3476 1897 3550; x_wconf 89' lang='lat' dir='ltr'><strong>mortui</strong></span> <span class='ocrx_word' id='word_1_232' title='bbox 1922 3488 2016 3552; x_wconf 88' lang='lat' dir='ltr'><strong>suut.</strong></span> 
     </span>
     <span class='ocr_line' id='line_1_25' title="bbox 597 3597 2020 3700; baseline -0.003 -22"><span class='ocrx_word' id='word_1_233' title='bbox 597 3607 683 3678; x_wconf 91' lang='lat' dir='ltr'><strong>Cum</strong></span> <span class='ocrx_word' id='word_1_234' title='bbox 699 3617 817 3680; x_wconf 88' lang='lat' dir='ltr'><strong>autem</strong></span> <span class='ocrx_word' id='word_1_235' title='bbox 844 3605 1029 3700; x_wconf 88' lang='lat' dir='ltr'><strong>imperator</strong></span> <span class='ocrx_word' id='word_1_236' title='bbox 1046 3601 1193 3676; x_wconf 85' lang='lat' dir='ltr'><strong>vidisset</strong></span> <span class='ocrx_word' id='word_1_237' title='bbox 1216 3599 1390 3674; x_wconf 86' lang='lat' dir='ltr'><strong>civitatem</strong></span> <span class='ocrx_word' id='word_1_238' title='bbox 1411 3598 1477 3672; x_wconf 90' lang='lat' dir='ltr'><strong>hoo</strong></span> <span class='ocrx_word' id='word_1_239' title='bbox 1506 3597 1612 3671; x_wconf 91' lang='lat' dir='ltr'><strong>modo</strong></span> <span class='ocrx_word' id='word_1_240' title='bbox 1630 3599 1782 3694; x_wconf 87' lang='lat' dir='ltr'><strong>pervim</strong></span> <span class='ocrx_word' id='word_1_241' title='bbox 1800 3599 2020 3674; x_wconf 90' lang='lat' dir='ltr'><strong>nullomodo</strong></span> 
     </span>
     <span class='ocr_line' id='line_1_26' title="bbox 597 3721 2021 3826; baseline -0.006 -23"><span class='ocrx_word' id='word_1_242' title='bbox 597 3731 726 3803; x_wconf 89' lang='lat' dir='ltr'><strong>habere</strong></span> <span class='ocrx_word' id='word_1_243' title='bbox 750 3752 814 3803; x_wconf 88' lang='lat' dir='ltr'><strong>neo</strong></span> <span class='ocrx_word' id='word_1_244' title='bbox 839 3749 1003 3826; x_wconf 89' lang='lat' dir='ltr'><strong>superare</strong></span> <span class='ocrx_word' id='word_1_245' title='bbox 1022 3747 1141 3822; x_wconf 88' lang='lat' dir='ltr'><strong>posse,</strong></span> <span class='ocrx_word' id='word_1_246' title='bbox 1161 3723 1332 3819; x_wconf 90' lang='lat' dir='ltr'><strong>quosdam</strong></span> <span class='ocrx_word' id='word_1_247' title='bbox 1357 3723 1451 3796; x_wconf 85' lang='lat' dir='ltr'><strong>viros</strong></span> <span class='ocrx_word' id='word_1_248' title='bbox 1476 3722 1658 3814; x_wconf 76' lang='lat' dir='ltr'><strong>religiosos</strong></span> <span class='ocrx_word' id='word_1_249' title='bbox 1686 3721 1733 3795; x_wconf 92' lang='lat' dir='ltr'><strong>de</strong></span> <span class='ocrx_word' id='word_1_250' title='bbox 1761 3745 1847 3818; x_wconf 89' lang='lat' dir='ltr'><strong>pace</strong></span> <span class='ocrx_word' id='word_1_251' title='bbox 1874 3744 2021 3820; x_wconf 90' lang='lat' dir='ltr'><strong>oompo-</strong></span> 
     </span>
     <span class='ocr_line' id='line_1_27' title="bbox 598 3846 2018 3944; baseline -0.004 -16"><span class='ocrx_word' id='word_1_252' title='bbox 598 3855 713 3928; x_wconf 88' lang='lat' dir='ltr'><strong>nenda</strong></span> <span class='ocrx_word' id='word_1_253' title='bbox 728 3863 875 3927; x_wconf 86' lang='lat' dir='ltr'><strong>tractare</strong></span> <span class='ocrx_word' id='word_1_254' title='bbox 890 3853 980 3927; x_wconf 85' lang='lat' dir='ltr'><strong>lecit.</strong></span> <span class='ocrx_word' id='word_1_255' title='bbox 997 3853 1039 3923; x_wconf 91' lang='lat' dir='ltr'><strong>Et</strong></span> <span class='ocrx_word' id='word_1_256' title='bbox 1055 3860 1139 3922; x_wconf 88' lang='lat' dir='ltr'><strong>tuno</strong></span> <span class='ocrx_word' id='word_1_257' title='bbox 1159 3851 1248 3921; x_wconf 84' lang='lat' dir='ltr'><strong>laeta</strong></span> <span class='ocrx_word' id='word_1_258' title='bbox 1263 3859 1314 3920; x_wconf 89' lang='lat' dir='ltr'><strong>est</strong></span> <span class='ocrx_word' id='word_1_259' title='bbox 1329 3869 1401 3944; x_wconf 86' lang='lat' dir='ltr'><strong>pax</strong></span> <span class='ocrx_word' id='word_1_260' title='bbox 1419 3855 1454 3920; x_wconf 89' lang='lat' dir='ltr'><strong>et</strong></span> <span class='ocrx_word' id='word_1_261' title='bbox 1467 3846 1651 3920; x_wconf 86' lang='lat' dir='ltr'><strong>eoncordia</strong></span> <span class='ocrx_word' id='word_1_262' title='bbox 1670 3846 1759 3919; x_wconf 90' lang='lat' dir='ltr'><strong>inter</strong></span> <span class='ocrx_word' id='word_1_263' title='bbox 1777 3848 2018 3944; x_wconf 84' lang='lat' dir='ltr'><strong>imperatorem</strong></span> 
     </span>
     <span class='ocr_line' id='line_1_28' title="bbox 598 3969 2022 4066; baseline -0.007 -12"><span class='ocrx_word' id='word_1_264' title='bbox 598 3990 632 4054; x_wconf 90' lang='lat' dir='ltr'><strong>et</strong></span> <span class='ocrx_word' id='word_1_265' title='bbox 649 3979 944 4065; x_wconf 86' lang='lat' dir='ltr'><strong>Mediolanenses,</strong></span> <span class='ocrx_word' id='word_1_266' title='bbox 963 3977 1029 4048; x_wconf 89' lang='lat' dir='ltr'><strong>hoo</strong></span> <span class='ocrx_word' id='word_1_267' title='bbox 1045 3974 1149 4047; x_wconf 93' lang='lat' dir='ltr'><strong>modo</strong></span> <span class='ocrx_word' id='word_1_268' title='bbox 1167 3973 1300 4046; x_wconf 86' lang='lat' dir='ltr'><strong>scilieet</strong></span> <span class='ocrx_word' id='word_1_269' title='bbox 1315 3971 1411 4066; x_wconf 94' lang='lat' dir='ltr'><strong>quod</strong></span> <span class='ocrx_word' id='word_1_270' title='bbox 1425 3969 1550 4044; x_wconf 82' lang='lat' dir='ltr'><strong>civitas</strong></span> <span class='ocrx_word' id='word_1_271' title='bbox 1562 3970 1751 4044; x_wconf 88' lang='lat' dir='ltr'><strong>Mediolani</strong></span> <span class='ocrx_word' id='word_1_272' title='bbox 1770 3979 1805 4044; x_wconf 90' lang='lat' dir='ltr'><strong>et</strong></span> <span class='ocrx_word' id='word_1_273' title='bbox 1820 3972 1948 4044; x_wconf 89' lang='lat' dir='ltr'><strong>iossatu</strong></span> <span class='ocrx_word' id='word_1_274' title='bbox 1963 3973 2022 4045; x_wconf 89' lang='lat' dir='ltr'><strong>ci-</strong></span> 
     </span>
     <span class='ocr_line' id='line_1_29' title="bbox 598 4092 2019 4189; baseline -0.006 -13"><span class='ocrx_word' id='word_1_275' title='bbox 598 4103 715 4178; x_wconf 80' lang='lat' dir='ltr'><strong>vitatis</strong></span> <span class='ocrx_word' id='word_1_276' title='bbox 741 4113 777 4175; x_wconf 90' lang='lat' dir='ltr'><strong>et</strong></span> <span class='ocrx_word' id='word_1_277' title='bbox 805 4101 998 4189; x_wconf 86' lang='lat' dir='ltr'><strong>districtus,</strong></span> <span class='ocrx_word' id='word_1_278' title='bbox 1024 4101 1099 4172; x_wconf 84' lang='lat' dir='ltr'><strong>loon</strong></span> <span class='ocrx_word' id='word_1_279' title='bbox 1117 4108 1152 4170; x_wconf 89' lang='lat' dir='ltr'><strong>et</strong></span> <span class='ocrx_word' id='word_1_280' title='bbox 1169 4096 1328 4182; x_wconf 86' lang='lat' dir='ltr'><strong>castella,</strong></span> <span class='ocrx_word' id='word_1_281' title='bbox 1356 4105 1391 4168; x_wconf 90' lang='lat' dir='ltr'><strong>et</strong></span> <span class='ocrx_word' id='word_1_282' title='bbox 1408 4115 1529 4168; x_wconf 89' lang='lat' dir='ltr'><strong>omnes</strong></span> <span class='ocrx_word' id='word_1_283' title='bbox 1554 4092 1775 4167; x_wconf 81' lang='lat' dir='ltr'><strong>tortitudines</strong></span> <span class='ocrx_word' id='word_1_284' title='bbox 1800 4093 1952 4167; x_wconf 80' lang='lat' dir='ltr'><strong>civitatis</strong></span> <span class='ocrx_word' id='word_1_285' title='bbox 1981 4095 2019 4168; x_wconf 92' lang='lat' dir='ltr'><strong>in</strong></span> 
     </span>
     <span class='ocr_line' id='line_1_30' title="bbox 598 4213 2019 4319; baseline -0.01 -20"><span class='ocrx_word' id='word_1_286' title='bbox 598 4247 662 4299; x_wconf 91' lang='lat' dir='ltr'><strong>sno</strong></span> <span class='ocrx_word' id='word_1_287' title='bbox 680 4233 772 4298; x_wconf 89' lang='lat' dir='ltr'><strong>statu</strong></span> <span class='ocrx_word' id='word_1_288' title='bbox 788 4243 990 4319; x_wconf 88' lang='lat' dir='ltr'><strong>permanere</strong></span> <span class='ocrx_word' id='word_1_289' title='bbox 1007 4231 1041 4294; x_wconf 93' lang='lat' dir='ltr'><strong>et</strong></span> <span class='ocrx_word' id='word_1_290' title='bbox 1058 4230 1148 4292; x_wconf 86' lang='lat' dir='ltr'><strong>stare</strong></span> <span class='ocrx_word' id='word_1_291' title='bbox 1168 4217 1362 4304; x_wconf 86' lang='lat' dir='ltr'><strong>debebant,</strong></span> <span class='ocrx_word' id='word_1_292' title='bbox 1382 4225 1417 4288; x_wconf 90' lang='lat' dir='ltr'><strong>et</strong></span> <span class='ocrx_word' id='word_1_293' title='bbox 1441 4215 1538 4287; x_wconf 84' lang='lat' dir='ltr'><strong>cives</strong></span> <span class='ocrx_word' id='word_1_294' title='bbox 1559 4234 1682 4286; x_wconf 90' lang='lat' dir='ltr'><strong>omnes</strong></span> <span class='ocrx_word' id='word_1_295' title='bbox 1710 4213 1897 4286; x_wconf 90' lang='lat' dir='ltr'><strong>Mediolani</strong></span> <span class='ocrx_word' id='word_1_296' title='bbox 1913 4223 1949 4287; x_wconf 89' lang='lat' dir='ltr'><strong>et</strong></span> <span class='ocrx_word' id='word_1_297' title='bbox 1967 4221 2019 4286; x_wconf 90' lang='lat' dir='ltr'><strong>to·</strong></span> 
     </span>
    </p>
   </div>
   <div class='ocr_carea' id='block_1_4' title="bbox 599 4410 2018 4826">
    <p class='ocr_par' dir='ltr' id='par_1_4' title="bbox 638 4410 2018 4504">
     <span class='ocr_line' id='line_1_31' title="bbox 638 4410 2018 4504; baseline -0.009 -20"><span class='ocrx_word' id='word_1_298' title='bbox 638 4423 682 4504; x_wconf 81' lang='lat' dir='ltr'><strong>(a)</strong></span> <span class='ocrx_word' id='word_1_299' title='bbox 703 4425 739 4486; x_wconf 92' lang='lat' dir='ltr'><strong>lu</strong></span> <span class='ocrx_word' id='word_1_300' title='bbox 753 4423 853 4484; x_wconf 86' lang='lat' dir='ltr'><strong>oodtoe</strong></span> <span class='ocrx_word' id='word_1_301' title='bbox 866 4439 925 4482; x_wconf 94' lang='lat' dir='ltr'><strong>non</strong></span> <span class='ocrx_word' id='word_1_302' title='bbox 941 4421 1030 4500; x_wconf 87' lang='lat' dir='ltr'><strong>plane</strong></span> <span class='ocrx_word' id='word_1_303' title='bbox 1042 4417 1218 4497; x_wconf 81' lang='lat' dir='ltr'><strong>exprlmltur</strong></span> <span class='ocrx_word' id='word_1_304' title='bbox 1230 4415 1320 4476; x_wconf 83' lang='lat' dir='ltr'><strong>fuerit</strong></span> <span class='ocrx_word' id='word_1_305' title='bbox 1332 4430 1370 4475; x_wconf 90' lang='lat' dir='ltr'><strong>ne</strong></span> <span class='ocrx_word' id='word_1_306' title='bbox 1383 4431 1468 4496; x_wconf 75' lang='lat' dir='ltr'><strong>quem</strong></span> <span class='ocrx_word' id='word_1_307' title='bbox 1480 4429 1520 4474; x_wconf 91' lang='lat' dir='ltr'><strong>an</strong></span> <span class='ocrx_word' id='word_1_308' title='bbox 1534 4411 1859 4493; x_wconf 61' lang='lat' dir='ltr'><strong>quamsplinrator.</strong></span> <span class='ocrx_word' id='word_1_309' title='bbox 1868 4410 2018 4492; x_wconf 71' lang='lat' dir='ltr'><strong>proeium·</strong></span> 
     </span>
    </p>

    <p class='ocr_par' dir='ltr' id='par_1_5' title="bbox 640 4529 968 4612">
     <span class='ocr_line' id='line_1_32' title="bbox 640 4529 968 4612; baseline -0.012 -18"><span class='ocrx_word' id='word_1_310' title='bbox 640 4531 684 4612; x_wconf 82' lang='lat' dir='ltr'><strong>(t)</strong></span> <span class='ocrx_word' id='word_1_311' title='bbox 703 4534 739 4594; x_wconf 94' lang='lat' dir='ltr'><strong>lu</strong></span> <span class='ocrx_word' id='word_1_312' title='bbox 752 4529 854 4592; x_wconf 83' lang='lat' dir='ltr'><strong>oodlee</strong></span> <span class='ocrx_word' id='word_1_313' title='bbox 867 4531 968 4610; x_wconf 72' lang='lat' dir='ltr'><strong>oepit.</strong></span> 
     </span>
    </p>

    <p class='ocr_par' dir='ltr' id='par_1_6' title="bbox 599 4619 2018 4826">
     <span class='ocr_line' id='line_1_33' title="bbox 640 4619 2018 4718; baseline -0.013 -20"><span class='ocrx_word' id='word_1_314' title='bbox 640 4637 679 4718; x_wconf 83' lang='lat' dir='ltr'><strong>(c)</strong></span> <span class='ocrx_word' id='word_1_315' title='bbox 703 4639 761 4698; x_wconf 85' lang='lat' dir='ltr'><strong>Hie</strong></span> <span class='ocrx_word' id='word_1_316' title='bbox 774 4635 888 4716; x_wconf 85' lang='lat' dir='ltr'><strong>ailquid</strong></span> <span class='ocrx_word' id='word_1_317' title='bbox 901 4637 933 4695; x_wconf 91' lang='lat' dir='ltr'><strong>ln</strong></span> <span class='ocrx_word' id='word_1_318' title='bbox 946 4641 1031 4696; x_wconf 88' lang='lat' dir='ltr'><strong>textu</strong></span> <span class='ocrx_word' id='word_1_319' title='bbox 1045 4633 1135 4694; x_wconf 83' lang='lat' dir='ltr'><strong>deest.</strong></span> <span class='ocrx_word' id='word_1_320' title='bbox 1152 4633 1187 4692; x_wconf 95' lang='lat' dir='ltr'><strong>ln</strong></span> <span class='ocrx_word' id='word_1_321' title='bbox 1201 4629 1268 4691; x_wconf 88' lang='lat' dir='ltr'><strong>oud.</strong></span> <span class='ocrx_word' id='word_1_322' title='bbox 1284 4627 1444 4689; x_wconf 90' lang='lat' dir='ltr'><strong>Parlsleusl</strong></span> <span class='ocrx_word' id='word_1_323' title='bbox 1458 4645 1467 4688; x_wconf 74' lang='lat' dir='ltr'><strong><em>z</em></strong></span> <span class='ocrx_word' id='word_1_324' title='bbox 1480 4623 1611 4706; x_wconf 79' lang='lat' dir='ltr'><strong>prelium</strong></span> <span class='ocrx_word' id='word_1_325' title='bbox 1627 4640 1765 4706; x_wconf 78' lang='lat' dir='ltr'><strong>ntupnum</strong></span> <span class='ocrx_word' id='word_1_326' title='bbox 1784 4619 2018 4701; x_wconf 66' lang='lat' dir='ltr'><strong>serumserum</strong></span> 
     </span>
     <span class='ocr_line' id='line_1_34' title="bbox 599 4725 1931 4826; baseline -0.012 -20"><span class='ocrx_word' id='word_1_327' title='bbox 599 4741 657 4806; x_wconf 75' lang='lat' dir='ltr'><strong>suit</strong></span> <span class='ocrx_word' id='word_1_328' title='bbox 670 4741 835 4826; x_wconf 75' lang='lat' dir='ltr'><strong>adportant</strong></span> <span class='ocrx_word' id='word_1_329' title='bbox 847 4742 1008 4802; x_wconf 77' lang='lat' dir='ltr'><strong>Romanam</strong></span> <span class='ocrx_word' id='word_1_330' title='bbox 1023 4745 1052 4802; x_wconf 78' lang='lat' dir='ltr'><strong>et</strong></span> <span class='ocrx_word' id='word_1_331' title='bbox 1065 4745 1134 4800; x_wconf 78' lang='lat' dir='ltr'><strong>tnnc</strong></span> <span class='ocrx_word' id='word_1_332' title='bbox 1150 4735 1314 4800; x_wconf 68' lang='lat' dir='ltr'><strong>Turones</strong></span> <span class='ocrx_word' id='word_1_333' title='bbox 1326 4729 1452 4796; x_wconf 78' lang='lat' dir='ltr'><strong>etmulti</strong></span> <span class='ocrx_word' id='word_1_334' title='bbox 1462 4729 1519 4794; x_wconf 80' lang='lat' dir='ltr'><strong>ulii</strong></span> <span class='ocrx_word' id='word_1_335' title='bbox 1531 4729 1659 4796; x_wconf 55' lang='lat' dir='ltr'><strong>Mens</strong></span> <span class='ocrx_word' id='word_1_336' title='bbox 1671 4725 1860 4811; x_wconf 58' lang='lat' dir='ltr'><strong>deffendunt,</strong></span> <span class='ocrx_word' id='word_1_337' title='bbox 1873 4733 1931 4790; x_wconf 86' lang='lat' dir='ltr'><strong>eto.</strong></span> 
     </span>
    </p>
   </div>
   <div class='ocr_carea' id='block_1_5' title="bbox 0 0 2276 6068">
    <p class='ocr_par' dir='ltr' id='par_1_7' title="bbox 0 0 2276 6068">
     <span class='ocr_line' id='line_1_35' title="bbox 0 0 2276 6068; baseline 0 0"><span class='ocrx_word' id='word_1_338' title='bbox 0 0 2276 6068; x_wconf 95' lang='lat' dir='ltr'><strong> </strong></span> 
     </span>
    </p>
   </div>
  </div>
 </body>
</html>
