4534 6074
613 617 674 682 tat
1083 613 1323 680 cttttorttcott
1346 619 1398 680 DE
1422 619 1550 683 nebus

609 752 738 828 luerint
750 748 927 846 requisiti,
947 757 983 822 et
1003 747 1033 820 si
1052 750 1306 844 omisserimus,
1333 775 1547 850 recuperare.
1567 755 1618 828 lta
1633 753 1796 828 videlicet
1815 756 1912 852 quod
1928 753 2018 851 [lini-

609 874 705 974 time]
729 877 886 950 civitates
900 873 1052 948 obnoxie
1067 873 1117 972 (a)
1136 874 1205 948 sint
1219 878 1425 974 principales
1440 878 1487 953 ad
1509 878 1576 950 boc
1596 877 1811 963 laciendum,
1832 885 1867 948 et
1886 877 1915 948 si
1933 898 2020 974 opus

607 1003 729 1092 luerit,
759 1000 826 1073 alie
848 1007 1029 1071 teneantur
1048 998 1095 1070 ad
1121 1007 1321 1090 competens
1338 999 1512 1072 auxilium
1538 997 1775 1093 prestandum.
1797 999 1962 1074 Civitates
1979 1001 2025 1076 ds

608 1125 770 1198 societate
790 1143 861 1215 que
877 1129 959 1191 sunt
977 1127 1076 1190 extra
1090 1119 1331 1194 lombardiam
1356 1121 1393 1194 in
1410 1143 1475 1196 suo
1492 1120 1642 1196 conlinio
1661 1130 1844 1195 teneantur
1867 1121 2022 1198 similiter

610 1249 734 1319 lacere.
752 1243 873 1336 Siqua
891 1263 975 1314 vero
988 1241 1168 1314 civitatum
1185 1263 1227 1316 ea
1241 1266 1312 1340 que
1325 1244 1362 1315 in
1378 1246 1608 1319 conventione
1623 1245 1720 1342 pacis
1733 1267 1780 1318 ex
1796 1255 1894 1341 parte
1906 1257 2022 1320 nostm

608 1378 735 1444 statuta
760 1376 840 1440 sunt
861 1387 931 1438 non
957 1365 1005 1460 (b)
1033 1365 1286 1460 observaverit,
1314 1377 1425 1442 cetero
1452 1369 1608 1443 civitates
1632 1368 1680 1442 ad
1704 1368 1742 1443 id
1766 1369 2021 1444 observandum

608 1494 699 1566 bona
722 1490 793 1565 lide
811 1491 1033 1586 compellant,
1052 1511 1094 1562 ea
1118 1511 1204 1585 pace
1231 1492 1476 1566 nichilominus
1494 1493 1530 1564 in
1554 1513 1619 1566 sno
1647 1493 1770 1566 robore
1786 1503 2017 1588 permanente.

612 1617 719 1692 Nobis
753 1615 960 1687 intrantibus
992 1613 1234 1687 lombardiam
1269 1614 1405 1688 iodrum
1435 1615 1479 1712 (c)
1511 1626 1713 1690 consuetum
1749 1627 1785 1689 et
1815 1617 1932 1710 regale
1962 1619 2022 1711 qui

608 1741 719 1814 solent
745 1748 780 1811 et
807 1737 935 1810 debent
963 1745 997 1808 et
1027 1736 1169 1830 quando
1195 1738 1306 1810 solent
1323 1749 1358 1810 et
1381 1738 1510 1814 debent
1536 1740 1724 1835 parabunt,
1749 1741 1825 1812 vias
1846 1749 1883 1812 et
1903 1750 2023 1836 pontes

610 1866 702 1939 bona
720 1861 791 1936 lide
809 1869 844 1932 st
866 1861 942 1932 sine
963 1859 1086 1932 iraude
1111 1869 1146 1933 et
1168 1861 1377 1934 sufficienter
1404 1862 1440 1933 in
1465 1863 1582 1938 eundo
1604 1875 1638 1936 st
1659 1863 1838 1960 redeundo
1856 1863 2021 1938 reficient.

609 1990 798 2064 Mercatum
819 1983 995 2056 sufficiens
1017 1983 1118 2054 nobis
1141 1995 1175 2056 ct
1196 1985 1322 2058 nostris
1345 1986 1509 2058 euntibus
1533 1995 1569 2058 et
1590 1985 1819 2059 redeuntibus
1844 1985 2024 2061 bonafide

610 2120 644 2184 et
667 2110 742 2182 sine
766 2107 889 2180 fraude
910 2106 1084 2201 parabunt
1100 2105 1166 2202 (d).
1195 2107 1232 2178 ln
1261 2108 1356 2180 omni
1386 2107 1522 2181 decimo
1545 2129 1637 2180 anno
1668 2107 1850 2184 fidelitates
1871 2132 2024 2184 renoua-

609 2235 697 2307 bnnt
713 2233 750 2304 iu
775 2231 844 2304 hiis
866 2251 936 2324 que
952 2229 1053 2301 nobis
1066 2229 1228 2320 iecerint,
1249 2252 1329 2303 cum
1348 2253 1412 2304 nos
1430 2231 1636 2327 pecierimus
1651 2231 1707 2304 val
1724 2253 1787 2328 per
1801 2255 1865 2306 nos
1883 2237 1942 2308 vel
1964 2257 2024 2331 per

610 2367 766 2430 nostrum
794 2353 973 2425 nuncium.
1005 2352 1040 2424 Si
1069 2353 1199 2446 quiex
1230 2363 1327 2449 parte
1352 2362 1468 2426 nostra
1500 2354 1545 2426 de
1571 2333 1846 2450 possessionibus
1878 2360 1952 2430 suis
1979 2359 2024 2454 (e)

607 2479 710 2573 justis
733 2475 873 2570 expulsi
890 2483 989 2563 suot,
1009 2475 1233 2546 restituantur
1251 2475 1328 2546 sine
1343 2474 1512 2546 fructibus
1530 2483 1565 2546 et
1582 2472 1753 2569 dampno,
1773 2475 1841 2546 nisi
1866 2475 1902 2546 in
1920 2495 2024 2547 causa

611 2600 792 2701 principali
818 2621 877 2672 seu
906 2597 1121 2692 proprietatis
1144 2599 1223 2690 jure
1250 2619 1288 2670 se
1316 2599 1422 2692 possit
1444 2598 1532 2670 tueri
1560 2617 1753 2693 possessor,
1779 2599 1886 2672 salvis
1914 2621 2025 2694 snpe-
2108 2680 2114 2696 ,

611 2727 761 2800 rioribus
785 2721 1082 2809 concessionibus,
1113 2731 1147 2794 et
1175 2743 1295 2794 omnes
1315 2721 1446 2794 offense
1473 2722 1526 2795 eis
1548 2721 1763 2796 remitautur.
1790 2721 1924 2796 Eodem
1947 2723 2027 2815 jure

613 2848 788 2925 servando
809 2847 878 2918 biis
900 2845 1062 2940 quisunt
1086 2865 1133 2916 ex
1150 2853 1249 2939 parte
1266 2855 1383 2919 nostra
1407 2845 1499 2920 circa
1519 2845 1789 2935 restitutionem,
1814 2847 1882 2920 uisi
1904 2847 2027 2920 civitae

614 2981 772 3046 teneatur
792 2971 990 3062 juramento
1016 2977 1055 3039 nt
1075 2989 1144 3039 non
1169 2967 1341 3060 restituat3
1363 2990 1435 3063 quo
1456 2989 1540 3042 casu
1565 2968 1744 3042 arbitrium
1771 2967 1853 3042 boni
1876 2969 1944 3044 viri
1967 2989 2027 3044 vo·

614 3099 731 3172 lumus
747 3115 810 3190 pro
836 3092 1050 3166 restitutione
1073 3090 1275 3164 succedere.
1298 3093 1389 3164 Etsi
1411 3114 1482 3188 qua
1507 3093 1739 3168 controversia
1760 3092 1806 3166 de
1828 3091 1930 3168 leudo
1952 3102 2027 3166 orta

615 3219 718 3295 luerit
736 3220 824 3292 inter
843 3237 908 3290 nos
930 3225 965 3289 et
980 3216 1086 3288 alium
1101 3215 1164 3308 qui
1187 3214 1232 3286 sit
1247 3213 1292 3286 de
1308 3215 1482 3305 societate,
1505 3238 1567 3312 per
1579 3237 1681 3312 pares
1698 3215 1754 3312 (f)
1770 3216 1862 3288 illius
1877 3217 2027 3290 civitatis

614 3346 671 3419 vel
698 3342 916 3438 episcopatus
945 3338 981 3410 in
1011 3359 1082 3432 quo
1105 3337 1279 3411 discordia
1300 3339 1416 3432 agitur
1440 3339 1634 3413 secundum
1661 3339 1753 3411 illius
1777 3339 1924 3412 civitatis
1945 3361 2027 3414 con·

614 3465 836 3541 suetudinem
868 3463 905 3535 in
933 3461 1056 3535 eodem
1085 3462 1286 3556 episcopatu
1312 3461 1529 3552 terminetur,
1550 3461 1617 3536 nisi
1646 3463 1683 3535 in
1713 3462 1921 3536 Lombardia
1948 3465 2027 3536 lue-

615 3591 735 3664 rimus.
758 3589 855 3659 Tunc
872 3586 966 3659 enim
987 3585 1023 3657 in
1041 3583 1220 3657 audientia
1241 3594 1358 3658 nostra
1374 3584 1404 3656 si
1427 3585 1528 3657 nobis
1547 3585 1715 3682 placuerit
1735 3607 1840 3660 cansa
1863 3587 2025 3679 agitetur.

616 3715 700 3786 ltem
725 3710 922 3784 volentibus
945 3707 1067 3781 venire
1094 3714 1211 3780 contra
1236 3715 1335 3801 pacta
1363 3728 1433 3780 non
1452 3729 1514 3803 per
1539 3709 1738 3782 violentiam
1756 3711 1847 3783 lacta
1869 3719 1905 3785 et
1926 3713 2027 3805 jura-

617 3843 732 3908 mento
744 3832 877 3904 firmata
890 3831 980 3904 inter
994 3829 1170 3903 civitatem
1185 3845 1219 3902 et
1231 3830 1317 3903 alias
1332 3851 1508 3926 personas,
1525 3853 1588 3905 nos
1598 3831 1847 3928 denegabimus
1861 3833 1923 3931 (9).
1942 3835 2025 3910 ltem

658 4087 701 4169 (a)
722 4087 759 4149 In
771 4085 873 4148 codice
886 4083 988 4144 civitat
999 4081 1120 4146 oleum

658 4192 700 4274 (b)
723 4193 759 4253 ln
773 4191 873 4252 codlce
888 4207 968 4250 eam.

658 4299 697 4380 (c)
719 4300 756 4360 In
770 4293 1011 4376 codicesrodttnt.

658 4405 703 4486 (d)
724 4405 782 4482 Ap.
798 4405 883 4465 Perta
896 4409 927 4464 et
939 4417 1028 4479 supra
1037 4398 1221 4481 prouoco.

660 4508 698 4590 (c)
725 4510 761 4569 ln
781 4507 881 4568 codtce
893 4507 962 4567 turc.

660 4613 708 4696 (f)
726 4613 762 4674 ln
775 4613 875 4675 codice
889 4613 940 4694 qui
947 4618 1049 4692 partes
1063 4631 1074 4670 .·
1088 4627 1125 4671 ex
1139 4610 1254 4671 Pertzlo
1267 4607 1468 4670 emendamus.

659 4719 701 4803 (9)
724 4720 964 4784 Subnudlendum
976 4715 1168 4780 manuam.
1184 4716 1230 4781 Gi.
1246 4717 1345 4792 Perta,
1360 4717 1418 4779 loc.
1433 4718 1530 4791 altat„
1544 4733 1575 4794 p.
1591 4723 1661 4779 tto.
