4534 6074
663 657 907 722 CHRON1CON
934 657 1238 722 Pcucnurruum.

282 796 404 865 Temen
419 813 484 861 non
502 793 717 882 preterierunt
751 803 754 810 '

280 915 349 984 Nec
363 912 503 982 transire
519 919 785 1000 presumpserunt
797 919 809 993 ,¹

281 1028 364 1112 Quia
378 1028 513 1116 quisque
530 1025 714 1112 dubitabat3
769 1049 785 1066 ¹·
818 1048 833 1062 ·’

282 1145 551 1232 Unumquemqne
566 1134 757 1208 formidabat

326 1256 446 1327 Civitas
461 1254 618 1322 Bononio.
721 1267 724 1279 ·

281 1464 373 1533 Tunc
386 1463 583 1530 Veronensis
598 1463 709 1528 ciuitas

282 1575 382 1666 Cujus
398 1584 581 1664 cermagna
599 1575 742 1662 probitas
756 1623 761 1632 ·
788 1624 790 1628 .

283 1688 354 1772 Que
367 1686 585 1756 Lomhardum
600 1687 748 1776 cupiebat
841 1735 844 1748 ,

284 1800 410 1870 Statum
423 1851 432 1880 .
447 1800 530 1868 hene
544 1799 732 1888 prohibebat

326 1915 392 1982 lter
407 1914 494 2001 regis
507 1913 574 1980 filii.

284 2121 346 2205 Qui
361 2141 480 2212 magna
494 2142 592 2190 manu
605 2121 763 2207 militum,

258 2242 264 2326 Ι
284 2237 407 2306 Tamen
422 2257 486 2302 non
503 2235 599 2303 credo
614 2234 773 2325 peditum,

284 2347 471 2418 Festinabat
486 2349 570 2415 ultra
584 2349 632 2415 ire

284 2463 390 2549 Atque
405 2462 487 2549 patri
507 2460 675 2530 subvenire

330 2573 366 2641 ln
383 2571 468 2639 malo
482 2573 660 2661 proposito.

285 2777 378 2846 Nunc
393 2777 433 2845 ad
448 2785 573 2867 patrem
589 2775 758 2848 redeamus

284 2892 327 2960 Et
342 2890 382 2960 de
397 2900 473 2960 nato
489 2890 704 2980 dimittamus,

284 3004 327 3072 Et
341 3003 486 3072 dicamus
501 3024 559 3072 sua
574 3003 675 3074 iacta·
761 3037 765 3044 ·

286 3115 356 3200 Que
365 3118 434 3206 jam
448 3117 526 3198 viris
538 3139 604 3188 non
619 3129 698 3188 sunt
709 3127 801 3210 grate

330 3230 397 3300 Suo
411 3229 598 3300 infortunio.

285 3439 382 3510 Stetit
397 3459 475 3528 ergo
488 3441 664 3530 imperator

284 3553 448 3623 Seculan‘s
462 3554 543 3644 legis
558 3554 641 3624 lator

284 3651 370 3736 Hinc
386 3646 426 3735 ad
443 3666 528 3734 diem
543 3669 661 3735 summi
675 3668 733 3736 Dei
750 3667 807 3754 (i),

284 3779 348 3862 Qui
364 3779 495 3848 dictavit
509 3779 603 3848 crede
617 3781 666 3860 ei,

330 3893 368 3961 In
382 3889 510 3962 Ravene
524 3891 680 3982 partibus.

1025 793 1082 860 Ille
1097 791 1182 874 dies,
1197 793 1279 860 sicut
1295 791 1392 859 credo

1025 903 1068 970 Et
1081 904 1193 973 lectori
1207 925 1281 974 uere
1295 904 1369 985 c'do',

1025 1017 1087 1101 Qui
1102 1040 1120 1087 a
1132 1021 1204 1108 jove
1219 1021 1403 1088 nominatus

1025 1130 1115 1202 Sicut
1129 1154 1227 1222 supra
1242 1131 1300 1200 iuit
1315 1133 1435 1210 iactus,

1071 1243 1145 1311 Fuit
1160 1244 1257 1311 madii
1272 1246 1440 1332 septimus.

1025 1455 1085 1524 Die
1100 1457 1245 1543 sequenti
1261 1456 1420 1543 proximo,

1026 1569 1109 1638 Vera
1124 1570 1238 1658 loquor
1253 1568 1292 1637 de
1308 1571 1461 1657 pessimo,

1027 1681 1063 1748 ln
1078 1679 1224 1769 partibus
1242 1680 1373 1748 Faeutie

1025 1795 1069 1865 Ut
1084 1797 1242 1885 compleat
1257 1797 1397 1884 nequitie

1072 1910 1240 1999 Requievit
1254 1931 1365 2000 opera.

1027 2121 1063 2190 ln
1078 2121 1140 2188 alio
1156 2119 1210 2208 qui
1226 2121 1382 2208 seqnitur,

1025 2233 1055 2302 A
1071 2235 1137 2300 suis
1154 2233 1244 2320 equis
1259 2233 1384 2300 vehitur

1026 2345 1077 2414 Ad
1091 2347 1250 2414 civitatem
1265 2349 1428 2436 propriam
1442 2345 1490 2436 (2)

1026 2457 1096 2542 Quo
1111 2479 1198 2527 nuno
1213 2469 1300 2526 amat
1317 2459 1502 2548 perfidiam,

1070 2573 1165 2641 Juxta
1180 2573 1284 2661 ipsam
1301 2591 1514 2640 commorans,

1026 2779 1086 2850 Die
1099 2779 1206 2848 lunari
1220 2777 1267 2870 (3)
1282 2781 1412 2869 regulus

1026 2890 1124 2983 Cujus
1139 2902 1188 2962 est
1203 2911 1341 2981 nequam
1356 2893 1489 2973 oculus,

1027 3009 1086 3077 Est
1101 3011 1129 3077 is
1141 3010 1232 3098 juxta
1246 3007 1438 3076 Medicinam

1026 3119 1277 3189 Bononiensium
1291 3121 1429 3188 vicinam

1072 3232 1259 3322 Hospitatns
1271 3235 1457 3322 imperator.

1027 3437 1086 3506 Die
1101 3439 1213 3506 martis
1227 3441 1400 3528 requiescit

1027 3551 1095 3619 Neo
1113 3551 1312 3620 Lombardus
1325 3555 1507 3642 expavescit

1026 3665 1192 3753 equarum
1206 3665 1414 3748 inundantia,

1027 3775 1119 3859 Quod
1138 3777 1174 3844 fit
1190 3777 1270 3868 [Dei]
1281 3779 1405 3866 justitia

1072 3891 1166 3961 Juxta
1182 3890 1301 3960 dictum
1318 3889 1460 3980 opidum.

1238 4153 1437 4161 .—.....-·—-—-
1441 4153 1657 4165 -ι--α--ψ-

277 4343 314 4416 (t)
333 4341 461 4400 L'auteur
475 4345 539 4398 veut
552 4339 675 4414 indiquer
688 4355 753 4399 sane
766 4341 846 4400 doute
861 4357 914 4415 que
926 4340 1087 4416 l'empereur
1097 4341 1181 4415 partit
1198 4340 1232 4397 de
1248 4341 1375 4399 Ravenne
1392 4359 1429 4398 un
1444 4343 1532 4416 rendi,
1546 4343 1608 4417 jour
1625 4347 1660 4402 ou

238 4437 409 4496 l’escension
427 4441 470 4494 est
485 4435 622 4509 celebres,
636 4453 701 4496 sans
721 4437 779 4496 dire
801 4439 865 4513 qu'il
887 4439 999 4512 s’agisse
1019 4437 1056 4495 du
1074 4439 1134 4512 jour
1153 4437 1242 4494 meme
1263 4439 1297 4494 de
1317 4439 1497 4510 tuscension,
1514 4441 1573 4512 qni,
1590 4447 1660 4498 cette

240 4533 381 4606 annea-le,
395 4533 597 4591 tombait1028
611 4534 677 4590 mai.

277 4658 314 4732 (Ξ)
333 4658 355 4714 ΙΙ
366 4657 444 4730 s’agit
457 4659 492 4715 ici
504 4657 630 4728 d'lmola,
642 4659 708 4716 dont
721 4657 845 4717 Frederic
858 4659 883 4718 11
895 4659 926 4716 m
938 4675 974 4716 cn
985 4663 1058 4717 cette
1070 4657 1196 4720 occasion
1207 4657 1310 4716 relevor
1323 4657 1364 4715 ies
1375 4663 1516 4731 remnants.

276 4779 314 4852 (3)
334 4779 372 4836 Le
385 4779 459 4835 lundi
474 4782 503 4834 tt
525 4779 590 4836 mai.
