4594 6066
590 625 652 686 152
1064 623 1305 686 cltttomcon
1329 625 1382 686 DE
1406 625 1534 687 annus

587 758 879 856 conspirationem
898 779 978 830 cum
1002 758 1166 831 societate
1182 759 1455 833 lombardorum
1479 761 1722 855 pertrectauit3
1742 761 1788 834 ita
1814 762 1912 858 quod
1935 765 2007 837 lle·

587 883 827 972 nonnanes,
849 880 1065 970 Brixiemau,
1087 882 1321 956 Bononienses
1344 886 1513 956 miserunt
1536 885 1574 956 in
1594 883 1814 958 Alamaniam
1837 887 2009 962 ambaxa·

588 1017 680 1082 tores
697 1029 812 1080 eoram
825 1005 1082 1101 repellendum
1100 1015 1136 1079 et
1154 1006 1220 1080 hcc
1236 1007 1283 1080 dc
1300 1009 1465 1082 mandato
1479 1029 1573 1104 pape
1586 1008 1743 1104 Gregorii
1758 1011 2004 1084 tractabantur.

587 1131 689 1218 Quod
712 1131 856 1224 quidem
882 1130 1079 1220 intelligens
1099 1130 1286 1226 immmtcr
1310 1132 1373 1227 qui
1390 1141 1465 1205 erat
1480 1133 1517 1204 iu
1534 1131 1661 1228 Apulia
1684 1133 1731 1206 de
1750 1133 1916 1229 predictis
1938 1158 2008 1230 quc

587 1253 717 1328 fiebant
736 1275 847 1348 aeque
869 1275 933 1326 sua
954 1253 1150 1342 vuluntate,
1170 1276 1233 1350 per
1254 1255 1360 1326 maris
1380 1256 1495 1328 undas
1515 1253 1523 1352 Ι
1544 1255 1681 1328 sublato
1704 1255 1756 1353 (a)
1776 1259 1901 1353 pelago
1921 1258 2008 1334 Ala-

586 1379 739 1452 maniam
768 1377 882 1470 venit,
908 1375 1100 1470 habuitque
1126 1377 1340 1472 omniaque
1365 1379 1479 1452 uoluit
1504 1379 1698 1452 secundum
1732 1403 1795 1454 sue
1820 1382 2008 1456 voluntatis

585 1502 782 1577 arbitrium.
808 1501 896 1574 Nam
924 1499 1039 1572 dictus
1068 1521 1131 1573 rex
1153 1499 1245 1572 filius
1270 1523 1356 1573 suus
1381 1502 1459 1574 sine
1482 1501 1681 1576 conditione
1697 1523 1761 1577 sne
1788 1527 1828 1578 sc
1853 1503 2009 1580 reddidit

434 1701 441 1710 ,
583 1626 759 1724 potestati.
780 1624 849 1710 Qui
869 1623 916 1697 de
940 1621 1122 1697 reddendo
1146 1633 1258 1698 caeno
1280 1624 1378 1721 qnod
1404 1627 1487 1698 Tres
1507 1627 1624 1722 Rupes
1647 1625 1701 1722 (l)
1724 1627 1853 1700 dicitur
1870 1637 1907 1701 et
1925 1631 2006 1724 qui·

582 1751 738 1824 busdam
763 1748 840 1823 aliis
875 1768 946 1843 que
981 1749 1184 1842 promiserat
1217 1769 1297 1820 cnm
1323 1770 1394 1821 non
1419 1756 1590 1840 servaret,
1629 1751 1784 1846 precepit
1822 1751 2007 1847 imperator

582 1875 700 1970 ipsum
721 1871 899 1968 captivum
922 1869 1068 1944 detineri
1088 1879 1125 1942 et
1145 1870 1182 1941 iu
1199 1891 1346 1964 reguum
1368 1869 1495 1966 Apulia
1522 1871 1560 1942 in
1581 1871 1776 1946 custodiam
1799 1871 1895 1947 duci.
1920 1875 2006 1948 Am-

582 1997 769 2072 baxatcres
799 2014 942 2090 quoque
974 1991 1246 2068 bombardorum
1279 1993 1316 2064 in
1350 1993 1504 2088 quodam
1539 1997 1681 2070 castello
1714 1997 1873 2071 obsessos
1900 1997 1948 2095 (b)
1971 2011 2006 2073 et

581 2122 739 2217 captivos
775 2119 887 2194 tenuit
912 2117 949 2190 in
976 2116 1175 2190 carceribus
1207 2118 1301 2190 eirca
1326 2139 1476 2206 anuum;
1503 2139 1593 2212 qnos
1618 2129 1738 2214 postea
1766 2122 1882 2192 illesus
1907 2122 2005 2198 abire

580 2246 747 2340 permisit.
782 2243 928 2316 Nomius
954 2241 1093 2314 illorum
1118 2240 1383 2314 ambaxatorum
1415 2241 1557 2312 luerunt
1583 2241 1648 2315 hec
1680 2269 1689 2314 ε
1715 2241 1761 2316 de
1787 2241 2002 2330 Mediolano,

581 2370 784 2444 llantredus
802 2370 925 2440 Petrus
938 2368 1101 2457 Sanctus;
1123 2364 1169 2438 de
1185 2365 1323 2454 Brixia,
1340 2364 1613 2439 Lautrancbinus
1634 2365 1680 2439 dc
1700 2366 1947 2462 laveflolnngu
1969 2379 2006 2442 et

580 2494 749 2588 Ugolinus
766 2493 812 2564 de
827 2489 1023 2584 Ugonibus.

629 2619 677 2689 ll.
693 2616 758 2688 CC.
771 2612 914 2704 XXXV,
927 2610 1117 2685 indictione
1128 2607 1248 2708 vll[1]‚
1265 2602 1311 2684 de
1321 2631 1441 2684 mense
1457 2611 1579 2702 madii,
1597 2612 1717 2684 nuncii
1733 2611 1948 2707 imperatoris
1957 2610 2005 2688 ab

580 2738 709 2834 Apulia
745 2737 924 2811 duxerunt
958 2736 995 2808 in
1024 2735 1202 2808 civitatem
1234 2734 1400 2808 Cremona
1424 2735 1642 2831 elephantem
1666 2745 1701 2810 ct
1722 2737 1812 2811 duos
1839 2737 2003 2812 dromem

580 2859 710 2936 darios.

628 2986 703 3060 iliis
732 2983 964 3079 temporibus,
1000 2983 1124 3056 civitas
1150 2981 1322 3055 Placentia
1349 2981 1387 3053 in
1422 2981 1594 3056 divisione
1617 2984 1860 3078 permanebat,
1891 2995 2003 3059 atten-

581 3109 703 3184 dentes
732 3107 858 3180 milites
884 3104 1043 3199 ejusdem
1072 3105 1293 3196 lombardis,
1325 3105 1474 3198 populns
1496 3104 1538 3200 (c)
1564 3127 1650 3179 vero
1673 3128 1754 3180 cum
1779 3110 1945 3182 Cremona
1967 3120 2003 3183 et

580 3255 700 3308 eorum
719 3230 841 3304 amicis
861 3231 1046 3323 juraverat.
1072 3229 1186 3314 Quare
1209 3227 1373 3302 dominus
1397 3228 1613 3302 Guilliclmus
1635 3229 1688 3304 de·
1701 3230 1831 3305 Audito
1856 3233 1918 3327 qui
1939 3254 2003 3328 po-

579 3356 681 3451 pulos
706 3354 866 3448 ejusdem
902 3352 1055 3426 civitatis
1085 3360 1236 3448 preerat,
1264 3351 1384 3424 claves
1409 3373 1534 3426 aureas
1555 3353 1646 3426 sicut
1675 3353 1804 3428 dicitnr
1829 3377 1893 3452 per
1920 3379 2003 3431 suos

580 3479 727 3552 nuncios
743 3477 886 3552 domino
908 3476 1105 3572 imperatori
1131 3474 1318 3550 destinavit
1338 3501 1347 3546 r
1369 3475 1467 3572 quod
1487 3485 1561 3550 erat
1580 3477 1721 3572 signum
1744 3477 1917 3554 mandatis
1935 3481 2002 3552 im·

580 3603 746 3699 peratoris
761 3597 963 3675 obediendi.

629 3725 762 3799 Deinde
783 3726 970 3820 imperator
994 3721 1199 3796 Fredericus
1225 3720 1354 3796 direxit
1373 3722 1411 3796 in
1434 3723 1676 3800 Lamberdiam
1701 3727 1748 3805 ad
1775 3748 1859 3802 suos
1882 3726 2002 3802 fideles

581 3849 763 3947 epistolam
782 3847 1012 3921 continentem
1031 3847 1103 3918 ita:

624 4087 665 4168 (a)
689 4087 754 4164 Slc;
770 4086 892 4148 lorsltun
907 4083 1061 4164 trumlutu,
1075 4091 1111 4148 ut
1121 4103 1219 4166 supra.
1246 4163 1250 4170 1

624 4193 666 4274 (b)
688 4194 725 4255 ln
738 4194 839 4256 codice
852 4209 998 4256 messore.

623 4299 662 4382 (e)
689 4303 725 4363 In
737 4300 837 4362 codice
844 4295 974 4380 populis.

615 4645 651 4719 (l)
671 4645 707 4703 Le
718 4643 834 4704 chanan
854 4642 888 4702 de
904 4641 1011 4702 Trilels.
1026 4643 1064 4702 Le
1082 4642 1151 4702 recit
1167 4641 1201 4702 de
1212 4647 1290 4701 nube
1306 4641 1453 4718 chronique
1463 4648 1505 4703 est
1515 4641 1652 4702 conforme
1664 4657 1713 4703 sur
1725 4659 1759 4703 ce
1769 4645 1845 4719 point
1856 4643 1874 4704 i
1886 4645 2001 4705 calcide

579 4742 705 4803 Godeiroi
718 4742 752 4801 du
761 4742 886 4816 Colugne.
