<?xml version="1.0" encoding="UTF-8"?>
<!DOCTYPE html PUBLIC "-//W3C//DTD XHTML 1.0 Transitional//EN"
    "http://www.w3.org/TR/xhtml1/DTD/xhtml1-transitional.dtd">
<html xmlns="http://www.w3.org/1999/xhtml" xml:lang="en" lang="en">
 <head>
  <title>
</title>
<meta http-equiv="Content-Type" content="text/html;charset=utf-8" />
  <meta name='ocr-system' content='tesseract 3.04.00' />
  <meta name='ocr-capabilities' content='ocr_page ocr_carea ocr_par ocr_line ocrx_word'/>
</head>
<body>
  <div class='ocr_page' id='page_1' title='image "./chroniconplacen00huilgoog_0199.png"; bbox 0 0 4534 6074; ppageno 0'>
   <div class='ocr_carea' id='block_1_1' title="bbox 586 594 1530 678">
    <p class='ocr_par' dir='ltr' id='par_1_1' title="bbox 586 594 1530 678">
     <span class='ocr_line' id='line_1_1' title="bbox 586 594 1530 678; baseline 0.025 -24"><span class='ocrx_word' id='word_1_1' title='bbox 586 594 646 656; x_wconf 68' lang='grc'><strong>140</strong></span> <span class='ocrx_word' id='word_1_2' title='bbox 1060 603 1301 677; x_wconf 75' lang='lat' dir='ltr'><strong>crinemcou</strong></span> <span class='ocrx_word' id='word_1_3' title='bbox 1324 617 1377 678; x_wconf 84' lang='lat' dir='ltr'><strong>DE</strong></span> <span class='ocrx_word' id='word_1_4' title='bbox 1401 616 1530 678; x_wconf 76' lang='lat' dir='ltr'><strong>nanos</strong></span> 
     </span>
    </p>
   </div>
   <div class='ocr_carea' id='block_1_2' title="bbox 582 729 2010 960">
    <p class='ocr_par' dir='ltr' id='par_1_2' title="bbox 582 729 2010 960">
     <span class='ocr_line' id='line_1_2' title="bbox 582 729 2010 846; baseline 0.018 -43"><span class='ocrx_word' id='word_1_5' title='bbox 582 729 758 805; x_wconf 88' lang='lat' dir='ltr'><strong>Soldanus</strong></span> <span class='ocrx_word' id='word_1_6' title='bbox 769 731 815 808; x_wconf 92' lang='lat' dir='ltr'><strong>de</strong></span> <span class='ocrx_word' id='word_1_7' title='bbox 829 735 941 810; x_wconf 87' lang='lat' dir='ltr'><strong>Gunio</strong></span> <span class='ocrx_word' id='word_1_8' title='bbox 955 741 1052 834; x_wconf 89' lang='lat' dir='ltr'><strong>quod</strong></span> <span class='ocrx_word' id='word_1_9' title='bbox 1068 743 1251 840; x_wconf 85' lang='lat' dir='ltr'><strong>imperator</strong></span> <span class='ocrx_word' id='word_1_10' title='bbox 1261 751 1464 826; x_wconf 82' lang='lat' dir='ltr'><strong>Fredarious</strong></span> <span class='ocrx_word' id='word_1_11' title='bbox 1477 760 1568 826; x_wconf 85' lang='lat' dir='ltr'><strong>esset</strong></span> <span class='ocrx_word' id='word_1_12' title='bbox 1583 749 1740 846; x_wconf 83' lang='lat' dir='ltr'><strong>Philipis,</strong></span> <span class='ocrx_word' id='word_1_13' title='bbox 1756 751 1849 822; x_wconf 82' lang='lat' dir='ltr'><strong>misit</strong></span> <span class='ocrx_word' id='word_1_14' title='bbox 1861 753 1892 826; x_wconf 88' lang='lat' dir='ltr'><strong>ei</strong></span> <span class='ocrx_word' id='word_1_15' title='bbox 1905 753 2010 827; x_wconf 80' lang='lat' dir='ltr'><strong>salu·-</strong></span> 
     </span>
     <span class='ocr_line' id='line_1_3' title="bbox 582 856 1998 960; baseline 0.008 -35"><span class='ocrx_word' id='word_1_16' title='bbox 582 862 651 926; x_wconf 90' lang='lat' dir='ltr'><strong>tem</strong></span> <span class='ocrx_word' id='word_1_17' title='bbox 665 856 1019 951; x_wconf 86' lang='lat' dir='ltr'><strong>etquodblandioiter</strong></span> <span class='ocrx_word' id='word_1_18' title='bbox 1027 888 1089 960; x_wconf 91' lang='lat' dir='ltr'><strong>per</strong></span> <span class='ocrx_word' id='word_1_19' title='bbox 1102 878 1206 943; x_wconf 88' lang='lat' dir='ltr'><strong>totam</strong></span> <span class='ocrx_word' id='word_1_20' title='bbox 1218 896 1318 948; x_wconf 88' lang='lat' dir='ltr'><strong>suum</strong></span> <span class='ocrx_word' id='word_1_21' title='bbox 1333 889 1458 950; x_wconf 85' lang='lat' dir='ltr'><strong>terram</strong></span> <span class='ocrx_word' id='word_1_22' title='bbox 1468 875 1674 942; x_wconf 72' lang='lat' dir='ltr'><strong>tramieetet</strong></span> <span class='ocrx_word' id='word_1_23' title='bbox 1685 865 1829 936; x_wconf 89' lang='lat' dir='ltr'><strong>nuueios</strong></span> <span class='ocrx_word' id='word_1_24' title='bbox 1836 864 1998 959; x_wconf 83' lang='lat' dir='ltr'><strong>misitqui</strong></span> 
     </span>
    </p>
   </div>
   <div class='ocr_carea' id='block_1_3' title="bbox 569 977 1998 3054">
    <p class='ocr_par' dir='ltr' id='par_1_3' title="bbox 569 977 1998 3054">
     <span class='ocr_line' id='line_1_4' title="bbox 581 977 1998 1086; baseline 0.008 -38"><span class='ocrx_word' id='word_1_25' title='bbox 581 977 748 1052; x_wconf 80' lang='lat' dir='ltr'>ducerent</span> <span class='ocrx_word' id='word_1_26' title='bbox 768 1003 862 1054; x_wconf 91' lang='lat' dir='ltr'><strong>eum.</strong></span> <span class='ocrx_word' id='word_1_27' title='bbox 884 985 1020 1060; x_wconf 76' lang='lat' dir='ltr'><strong>Dimisit</strong></span> <span class='ocrx_word' id='word_1_28' title='bbox 1037 1001 1152 1062; x_wconf 88' lang='lat' dir='ltr'><strong>autem</strong></span> <span class='ocrx_word' id='word_1_29' title='bbox 1169 996 1271 1064; x_wconf 80' lang='lat' dir='ltr'>Cesar</span> <span class='ocrx_word' id='word_1_30' title='bbox 1285 1001 1418 1086; x_wconf 87' lang='lat' dir='ltr'><strong>partem</strong></span> <span class='ocrx_word' id='word_1_31' title='bbox 1436 991 1612 1064; x_wconf 84' lang='lat' dir='ltr'><strong>exereitus</strong></span> <span class='ocrx_word' id='word_1_32' title='bbox 1634 996 1764 1083; x_wconf 88' lang='lat' dir='ltr'><strong>etpost</strong></span> <span class='ocrx_word' id='word_1_33' title='bbox 1784 986 1904 1060; x_wconf 88' lang='lat' dir='ltr'><strong>deoem</strong></span> <span class='ocrx_word' id='word_1_34' title='bbox 1924 987 1998 1060; x_wconf 88' lang='lat' dir='ltr'><strong>dies</strong></span> 
     </span>
     <span class='ocr_line' id='line_1_5' title="bbox 579 1105 1998 1208; baseline 0.004 -34"><span class='ocrx_word' id='word_1_35' title='bbox 579 1105 765 1197; x_wconf 83' lang='lat' dir='ltr'><strong>occupavit</strong></span> <span class='ocrx_word' id='word_1_36' title='bbox 779 1105 1065 1200; x_wconf 81' lang='lat' dir='ltr'><strong>Andrinopolim3</strong></span> <span class='ocrx_word' id='word_1_37' title='bbox 1083 1109 1209 1183; x_wconf 82' lang='lat' dir='ltr'><strong>Turchi</strong></span> <span class='ocrx_word' id='word_1_38' title='bbox 1226 1134 1308 1187; x_wconf 84' lang='lat' dir='ltr'><strong>vero</strong></span> <span class='ocrx_word' id='word_1_39' title='bbox 1322 1123 1357 1186; x_wconf 91' lang='lat' dir='ltr'><strong>et</strong></span> <span class='ocrx_word' id='word_1_40' title='bbox 1372 1113 1469 1187; x_wconf 87' lang='lat' dir='ltr'><strong>Grsoi</strong></span> <span class='ocrx_word' id='word_1_41' title='bbox 1484 1115 1680 1208; x_wconf 75' lang='lat' dir='ltr'><strong>ingerente</strong></span> <span class='ocrx_word' id='word_1_42' title='bbox 1696 1110 1786 1184; x_wconf 84' lang='lat' dir='ltr'><strong>lueis</strong></span> <span class='ocrx_word' id='word_1_43' title='bbox 1798 1111 1876 1202; x_wconf 83' lang='lat' dir='ltr'><strong>ejus</strong></span> <span class='ocrx_word' id='word_1_44' title='bbox 1885 1109 1998 1182; x_wconf 86' lang='lat' dir='ltr'><strong>relin-</strong></span> 
     </span>
     <span class='ocr_line' id='line_1_6' title="bbox 579 1226 1997 1332; baseline 0.007 -38"><span class='ocrx_word' id='word_1_45' title='bbox 579 1233 725 1318; x_wconf 85' lang='lat' dir='ltr'><strong>quentes</strong></span> <span class='ocrx_word' id='word_1_46' title='bbox 745 1226 932 1300; x_wconf 88' lang='lat' dir='ltr'><strong>civitatem.</strong></span> <span class='ocrx_word' id='word_1_47' title='bbox 949 1229 1042 1302; x_wconf 87' lang='lat' dir='ltr'><strong>Misit</strong></span> <span class='ocrx_word' id='word_1_48' title='bbox 1055 1233 1232 1306; x_wconf 87' lang='lat' dir='ltr'><strong>Romanus</strong></span> <span class='ocrx_word' id='word_1_49' title='bbox 1245 1236 1431 1332; x_wconf 89' lang='lat' dir='ltr'><strong>imperator</strong></span> <span class='ocrx_word' id='word_1_50' title='bbox 1447 1245 1486 1308; x_wconf 88' lang='lat' dir='ltr'><strong>nt</strong></span> <span class='ocrx_word' id='word_1_51' title='bbox 1500 1257 1580 1331; x_wconf 86' lang='lat' dir='ltr'><strong>pars</strong></span> <span class='ocrx_word' id='word_1_52' title='bbox 1591 1233 1770 1307; x_wconf 76' lang='lat' dir='ltr'><strong>exereitus</strong></span> <span class='ocrx_word' id='word_1_53' title='bbox 1781 1233 1900 1306; x_wconf 78' lang='lat' dir='ltr'><strong>relicta</strong></span> <span class='ocrx_word' id='word_1_54' title='bbox 1916 1233 1997 1304; x_wconf 86' lang='lat' dir='ltr'><strong>eivi-</strong></span> 
     </span>
     <span class='ocr_line' id='line_1_7' title="bbox 579 1349 1998 1454; baseline 0.007 -36"><span class='ocrx_word' id='word_1_55' title='bbox 579 1357 647 1421; x_wconf 87' lang='lat' dir='ltr'><strong>tate</strong></span> <span class='ocrx_word' id='word_1_56' title='bbox 661 1349 848 1444; x_wconf 88' lang='lat' dir='ltr'><strong>Philipensi</strong></span> <span class='ocrx_word' id='word_1_57' title='bbox 872 1351 1031 1426; x_wconf 87' lang='lat' dir='ltr'><strong>venirent</strong></span> <span class='ocrx_word' id='word_1_58' title='bbox 1045 1355 1093 1428; x_wconf 92' lang='lat' dir='ltr'><strong>ad</strong></span> <span class='ocrx_word' id='word_1_59' title='bbox 1109 1377 1210 1446; x_wconf 87' lang='lat' dir='ltr'><strong>eum,</strong></span> <span class='ocrx_word' id='word_1_60' title='bbox 1239 1360 1384 1454; x_wconf 88' lang='lat' dir='ltr'><strong>ipsoque</strong></span> <span class='ocrx_word' id='word_1_61' title='bbox 1401 1367 1557 1432; x_wconf 79' lang='lat' dir='ltr'><strong>morante</strong></span> <span class='ocrx_word' id='word_1_62' title='bbox 1578 1357 1648 1446; x_wconf 88' lang='lat' dir='ltr'><strong>ibi,</strong></span> <span class='ocrx_word' id='word_1_63' title='bbox 1668 1357 1799 1429; x_wconf 88' lang='lat' dir='ltr'><strong>Greous</strong></span> <span class='ocrx_word' id='word_1_64' title='bbox 1811 1356 1998 1451; x_wconf 87' lang='lat' dir='ltr'><strong>imperator</strong></span> 
     </span>
     <span class='ocr_line' id='line_1_8' title="bbox 577 1473 1996 1579; baseline 0.008 -37"><span class='ocrx_word' id='word_1_65' title='bbox 577 1473 977 1567; x_wconf 83' lang='lat' dir='ltr'><strong>preparavitmaximnm</strong></span> <span class='ocrx_word' id='word_1_66' title='bbox 987 1481 1192 1570; x_wconf 88' lang='lat' dir='ltr'><strong>exercitum,</strong></span> <span class='ocrx_word' id='word_1_67' title='bbox 1203 1483 1366 1578; x_wconf 76' lang='lat' dir='ltr'><strong>misitque</strong></span> <span class='ocrx_word' id='word_1_68' title='bbox 1380 1483 1494 1579; x_wconf 92' lang='lat' dir='ltr'><strong>ipsum</strong></span> <span class='ocrx_word' id='word_1_69' title='bbox 1504 1482 1697 1556; x_wconf 80' lang='lat' dir='ltr'><strong>exereitum</strong></span> <span class='ocrx_word' id='word_1_70' title='bbox 1712 1491 1831 1554; x_wconf 79' lang='lat' dir='ltr'><strong>eontra</strong></span> <span class='ocrx_word' id='word_1_71' title='bbox 1848 1482 1996 1576; x_wconf 81' lang='lat' dir='ltr'><strong>impera·</strong></span> 
     </span>
     <span class='ocr_line' id='line_1_9' title="bbox 578 1598 1995 1680; baseline 0.006 -11"><span class='ocrx_word' id='word_1_72' title='bbox 578 1605 685 1669; x_wconf 89' lang='lat' dir='ltr'><strong>torem</strong></span> <span class='ocrx_word' id='word_1_73' title='bbox 700 1598 906 1672; x_wconf 80' lang='lat' dir='ltr'><strong>Romanum.</strong></span> <span class='ocrx_word' id='word_1_74' title='bbox 919 1599 1022 1676; x_wconf 80' lang='lat' dir='ltr'><strong>Cesar</strong></span> <span class='ocrx_word' id='word_1_75' title='bbox 1033 1613 1149 1677; x_wconf 87' lang='lat' dir='ltr'><strong>autem</strong></span> <span class='ocrx_word' id='word_1_76' title='bbox 1165 1606 1385 1680; x_wconf 89' lang='lat' dir='ltr'><strong>Fredericum</strong></span> <span class='ocrx_word' id='word_1_77' title='bbox 1401 1606 1512 1678; x_wconf 88' lang='lat' dir='ltr'><strong>lilium</strong></span> <span class='ocrx_word' id='word_1_78' title='bbox 1529 1627 1632 1679; x_wconf 91' lang='lat' dir='ltr'><strong>suum</strong></span> <span class='ocrx_word' id='word_1_79' title='bbox 1648 1605 1771 1677; x_wconf 87' lang='lat' dir='ltr'><strong>oumbl</strong></span> <span class='ocrx_word' id='word_1_80' title='bbox 1785 1605 1949 1676; x_wconf 89' lang='lat' dir='ltr'><strong>militibus</strong></span> <span class='ocrx_word' id='word_1_81' title='bbox 1960 1617 1995 1677; x_wconf 92' lang='lat' dir='ltr'><strong>et</strong></span> 
     </span>
     <span class='ocr_line' id='line_1_10' title="bbox 577 1721 1995 1828; baseline 0.007 -36"><span class='ocrx_word' id='word_1_82' title='bbox 577 1721 748 1815; x_wconf 69' lang='lat' dir='ltr'><strong>sagittariis</strong></span> <span class='ocrx_word' id='word_1_83' title='bbox 767 1725 920 1818; x_wconf 81' lang='lat' dir='ltr'><strong>premisit</strong></span> <span class='ocrx_word' id='word_1_84' title='bbox 931 1735 966 1798; x_wconf 88' lang='lat' dir='ltr'><strong>et</strong></span> <span class='ocrx_word' id='word_1_85' title='bbox 977 1727 1155 1820; x_wconf 89' lang='lat' dir='ltr'><strong>preliando</strong></span> <span class='ocrx_word' id='word_1_86' title='bbox 1168 1753 1247 1804; x_wconf 91' lang='lat' dir='ltr'><strong>cum</strong></span> <span class='ocrx_word' id='word_1_87' title='bbox 1263 1733 1314 1805; x_wconf 89' lang='lat' dir='ltr'><strong>sis</strong></span> <span class='ocrx_word' id='word_1_88' title='bbox 1329 1733 1508 1828; x_wconf 83' lang='lat' dir='ltr'><strong>superavit</strong></span> <span class='ocrx_word' id='word_1_89' title='bbox 1521 1727 1752 1824; x_wconf 84' lang='lat' dir='ltr'><strong>lugientesad</strong></span> <span class='ocrx_word' id='word_1_90' title='bbox 1766 1730 1894 1801; x_wconf 85' lang='lat' dir='ltr'><strong>menia.</strong></span> <span class='ocrx_word' id='word_1_91' title='bbox 1912 1731 1995 1802; x_wconf 90' lang='lat' dir='ltr'><strong>Des·</strong></span> 
     </span>
     <span class='ocr_line' id='line_1_11' title="bbox 577 1840 1993 1945; baseline 0.007 -32"><span class='ocrx_word' id='word_1_92' title='bbox 577 1841 730 1914; x_wconf 87' lang='lat' dir='ltr'><strong>eandeus</strong></span> <span class='ocrx_word' id='word_1_93' title='bbox 744 1843 819 1916; x_wconf 79' lang='lat' dir='ltr'><strong>dur</strong></span> <span class='ocrx_word' id='word_1_94' title='bbox 832 1840 1034 1918; x_wconf 82' lang='lat' dir='ltr'><strong>Frederious</strong></span> <span class='ocrx_word' id='word_1_95' title='bbox 1056 1848 1102 1921; x_wconf 92' lang='lat' dir='ltr'><strong>de</strong></span> <span class='ocrx_word' id='word_1_96' title='bbox 1121 1872 1213 1944; x_wconf 90' lang='lat' dir='ltr'><strong>equo</strong></span> <span class='ocrx_word' id='word_1_97' title='bbox 1230 1875 1310 1924; x_wconf 89' lang='lat' dir='ltr'><strong>eum</strong></span> <span class='ocrx_word' id='word_1_98' title='bbox 1328 1854 1422 1925; x_wconf 93' lang='lat' dir='ltr'><strong>omni</strong></span> <span class='ocrx_word' id='word_1_99' title='bbox 1436 1873 1501 1924; x_wconf 91' lang='lat' dir='ltr'><strong>suo</strong></span> <span class='ocrx_word' id='word_1_100' title='bbox 1518 1851 1674 1924; x_wconf 77' lang='lat' dir='ltr'><strong>exercitu</strong></span> <span class='ocrx_word' id='word_1_101' title='bbox 1693 1851 1769 1945; x_wconf 89' lang='lat' dir='ltr'><strong>ipsa</strong></span> <span class='ocrx_word' id='word_1_102' title='bbox 1783 1850 1898 1922; x_wconf 90' lang='lat' dir='ltr'><strong>menia</strong></span> <span class='ocrx_word' id='word_1_103' title='bbox 1912 1871 1993 1922; x_wconf 88' lang='lat' dir='ltr'><strong>oum</strong></span> 
     </span>
     <span class='ocr_line' id='line_1_12' title="bbox 576 1966 1993 2068; baseline 0.006 -30"><span class='ocrx_word' id='word_1_104' title='bbox 576 1966 738 2038; x_wconf 87' lang='lat' dir='ltr'><strong>omnibus</strong></span> <span class='ocrx_word' id='word_1_105' title='bbox 753 1968 903 2041; x_wconf 85' lang='lat' dir='ltr'><strong>maxima</strong></span> <span class='ocrx_word' id='word_1_106' title='bbox 918 1970 1045 2044; x_wconf 87' lang='lat' dir='ltr'><strong>virtute</strong></span> <span class='ocrx_word' id='word_1_107' title='bbox 1059 1973 1151 2068; x_wconf 93' lang='lat' dir='ltr'><strong>oepit</strong></span> <span class='ocrx_word' id='word_1_108' title='bbox 1166 1985 1201 2046; x_wconf 89' lang='lat' dir='ltr'><strong>et</strong></span> <span class='ocrx_word' id='word_1_109' title='bbox 1218 1976 1430 2064; x_wconf 73' lang='lat' dir='ltr'><strong>devastavit3</strong></span> <span class='ocrx_word' id='word_1_110' title='bbox 1447 1973 1510 2048; x_wconf 85' lang='lat' dir='ltr'><strong>sed</strong></span> <span class='ocrx_word' id='word_1_111' title='bbox 1524 1972 1709 2047; x_wconf 80' lang='lat' dir='ltr'><strong>duodecim</strong></span> <span class='ocrx_word' id='word_1_112' title='bbox 1723 1973 1848 2046; x_wconf 86' lang='lat' dir='ltr'><strong>Turohi</strong></span> <span class='ocrx_word' id='word_1_113' title='bbox 1864 1995 1993 2068; x_wconf 81' lang='lat' dir='ltr'><strong>quam·-</strong></span> 
     </span>
     <span class='ocr_line' id='line_1_13' title="bbox 576 2089 1994 2190; baseline 0.005 -27"><span class='ocrx_word' id='word_1_114' title='bbox 576 2089 657 2163; x_wconf 90' lang='lat' dir='ltr'><strong>dam</strong></span> <span class='ocrx_word' id='word_1_115' title='bbox 670 2089 898 2164; x_wconf 86' lang='lat' dir='ltr'><strong>firmissimam</strong></span> <span class='ocrx_word' id='word_1_116' title='bbox 916 2094 1143 2168; x_wconf 90' lang='lat' dir='ltr'><strong>munitionem</strong></span> <span class='ocrx_word' id='word_1_117' title='bbox 1155 2097 1373 2170; x_wconf 88' lang='lat' dir='ltr'><strong>intraverunt</strong></span> <span class='ocrx_word' id='word_1_118' title='bbox 1389 2109 1424 2170; x_wconf 91' lang='lat' dir='ltr'><strong>et</strong></span> <span class='ocrx_word' id='word_1_119' title='bbox 1441 2097 1641 2170; x_wconf 87' lang='lat' dir='ltr'><strong>mirabiliter</strong></span> <span class='ocrx_word' id='word_1_120' title='bbox 1654 2096 1850 2170; x_wconf 72' lang='lat' dir='ltr'><strong>resistamns</strong></span> <span class='ocrx_word' id='word_1_121' title='bbox 1863 2117 1994 2190; x_wconf 88' lang='lat' dir='ltr'><strong>quous·</strong></span> 
     </span>
     <span class='ocr_line' id='line_1_14' title="bbox 574 2213 1991 2315; baseline 0.006 -32"><span class='ocrx_word' id='word_1_122' title='bbox 574 2233 644 2306; x_wconf 89' lang='lat' dir='ltr'><strong>que</strong></span> <span class='ocrx_word' id='word_1_123' title='bbox 657 2234 717 2286; x_wconf 85' lang='lat' dir='ltr'><strong>eos</strong></span> <span class='ocrx_word' id='word_1_124' title='bbox 731 2213 821 2286; x_wconf 91' lang='lat' dir='ltr'><strong>inter</strong></span> <span class='ocrx_word' id='word_1_125' title='bbox 831 2213 947 2308; x_wconf 80' lang='lat' dir='ltr'><strong>ignem</strong></span> <span class='ocrx_word' id='word_1_126' title='bbox 958 2214 1009 2314; x_wconf 84' lang='lat' dir='ltr'><strong>(u)</strong></span> <span class='ocrx_word' id='word_1_127' title='bbox 1018 2228 1271 2291; x_wconf 88' lang='lat' dir='ltr'><strong>cremaverunt.</strong></span> <span class='ocrx_word' id='word_1_128' title='bbox 1280 2219 1412 2292; x_wconf 86' lang='lat' dir='ltr'><strong>Deinde</strong></span> <span class='ocrx_word' id='word_1_129' title='bbox 1425 2219 1610 2315; x_wconf 89' lang='lat' dir='ltr'><strong>imperator</strong></span> <span class='ocrx_word' id='word_1_130' title='bbox 1621 2221 1753 2292; x_wconf 85' lang='lat' dir='ltr'><strong>Grecos</strong></span> <span class='ocrx_word' id='word_1_131' title='bbox 1764 2229 1842 2314; x_wconf 86' lang='lat' dir='ltr'><strong>poet</strong></span> <span class='ocrx_word' id='word_1_132' title='bbox 1857 2230 1991 2314; x_wconf 87' lang='lat' dir='ltr'><strong>septem</strong></span> 
     </span>
     <span class='ocr_line' id='line_1_15' title="bbox 574 2334 1991 2437; baseline 0.005 -29"><span class='ocrx_word' id='word_1_133' title='bbox 574 2334 650 2408; x_wconf 82' lang='lat' dir='ltr'><strong>dies</strong></span> <span class='ocrx_word' id='word_1_134' title='bbox 668 2337 761 2408; x_wconf 80' lang='lat' dir='ltr'><strong>misit</strong></span> <span class='ocrx_word' id='word_1_135' title='bbox 775 2338 850 2408; x_wconf 88' lang='lat' dir='ltr'><strong>XVl</strong></span> <span class='ocrx_word' id='word_1_136' title='bbox 866 2339 1005 2410; x_wconf 88' lang='lat' dir='ltr'><strong>nuntios</strong></span> <span class='ocrx_word' id='word_1_137' title='bbox 1019 2339 1065 2412; x_wconf 89' lang='lat' dir='ltr'><strong>de</strong></span> <span class='ocrx_word' id='word_1_138' title='bbox 1078 2341 1280 2414; x_wconf 90' lang='lat' dir='ltr'><strong>melioribus</strong></span> <span class='ocrx_word' id='word_1_139' title='bbox 1294 2361 1382 2434; x_wconf 86' lang='lat' dir='ltr'><strong>quos</strong></span> <span class='ocrx_word' id='word_1_140' title='bbox 1399 2341 1550 2414; x_wconf 85' lang='lat' dir='ltr'><strong>habebat</strong></span> <span class='ocrx_word' id='word_1_141' title='bbox 1570 2341 1616 2414; x_wconf 86' lang='lat' dir='ltr'><strong>ad</strong></span> <span class='ocrx_word' id='word_1_142' title='bbox 1634 2343 1826 2414; x_wconf 88' lang='lat' dir='ltr'><strong>Romanurn</strong></span> <span class='ocrx_word' id='word_1_143' title='bbox 1843 2342 1991 2437; x_wconf 86' lang='lat' dir='ltr'><strong>impera·</strong></span> 
     </span>
     <span class='ocr_line' id='line_1_16' title="bbox 572 2457 1992 2558; baseline -0.001 -26"><span class='ocrx_word' id='word_1_144' title='bbox 572 2469 699 2548; x_wconf 91' lang='lat' dir='ltr'><strong>torem,</strong></span> <span class='ocrx_word' id='word_1_145' title='bbox 716 2459 873 2532; x_wconf 86' lang='lat' dir='ltr'><strong>dicentes</strong></span> <span class='ocrx_word' id='word_1_146' title='bbox 889 2459 987 2554; x_wconf 90' lang='lat' dir='ltr'><strong>quod</strong></span> <span class='ocrx_word' id='word_1_147' title='bbox 1003 2483 1049 2534; x_wconf 85' lang='lat' dir='ltr'><strong>ex</strong></span> <span class='ocrx_word' id='word_1_148' title='bbox 1066 2472 1163 2558; x_wconf 90' lang='lat' dir='ltr'><strong>parte</strong></span> <span class='ocrx_word' id='word_1_149' title='bbox 1174 2483 1294 2536; x_wconf 88' lang='lat' dir='ltr'><strong>eorum</strong></span> <span class='ocrx_word' id='word_1_150' title='bbox 1311 2461 1526 2556; x_wconf 83' lang='lat' dir='ltr'><strong>imperatoris</strong></span> <span class='ocrx_word' id='word_1_151' title='bbox 1540 2461 1688 2532; x_wconf 90' lang='lat' dir='ltr'><strong>liberum</strong></span> <span class='ocrx_word' id='word_1_152' title='bbox 1702 2459 1736 2530; x_wconf 91' lang='lat' dir='ltr'><strong>ei</strong></span> <span class='ocrx_word' id='word_1_153' title='bbox 1755 2457 1992 2531; x_wconf 80' lang='lat' dir='ltr'><strong>consedebant</strong></span> 
     </span>
     <span class='ocr_line' id='line_1_17' title="bbox 570 2583 1991 2681; baseline 0 -25"><span class='ocrx_word' id='word_1_154' title='bbox 570 2585 752 2656; x_wconf 88' lang='lat' dir='ltr'><strong>transitum</strong></span> <span class='ocrx_word' id='word_1_155' title='bbox 770 2593 805 2656; x_wconf 90' lang='lat' dir='ltr'><strong>et</strong></span> <span class='ocrx_word' id='word_1_156' title='bbox 818 2595 857 2656; x_wconf 91' lang='lat' dir='ltr'><strong>ut</strong></span> <span class='ocrx_word' id='word_1_157' title='bbox 875 2607 1018 2658; x_wconf 86' lang='lat' dir='ltr'><strong>securos</strong></span> <span class='ocrx_word' id='word_1_158' title='bbox 1033 2608 1095 2681; x_wconf 90' lang='lat' dir='ltr'><strong>per</strong></span> <span class='ocrx_word' id='word_1_159' title='bbox 1108 2597 1214 2659; x_wconf 89' lang='lat' dir='ltr'><strong>totam</strong></span> <span class='ocrx_word' id='word_1_160' title='bbox 1230 2608 1330 2660; x_wconf 87' lang='lat' dir='ltr'><strong>suam</strong></span> <span class='ocrx_word' id='word_1_161' title='bbox 1348 2595 1472 2658; x_wconf 89' lang='lat' dir='ltr'><strong>terram</strong></span> <span class='ocrx_word' id='word_1_162' title='bbox 1487 2584 1664 2672; x_wconf 86' lang='lat' dir='ltr'><strong>transiret;</strong></span> <span class='ocrx_word' id='word_1_163' title='bbox 1676 2583 1862 2677; x_wconf 89' lang='lat' dir='ltr'><strong>imperator</strong></span> <span class='ocrx_word' id='word_1_164' title='bbox 1874 2593 1991 2656; x_wconf 86' lang='lat' dir='ltr'><strong>autem</strong></span> 
     </span>
     <span class='ocr_line' id='line_1_18' title="bbox 570 2705 1987 2804; baseline -0.002 -25"><span class='ocrx_word' id='word_1_165' title='bbox 570 2707 772 2780; x_wconf 81' lang='lat' dir='ltr'><strong>Frederious</strong></span> <span class='ocrx_word' id='word_1_166' title='bbox 807 2709 955 2782; x_wconf 83' lang='lat' dir='ltr'><strong>libenter</strong></span> <span class='ocrx_word' id='word_1_167' title='bbox 987 2709 1126 2782; x_wconf 90' lang='lat' dir='ltr'><strong>volebat</strong></span> <span class='ocrx_word' id='word_1_168' title='bbox 1158 2709 1209 2782; x_wconf 91' lang='lat' dir='ltr'><strong>ire</strong></span> <span class='ocrx_word' id='word_1_169' title='bbox 1243 2708 1291 2782; x_wconf 88' lang='lat' dir='ltr'><strong>ad</strong></span> <span class='ocrx_word' id='word_1_170' title='bbox 1328 2708 1605 2804; x_wconf 76' lang='lat' dir='ltr'><strong>expugnandum</strong></span> <span class='ocrx_word' id='word_1_171' title='bbox 1638 2705 1987 2800; x_wconf 90' lang='lat' dir='ltr'><strong>Constantinopolim;</strong></span> 
     </span>
     <span class='ocr_line' id='line_1_19' title="bbox 569 2829 1990 2929; baseline -0.003 -25"><span class='ocrx_word' id='word_1_172' title='bbox 569 2841 686 2904; x_wconf 87' lang='lat' dir='ltr'><strong>tamen</strong></span> <span class='ocrx_word' id='word_1_173' title='bbox 706 2832 869 2906; x_wconf 81' lang='lat' dir='ltr'><strong>conscilio</strong></span> <span class='ocrx_word' id='word_1_174' title='bbox 893 2833 1089 2929; x_wconf 84' lang='lat' dir='ltr'><strong>principum</strong></span> <span class='ocrx_word' id='word_1_175' title='bbox 1105 2833 1237 2926; x_wconf 88' lang='lat' dir='ltr'><strong>habito,</strong></span> <span class='ocrx_word' id='word_1_176' title='bbox 1256 2834 1350 2906; x_wconf 85' lang='lat' dir='ltr'><strong>vium</strong></span> <span class='ocrx_word' id='word_1_177' title='bbox 1370 2841 1498 2904; x_wconf 85' lang='lat' dir='ltr'><strong>rectam</strong></span> <span class='ocrx_word' id='word_1_178' title='bbox 1515 2831 1666 2906; x_wconf 85' lang='lat' dir='ltr'><strong>obtinuit</strong></span> <span class='ocrx_word' id='word_1_179' title='bbox 1689 2840 1729 2902; x_wconf 90' lang='lat' dir='ltr'><strong>nt</strong></span> <span class='ocrx_word' id='word_1_180' title='bbox 1753 2851 1858 2923; x_wconf 85' lang='lat' dir='ltr'><strong>qoam</strong></span> <span class='ocrx_word' id='word_1_181' title='bbox 1881 2829 1990 2900; x_wconf 85' lang='lat' dir='ltr'><strong>cicius</strong></span> 
     </span>
     <span class='ocr_line' id='line_1_20' title="bbox 570 2951 1991 3054; baseline -0.001 -26"><span class='ocrx_word' id='word_1_182' title='bbox 570 2963 688 3051; x_wconf 86' lang='lat' dir='ltr'><strong>posset</strong></span> <span class='ocrx_word' id='word_1_183' title='bbox 704 2957 875 3028; x_wconf 84' lang='lat' dir='ltr'><strong>auxilium</strong></span> <span class='ocrx_word' id='word_1_184' title='bbox 892 2957 1090 3032; x_wconf 82' lang='lat' dir='ltr'><strong>christianis</strong></span> <span class='ocrx_word' id='word_1_185' title='bbox 1114 2967 1262 3054; x_wconf 86' lang='lat' dir='ltr'><strong>pararet.</strong></span> <span class='ocrx_word' id='word_1_186' title='bbox 1289 2951 1598 3052; x_wconf 86' lang='lat' dir='ltr'><strong>Tune&#39;imperator</strong></span> <span class='ocrx_word' id='word_1_187' title='bbox 1618 2953 1823 3026; x_wconf 86' lang='lat' dir='ltr'><strong>Frederioua</strong></span> <span class='ocrx_word' id='word_1_188' title='bbox 1844 2953 1945 3048; x_wconf 88' lang='lat' dir='ltr'><strong>petiit</strong></span> <span class='ocrx_word' id='word_1_189' title='bbox 1967 2975 1991 3026; x_wconf 85' lang='lat' dir='ltr'><strong>a</strong></span> 
     </span>
    </p>
   </div>
   <div class='ocr_carea' id='block_1_4' title="bbox 569 3076 1991 3796">
    <p class='ocr_par' dir='ltr' id='par_1_4' title="bbox 569 3076 1991 3796">
     <span class='ocr_line' id='line_1_21' title="bbox 570 3076 1991 3178; baseline -0.001 -26"><span class='ocrx_word' id='word_1_190' title='bbox 570 3079 678 3152; x_wconf 89' lang='lat' dir='ltr'><strong>Greoo</strong></span> <span class='ocrx_word' id='word_1_191' title='bbox 698 3080 900 3176; x_wconf 83' lang='lat' dir='ltr'><strong>imperatore</strong></span> <span class='ocrx_word' id='word_1_192' title='bbox 926 3081 1103 3174; x_wconf 76' lang='lat' dir='ltr'><strong>obsedes,</strong></span> <span class='ocrx_word' id='word_1_193' title='bbox 1121 3093 1154 3156; x_wconf 90' lang='lat' dir='ltr'><strong>et</strong></span> <span class='ocrx_word' id='word_1_194' title='bbox 1172 3084 1246 3178; x_wconf 92' lang='lat' dir='ltr'><strong>ipse</strong></span> <span class='ocrx_word' id='word_1_195' title='bbox 1272 3081 1366 3154; x_wconf 84' lang='lat' dir='ltr'><strong>misit</strong></span> <span class='ocrx_word' id='word_1_196' title='bbox 1390 3083 1423 3154; x_wconf 92' lang='lat' dir='ltr'><strong>ei</strong></span> <span class='ocrx_word' id='word_1_197' title='bbox 1449 3080 1635 3156; x_wconf 89' lang='lat' dir='ltr'><strong>doodeoim</strong></span> <span class='ocrx_word' id='word_1_198' title='bbox 1663 3079 1725 3173; x_wconf 91' lang='lat' dir='ltr'><strong>qui</strong></span> <span class='ocrx_word' id='word_1_199' title='bbox 1751 3076 1991 3173; x_wconf 79' lang='lat' dir='ltr'><strong>perduxerunt</strong></span> 
     </span>
     <span class='ocr_line' id='line_1_22' title="bbox 570 3201 1989 3300; baseline -0.003 -22"><span class='ocrx_word' id='word_1_200' title='bbox 570 3224 651 3278; x_wconf 91' lang='lat' dir='ltr'><strong>eum</strong></span> <span class='ocrx_word' id='word_1_201' title='bbox 678 3205 880 3300; x_wconf 89' lang='lat' dir='ltr'><strong>Galiopolim</strong></span> <span class='ocrx_word' id='word_1_202' title='bbox 907 3205 970 3277; x_wconf 94' lang='lat' dir='ltr'><strong>ubi</strong></span> <span class='ocrx_word' id='word_1_203' title='bbox 1002 3207 1181 3280; x_wconf 79' lang='lat' dir='ltr'><strong>transitum</strong></span> <span class='ocrx_word' id='word_1_204' title='bbox 1210 3205 1420 3279; x_wconf 88' lang='lat' dir='ltr'><strong>babuerunt.</strong></span> <span class='ocrx_word' id='word_1_205' title='bbox 1438 3203 1836 3299; x_wconf 84' lang='lat' dir='ltr'><strong>Constantinopolitanae</strong></span> <span class='ocrx_word' id='word_1_206' title='bbox 1857 3201 1905 3298; x_wconf 76' lang='lat' dir='ltr'><strong>(d)</strong></span> <span class='ocrx_word' id='word_1_207' title='bbox 1923 3201 1989 3274; x_wconf 91' lang='lat' dir='ltr'><strong>im-</strong></span> 
     </span>
     <span class='ocr_line' id='line_1_23' title="bbox 570 3323 1988 3426; baseline -0.004 -26"><span class='ocrx_word' id='word_1_208' title='bbox 570 3339 705 3423; x_wconf 89' lang='lat' dir='ltr'><strong>perator</strong></span> <span class='ocrx_word' id='word_1_209' title='bbox 731 3329 880 3423; x_wconf 90' lang='lat' dir='ltr'><strong>amplius</strong></span> <span class='ocrx_word' id='word_1_210' title='bbox 908 3330 942 3402; x_wconf 90' lang='lat' dir='ltr'><strong>ei</strong></span> <span class='ocrx_word' id='word_1_211' title='bbox 967 3328 1065 3402; x_wconf 90' lang='lat' dir='ltr'><strong>dedit</strong></span> <span class='ocrx_word' id='word_1_212' title='bbox 1093 3352 1202 3403; x_wconf 88' lang='lat' dir='ltr'><strong>naves</strong></span> <span class='ocrx_word' id='word_1_213' title='bbox 1227 3353 1333 3424; x_wconf 85' lang='lat' dir='ltr'><strong>quam</strong></span> <span class='ocrx_word' id='word_1_214' title='bbox 1360 3329 1581 3426; x_wconf 87' lang='lat' dir='ltr'><strong>promiserat,</strong></span> <span class='ocrx_word' id='word_1_215' title='bbox 1603 3327 1651 3400; x_wconf 86' lang='lat' dir='ltr'><strong>ita</strong></span> <span class='ocrx_word' id='word_1_216' title='bbox 1672 3335 1788 3398; x_wconf 72' lang='lat' dir='ltr'><strong>bmen</strong></span> <span class='ocrx_word' id='word_1_217' title='bbox 1806 3323 1905 3420; x_wconf 93' lang='lat' dir='ltr'><strong>quod</strong></span> <span class='ocrx_word' id='word_1_218' title='bbox 1927 3345 1988 3420; x_wconf 91' lang='lat' dir='ltr'><strong>per</strong></span> 
     </span>
     <span class='ocr_line' id='line_1_24' title="bbox 569 3449 1984 3545; baseline -0.001 -23"><span class='ocrx_word' id='word_1_219' title='bbox 569 3471 680 3522; x_wconf 89' lang='lat' dir='ltr'><strong>unum</strong></span> <span class='ocrx_word' id='word_1_220' title='bbox 709 3450 804 3524; x_wconf 92' lang='lat' dir='ltr'><strong>diem</strong></span> <span class='ocrx_word' id='word_1_221' title='bbox 830 3452 1051 3525; x_wconf 86' lang='lat' dir='ltr'><strong>transierunt.</strong></span> <span class='ocrx_word' id='word_1_222' title='bbox 1077 3455 1157 3526; x_wconf 83' lang='lat' dir='ltr'><strong>Dux</strong></span> <span class='ocrx_word' id='word_1_223' title='bbox 1182 3476 1266 3527; x_wconf 84' lang='lat' dir='ltr'><strong>vero</strong></span> <span class='ocrx_word' id='word_1_224' title='bbox 1283 3476 1364 3526; x_wconf 89' lang='lat' dir='ltr'><strong>enm</strong></span> <span class='ocrx_word' id='word_1_225' title='bbox 1390 3453 1485 3526; x_wconf 91' lang='lat' dir='ltr'><strong>omni</strong></span> <span class='ocrx_word' id='word_1_226' title='bbox 1508 3452 1665 3524; x_wconf 84' lang='lat' dir='ltr'><strong>exercitu</strong></span> <span class='ocrx_word' id='word_1_227' title='bbox 1691 3451 1789 3545; x_wconf 91' lang='lat' dir='ltr'><strong>prius</strong></span> <span class='ocrx_word' id='word_1_228' title='bbox 1806 3449 1984 3536; x_wconf 81' lang='lat' dir='ltr'><strong>transivit,</strong></span> 
     </span>
     <span class='ocr_line' id='line_1_25' title="bbox 570 3573 1983 3671; baseline -0.001 -25"><span class='ocrx_word' id='word_1_229' title='bbox 570 3583 666 3668; x_wconf 90' lang='lat' dir='ltr'><strong>pater</strong></span> <span class='ocrx_word' id='word_1_230' title='bbox 683 3597 768 3649; x_wconf 86' lang='lat' dir='ltr'><strong>vero</strong></span> <span class='ocrx_word' id='word_1_231' title='bbox 781 3575 818 3648; x_wconf 93' lang='lat' dir='ltr'><strong>iu</strong></span> <span class='ocrx_word' id='word_1_232' title='bbox 836 3577 987 3671; x_wconf 88' lang='lat' dir='ltr'><strong>quadam</strong></span> <span class='ocrx_word' id='word_1_233' title='bbox 1006 3577 1104 3671; x_wconf 80' lang='lat' dir='ltr'><strong>galea</strong></span> <span class='ocrx_word' id='word_1_234' title='bbox 1123 3599 1204 3650; x_wconf 89' lang='lat' dir='ltr'><strong>cum</strong></span> <span class='ocrx_word' id='word_1_235' title='bbox 1221 3578 1406 3671; x_wconf 80' lang='lat' dir='ltr'><strong>sagittariis</strong></span> <span class='ocrx_word' id='word_1_236' title='bbox 1422 3588 1458 3650; x_wconf 89' lang='lat' dir='ltr'><strong>et</strong></span> <span class='ocrx_word' id='word_1_237' title='bbox 1472 3575 1669 3650; x_wconf 81' lang='lat' dir='ltr'><strong>ballistariis</strong></span> <span class='ocrx_word' id='word_1_238' title='bbox 1691 3584 1783 3646; x_wconf 86' lang='lat' dir='ltr'><strong>retro</strong></span> <span class='ocrx_word' id='word_1_239' title='bbox 1801 3573 1906 3646; x_wconf 93' lang='lat' dir='ltr'><strong>rediit</strong></span> <span class='ocrx_word' id='word_1_240' title='bbox 1919 3573 1983 3667; x_wconf 82' lang='lat' dir='ltr'>(c),</span> 
     </span>
     <span class='ocr_line' id='line_1_26' title="bbox 570 3697 1985 3796; baseline -0.002 -26"><span class='ocrx_word' id='word_1_241' title='bbox 570 3699 713 3772; x_wconf 80' lang='lat' dir='ltr'><strong>veniens</strong></span> <span class='ocrx_word' id='word_1_242' title='bbox 729 3699 779 3796; x_wconf 76' lang='lat' dir='ltr'><strong>(d)</strong></span> <span class='ocrx_word' id='word_1_243' title='bbox 794 3699 1064 3795; x_wconf 89' lang='lat' dir='ltr'><strong>Philedelpbim,</strong></span> <span class='ocrx_word' id='word_1_244' title='bbox 1092 3708 1129 3772; x_wconf 90' lang='lat' dir='ltr'><strong>&#39;et</strong></span> <span class='ocrx_word' id='word_1_245' title='bbox 1147 3701 1231 3795; x_wconf 90' lang='lat' dir='ltr'><strong>quia</strong></span> <span class='ocrx_word' id='word_1_246' title='bbox 1249 3723 1365 3795; x_wconf 87' lang='lat' dir='ltr'><strong>preses</strong></span> <span class='ocrx_word' id='word_1_247' title='bbox 1377 3701 1470 3773; x_wconf 90' lang='lat' dir='ltr'><strong>illius</strong></span> <span class='ocrx_word' id='word_1_248' title='bbox 1489 3700 1639 3774; x_wconf 86' lang='lat' dir='ltr'><strong>civitatis</strong></span> <span class='ocrx_word' id='word_1_249' title='bbox 1661 3699 1800 3771; x_wconf 89' lang='lat' dir='ltr'><strong>nolebat</strong></span> <span class='ocrx_word' id='word_1_250' title='bbox 1818 3697 1985 3768; x_wconf 89' lang='lat' dir='ltr'><strong>tributum</strong></span> 
     </span>
    </p>
   </div>
   <div class='ocr_carea' id='block_1_5' title="bbox 567 3820 1987 4168">
    <p class='ocr_par' dir='ltr' id='par_1_5' title="bbox 567 3820 1987 4168">
     <span class='ocr_line' id='line_1_27' title="bbox 569 3820 1983 3919; baseline -0.001 -25"><span class='ocrx_word' id='word_1_251' title='bbox 569 3821 731 3917; x_wconf 88' lang='lat' dir='ltr'><strong>prebere,</strong></span> <span class='ocrx_word' id='word_1_252' title='bbox 748 3845 828 3896; x_wconf 90' lang='lat' dir='ltr'><strong>eum</strong></span> <span class='ocrx_word' id='word_1_253' title='bbox 844 3823 894 3896; x_wconf 88' lang='lat' dir='ltr'><strong>eis</strong></span> <span class='ocrx_word' id='word_1_254' title='bbox 911 3843 1076 3918; x_wconf 82' lang='lat' dir='ltr'><strong>magnum</strong></span> <span class='ocrx_word' id='word_1_255' title='bbox 1093 3825 1240 3918; x_wconf 92' lang='lat' dir='ltr'><strong>prelium</strong></span> <span class='ocrx_word' id='word_1_256' title='bbox 1254 3825 1346 3897; x_wconf 87' lang='lat' dir='ltr'><strong>lecit.</strong></span> <span class='ocrx_word' id='word_1_257' title='bbox 1365 3823 1498 3898; x_wconf 86' lang='lat' dir='ltr'><strong>Deinde</strong></span> <span class='ocrx_word' id='word_1_258' title='bbox 1513 3823 1607 3897; x_wconf 92' lang='lat' dir='ltr'><strong>idem</strong></span> <span class='ocrx_word' id='word_1_259' title='bbox 1626 3845 1743 3919; x_wconf 88' lang='lat' dir='ltr'><strong>preses</strong></span> <span class='ocrx_word' id='word_1_260' title='bbox 1758 3845 1837 3895; x_wconf 88' lang='lat' dir='ltr'><strong>cum</strong></span> <span class='ocrx_word' id='word_1_261' title='bbox 1853 3820 1900 3894; x_wconf 90' lang='lat' dir='ltr'><strong>ad</strong></span> <span class='ocrx_word' id='word_1_262' title='bbox 1916 3842 1983 3916; x_wconf 90' lang='lat' dir='ltr'><strong>pu·</strong></span> 
     </span>
     <span class='ocr_line' id='line_1_28' title="bbox 567 3943 1987 4043; baseline 0.001 -27"><span class='ocrx_word' id='word_1_263' title='bbox 567 3943 748 4040; x_wconf 80' lang='lat' dir='ltr'><strong>gnandum</strong></span> <span class='ocrx_word' id='word_1_264' title='bbox 772 3943 817 4043; x_wconf 81' lang='lat' dir='ltr'><strong>(e)</strong></span> <span class='ocrx_word' id='word_1_265' title='bbox 843 3969 880 4019; x_wconf 91' lang='lat' dir='ltr'><strong>se</strong></span> <span class='ocrx_word' id='word_1_266' title='bbox 900 3955 1116 4043; x_wconf 88' lang='lat' dir='ltr'><strong>prepararet,</strong></span> <span class='ocrx_word' id='word_1_267' title='bbox 1143 3948 1267 4022; x_wconf 89' lang='lat' dir='ltr'><strong>videns</strong></span> <span class='ocrx_word' id='word_1_268' title='bbox 1295 3948 1550 4021; x_wconf 91' lang='lat' dir='ltr'><strong>multitudinem</strong></span> <span class='ocrx_word' id='word_1_269' title='bbox 1573 3947 1746 4020; x_wconf 86' lang='lat' dir='ltr'><strong>exereitus</strong></span> <span class='ocrx_word' id='word_1_270' title='bbox 1771 3945 1987 4042; x_wconf 86' lang='lat' dir='ltr'><strong>imperatoris</strong></span> 
     </span>
     <span class='ocr_line' id='line_1_29' title="bbox 567 4067 1986 4168; baseline -0.001 -29"><span class='ocrx_word' id='word_1_271' title='bbox 567 4068 739 4142; x_wconf 88' lang='lat' dir='ltr'><strong>Frederici</strong></span> <span class='ocrx_word' id='word_1_272' title='bbox 752 4079 787 4142; x_wconf 91' lang='lat' dir='ltr'><strong>et</strong></span> <span class='ocrx_word' id='word_1_273' title='bbox 803 4071 961 4144; x_wconf 88' lang='lat' dir='ltr'><strong>resistere</strong></span> <span class='ocrx_word' id='word_1_274' title='bbox 976 4093 1045 4144; x_wconf 92' lang='lat' dir='ltr'><strong>uon</strong></span> <span class='ocrx_word' id='word_1_275' title='bbox 1065 4093 1188 4168; x_wconf 86' lang='lat' dir='ltr'><strong>posse,</strong></span> <span class='ocrx_word' id='word_1_276' title='bbox 1208 4075 1321 4145; x_wconf 86' lang='lat' dir='ltr'><strong>lorum</strong></span> <span class='ocrx_word' id='word_1_277' title='bbox 1339 4083 1373 4145; x_wconf 89' lang='lat' dir='ltr'><strong>et</strong></span> <span class='ocrx_word' id='word_1_278' title='bbox 1391 4071 1556 4144; x_wconf 89' lang='lat' dir='ltr'><strong>tributum</strong></span> <span class='ocrx_word' id='word_1_279' title='bbox 1582 4071 1615 4145; x_wconf 90' lang='lat' dir='ltr'><strong>ei</strong></span> <span class='ocrx_word' id='word_1_280' title='bbox 1634 4069 1796 4144; x_wconf 85' lang='lat' dir='ltr'><strong>daturum</strong></span> <span class='ocrx_word' id='word_1_281' title='bbox 1812 4067 1986 4165; x_wconf 87' lang='lat' dir='ltr'><strong>promissit</strong></span> 
     </span>
    </p>
   </div>
   <div class='ocr_carea' id='block_1_6' title="bbox 606 4285 1897 4795">
    <p class='ocr_par' dir='ltr' id='par_1_6' title="bbox 610 4285 917 4368">
     <span class='ocr_line' id='line_1_30' title="bbox 610 4285 917 4368; baseline 0.007 -24"><span class='ocrx_word' id='word_1_282' title='bbox 610 4285 652 4366; x_wconf 83' lang='lat' dir='ltr'><strong>(a)</strong></span> <span class='ocrx_word' id='word_1_283' title='bbox 675 4285 712 4346; x_wconf 92' lang='lat' dir='ltr'><strong>In</strong></span> <span class='ocrx_word' id='word_1_284' title='bbox 726 4286 826 4348; x_wconf 83' lang='lat' dir='ltr'><strong>eodloe</strong></span> <span class='ocrx_word' id='word_1_285' title='bbox 839 4287 917 4368; x_wconf 79' lang='lat' dir='ltr'><strong>ipae.</strong></span> 
     </span>
    </p>

    <p class='ocr_par' dir='ltr' id='par_1_7' title="bbox 608 4391 1897 4578">
     <span class='ocr_line' id='line_1_31' title="bbox 609 4391 1897 4473; baseline -0.003 -21"><span class='ocrx_word' id='word_1_286' title='bbox 609 4391 650 4473; x_wconf 83' lang='lat' dir='ltr'><strong>(b)</strong></span> <span class='ocrx_word' id='word_1_287' title='bbox 672 4394 707 4453; x_wconf 93' lang='lat' dir='ltr'><strong>In</strong></span> <span class='ocrx_word' id='word_1_288' title='bbox 722 4395 822 4456; x_wconf 88' lang='lat' dir='ltr'><strong>eodlee</strong></span> <span class='ocrx_word' id='word_1_289' title='bbox 837 4392 1054 4456; x_wconf 73' lang='lat' dir='ltr'><strong>Comtoutimoe.</strong></span> <span class='ocrx_word' id='word_1_290' title='bbox 1620 4441 1623 4448; x_wconf 91' lang='lat'><em>.</em></span> <span class='ocrx_word' id='word_1_291' title='bbox 1890 4459 1897 4470; x_wconf 27' lang='grc' dir='ltr'>ι</span> 
     </span>
     <span class='ocr_line' id='line_1_32' title="bbox 608 4491 1791 4578; baseline -0.008 -20"><span class='ocrx_word' id='word_1_292' title='bbox 608 4498 646 4578; x_wconf 85' lang='lat' dir='ltr'><strong>(c)</strong></span> <span class='ocrx_word' id='word_1_293' title='bbox 672 4500 729 4560; x_wconf 83' lang='lat' dir='ltr'><strong>llle</strong></span> <span class='ocrx_word' id='word_1_294' title='bbox 742 4501 841 4577; x_wconf 84' lang='lat' dir='ltr'><strong>inepte</strong></span> <span class='ocrx_word' id='word_1_295' title='bbox 851 4503 991 4578; x_wconf 86' lang='lat' dir='ltr'><strong>repetitur</strong></span> <span class='ocrx_word' id='word_1_296' title='bbox 1003 4508 1092 4562; x_wconf 79' lang='lat' dir='ltr'><strong>retro.</strong></span> <span class='ocrx_word' id='word_1_297' title='bbox 1115 4501 1173 4562; x_wconf 90' lang='lat' dir='ltr'><strong>Pro</strong></span> <span class='ocrx_word' id='word_1_298' title='bbox 1185 4497 1273 4563; x_wconf 79' lang='lat' dir='ltr'><strong>rediit</strong></span> <span class='ocrx_word' id='word_1_299' title='bbox 1285 4500 1318 4559; x_wconf 91' lang='lat' dir='ltr'><strong>lu</strong></span> <span class='ocrx_word' id='word_1_300' title='bbox 1331 4497 1398 4560; x_wconf 82' lang='lat' dir='ltr'><strong>eod.</strong></span> <span class='ocrx_word' id='word_1_301' title='bbox 1411 4497 1506 4557; x_wconf 78' lang='lat' dir='ltr'><strong>Perta.</strong></span> <span class='ocrx_word' id='word_1_302' title='bbox 1522 4494 1629 4554; x_wconf 84' lang='lat' dir='ltr'><strong>mellus</strong></span> <span class='ocrx_word' id='word_1_303' title='bbox 1648 4491 1791 4552; x_wconf 73' lang='lat' dir='ltr'><strong>tramisit.</strong></span> 
     </span>
    </p>

    <p class='ocr_par' dir='ltr' id='par_1_8' title="bbox 608 4603 991 4685">
     <span class='ocr_line' id='line_1_33' title="bbox 608 4603 991 4685; baseline 0.003 -19"><span class='ocrx_word' id='word_1_304' title='bbox 608 4603 652 4685; x_wconf 89' lang='lat' dir='ltr'><strong>(d)</strong></span> <span class='ocrx_word' id='word_1_305' title='bbox 674 4605 991 4668; x_wconf 77' lang='lat' dir='ltr'><strong>Incediceocaieotea.</strong></span> 
     </span>
    </p>

    <p class='ocr_par' dir='ltr' id='par_1_9' title="bbox 606 4709 1076 4795">
     <span class='ocr_line' id='line_1_34' title="bbox 606 4709 1076 4795; baseline 0.011 -24"><span class='ocrx_word' id='word_1_306' title='bbox 606 4709 647 4790; x_wconf 76' lang='lat' dir='ltr'><strong>(a)</strong></span> <span class='ocrx_word' id='word_1_307' title='bbox 672 4711 708 4771; x_wconf 94' lang='lat' dir='ltr'><strong>In</strong></span> <span class='ocrx_word' id='word_1_308' title='bbox 721 4713 821 4774; x_wconf 86' lang='lat' dir='ltr'><strong>eodlee</strong></span> <span class='ocrx_word' id='word_1_309' title='bbox 837 4709 1076 4795; x_wconf 70' lang='lat' dir='ltr'><strong>wpopuundom.</strong></span> 
     </span>
    </p>
   </div>
   <div class='ocr_carea' id='block_1_7' title="bbox 0 0 2272 6074">
    <p class='ocr_par' dir='ltr' id='par_1_10' title="bbox 0 0 2272 6074">
     <span class='ocr_line' id='line_1_35' title="bbox 0 0 2272 6074; baseline 0 3"><span class='ocrx_word' id='word_1_310' title='bbox 0 0 2272 6074; x_wconf 95' lang='lat' dir='ltr'><strong> </strong></span> 
     </span>
    </p>
   </div>
  </div>
 </body>
</html>
