4534 6074
716 645 959 711 cunodlcort
984 644 1289 708 Pnacuurlnlona
1670 651 1711 714 8¹1

289 811 312 862 a
342 795 511 882 potestate
537 784 692 858 Boncnie
722 794 757 858 et
781 783 827 857 ab
854 781 1031 876 aliquibus
1056 780 1141 854 viris
1172 780 1405 876 prudentibus
1433 783 1587 856 Bononie
1614 785 1712 880 quod

290 910 477 984 lombardi
498 909 546 982 ad
566 909 714 1004 prelium
735 914 970 993 accesserant,
998 903 1089 978 illico
1113 901 1160 976 ad
1183 904 1259 978 illos
1286 914 1463 978 currentes
1489 915 1522 980 et
1546 908 1712 982 instantes

290 1047 325 1109 et
341 1032 577 1108 attentissimis
596 1032 759 1128 precibus
779 1031 873 1126 ipsos
890 1037 1074 1102 exorantes
1090 1037 1130 1100 nt
1149 1027 1316 1100 insultum
1331 1028 1367 1100 in
1384 1029 1492 1124 prelio
1513 1031 1625 1104 lacere
1643 1055 1712 1106 nnn

291 1159 480 1250 deberent,
503 1157 571 1230 nisi
594 1157 695 1230 turba
717 1155 865 1228 militum
880 1152 1045 1228 Cremcne
1069 1153 1194 1248 quein
1221 1153 1357 1226 insidiis
1378 1153 1575 1227 morabatur
1601 1157 1713 1251 primo

291 1282 440 1372 inbelle
465 1281 621 1354 intraret.
651 1281 897 1353 Verumtamen
924 1277 1068 1372 qnidam
1094 1276 1160 1350 viri
1183 1275 1375 1372 prudentes
1393 1277 1566 1352 Placentie
1587 1289 1622 1351 et
1638 1280 1711 1353 lle-

291 1405 421 1481 diclani
436 1413 471 1478 et
486 1404 606 1478 Brixie
629 1425 748 1478 eorum
768 1401 932 1476 mandata
950 1411 985 1475 et
999 1402 1098 1494 jussa
1114 1411 1396 1496 contempnentes
1419 1401 1455 1472 in
1480 1402 1588 1498 prelio
1607 1402 1712 1474 intra·

290 1540 418 1602 vemnt
437 1539 472 1601 et
493 1528 623 1601 sortiter
643 1536 678 1600 et
697 1526 820 1600 acriter
846 1547 926 1598 num
949 1525 1107 1598 hostibus
1133 1533 1389 1620 pugnaverunt.
1409 1525 1625 1622 Quapropter
1646 1529 1712 1600 Bo·

291 1653 477 1726 noniensee
498 1653 687 1748 plurimum
712 1651 791 1723 elati
829 1659 864 1722 et
891 1650 983 1722 valte
1006 1649 1148 1721 exaltati
1178 1671 1291 1742 usque
1317 1649 1363 1722 ad
1393 1650 1515 1723 Parme
1539 1651 1713 1723 carocium

291 1777 458 1848 velociter
474 1775 701 1862 insudarunt,
720 1773 845 1846 milites
862 1773 982 1844 Parme
999 1781 1033 1844 et
1051 1771 1184 1846 Mutine
1200 1781 1291 1845 retro
1305 1775 1479 1845 carosium
1495 1776 1710 1868 repellentes,

291 1907 327 1970 et
343 1898 476 1972 ibidem
503 1921 584 1972 cum
604 1898 800 1972 astantibus
822 1896 913 1969 circa
936 1893 1111 1968 carocium
1135 1894 1266 1967 duriter
1289 1903 1324 1966 et
1347 1895 1562 1989 iniquissime
1584 1899 1714 1993 prelia-

291 2032 437 2116 verunt,
461 2023 572 2096 boves
596 2022 722 2094 carocii
749 2019 942 2092 incidentes
962 2027 998 2090 et
1024 2017 1138 2113 ipsum
1164 2017 1340 2091 carocium
1367 2018 1628 2115 impugnantes,
1650 2023 1714 2095 bc·

290 2147 402 2219 mines
426 2169 569 2242 quoqne
585 2149 689 2239 juxta
704 2143 876 2217 carnelum
894 2141 1116 2214 vulnerantes
1134 2149 1169 2214 et
1187 2140 1447 2235 interficientes,
1470 2153 1505 2217 et
1523 2145 1637 2242 ipsum
1658 2167 1716 2219 ca·

289 2270 424 2343 rocium
451 2271 611 2343 atrociter
636 2274 879 2364 expugnantes
900 2287 1007 2338 manu
1029 2265 1176 2360 potenti,
1197 2265 1309 2338 taliter
1337 2267 1367 2338 si
1383 2267 1534 2363 populus
1560 2270 1715 2344 Bononia

291 2413 372 2465 cnm
398 2394 567 2466 militibus
594 2393 642 2466 ad
675 2391 824 2488 prelium
850 2389 1072 2480 accessisset,
1099 2388 1273 2462 carocium
1304 2392 1425 2464 Parme
1452 2392 1583 2466 victum
1601 2395 1713 2468 Bono·

312 2513 319 2610 Ι
341 2514 400 2588 nie
418 2515 677 2610 perduxissent.
695 2513 927 2608 Percipientee
941 2519 1057 2586 autem
1070 2511 1139 2586 viri
1155 2521 1313 2608 potentes
1327 2513 1493 2588 Cremone
1506 2515 1596 2588 circa
1610 2537 1715 2590 caro-

290 2637 385 2708 cinm
401 2645 554 2710 astantes
568 2637 783 2726 vulneratus,
801 2643 955 2708 mertuos
970 2644 1005 2708 et
1021 2657 1083 2731 per
1098 2657 1261 2730 campum
1275 2636 1438 2730 diffusos,
1456 2637 1546 2712 ictos
1559 2639 1715 2736 lapidum

290 2783 381 2856 quos
394 2762 603 2856 mangunelli
621 2781 726 2858 super
740 2761 848 2834 carris
866 2761 1052 2834 constructi
1069 2761 1291 2856 projiciebant
1309 2784 1533 2858 nequaqnam
1552 2765 1711 2860 sufferre,

291 2883 479 2958 coadunati
512 2893 547 2959 et
582 2884 714 2980 ingenti
745 2885 848 2956 turbe
876 2883 1023 2956 militnm
1052 2891 1086 2957 et
1117 2883 1272 2980 peditum
1307 2887 1474 2981 impetum
1504 2909 1608 2984 super
1637 2890 1713 2986 ipsa

289 3009 490 3104 plaustrella
519 3007 701 3100 facientes,
730 3008 805 3104 ipsa
828 3007 981 3104 plaustra
1006 3016 1041 3080 et
1063 3008 1298 3101 mangenellae
1315 3011 1452 3104 penitus
1475 3012 1655 3085 diruerunt
1679 3023 1714 3086 et

290 3133 367 3226 ipsa
389 3134 541 3228 plaustra
566 3154 648 3205 cum
672 3131 785 3204 bobus
803 3139 839 3204 et
860 3131 1083 3224 mangenellis
1101 3131 1147 3203 ad
1170 3151 1290 3204 eorum
1314 3139 1423 3204 castre
1449 3133 1582 3228 ingenti
1606 3137 1712 3210 letitia

291 3255 484 3329 duxerunt.
505 3256 606 3330 Unde
624 3255 858 3328 bononienses
876 3253 1064 3350 plurimum
1086 3263 1168 3326 sunt
1188 3254 1335 3343 turbati,
1357 3255 1408 3328 ira
1426 3265 1461 3329 et
1476 3257 1594 3330 dolore
1610 3259 1712 3332 valde

290 3381 465 3452 commoti.
490 3379 551 3453 liis
575 3379 623 3452 ita
650 3379 756 3473 gestis
788 3379 896 3452 acties
917 3377 1066 3450 militum
1091 3378 1245 3450 Bononie
1271 3378 1429 3474 undique
1454 3381 1647 3456 coadunata
1674 3383 1711 3455 in

289 3502 463 3596 frequenti
486 3503 590 3575 turba
619 3503 768 3574 militum
794 3501 1031 3574 Parmensium
1059 3508 1094 3572 et
1118 3501 1364 3573 Mutinensium
1389 3503 1603 3578 velocissime
1626 3527 1709 3579 con·

290 3633 489 3713 currerunt,
508 3633 544 3698 et
560 3647 640 3698 cum
660 3624 746 3720 ipsis
763 3623 968 3719 gravissime
983 3631 1193 3718 pugnantes,
1209 3623 1303 3719 ipsos
1318 3646 1458 3720 quoque
1474 3629 1707 3721 vulnerantes,

290 3750 490 3823 occidentes
506 3757 542 3822 ct
558 3747 626 3821 snb
640 3747 791 3846 pedibus
815 3769 984 3842 equorum
1007 3746 1240 3842 proiicientes,
1263 3747 1549 3823 Cremonensibus
1573 3761 1608 3824 et
1626 3754 1709 3826 Par·

290 3873 472 3946 mensibus
499 3873 570 3944 altu
599 3893 687 3945 voce
709 3871 866 3966 requiem
891 3871 1085 3966 petentibus
1106 3891 1218 3964 usque
1237 3871 1283 3944 ad
1310 3871 1430 3944 diem:
1452 3872 1592 3947 duravit
1615 3877 1709 3948 enim

289 3995 379 4069 illud
395 3996 541 4091 prelium
556 4016 669 4090 usque
684 3993 730 4068 ad
750 3993 902 4067 mediam
923 4003 1069 4066 noctem.
1088 3995 1217 4066 Verum
1232 3994 1317 4088 qnia
1341 4003 1487 4090 utraque
1504 4019 1584 4092 pars
1602 4000 1709 4075 nimic

289 4119 409 4193 labore
425 4131 500 4192 erat
516 4119 670 4213 fatigata,
689 4117 884 4190 voluntarie
899 4115 946 4188 ad
964 4125 1075 4190 castra
1087 4117 1227 4213 propria
1241 4119 1421 4191 remeavit.
1436 4119 1529 4206 Quid
1544 4123 1709 4196 reseram?

290 4243 390 4316 Multi
420 4243 466 4312 ab
497 4249 646 4334 utraque
676 4246 772 4334 parte
804 4247 885 4311 sunt
916 4239 1008 4334 capti
1035 4249 1070 4312 et
1106 4242 1246 4328 retenti,
1275 4251 1512 4318 verumtamen
1537 4265 1582 4316 ex
1612 4255 1709 4340 parte

290 4363 593 4454 Cremonensium,
621 4363 857 4436 Parmensium
884 4373 918 4436 et
943 4364 1188 4438 Mutinensium
1219 4367 1488 4440 innumerabiles
1522 4369 1647 4462 gladiis
1675 4379 1710 4442 et

291 4486 417 4581 partim
441 4487 513 4558 ictu
535 4484 691 4582 lepidum
713 4493 795 4557 sunt
810 4485 977 4558 interlecti
997 4493 1031 4558 et
1049 4489 1271 4582 quamplures
1296 4491 1404 4564 vitam
1423 4511 1542 4563 eorum
1563 4491 1629 4564 sub
1651 4515 1708 4588 pe·

291 4608 397 4682 dibus
418 4632 590 4706 equorum
615 4619 870 4682 consumantes.
895 4610 997 4681 Velut
1023 4617 1139 4682 autem
1166 4632 1187 4683 a
1209 4613 1483 4686 Bononiensibus
1511 4614 1704 4708 dicebatur,

291 4731 338 4803 de
355 4753 474 4803 eorum
495 4731 653 4804 exercitu
680 4733 798 4804 nullus
815 4732 979 4804 remansit
1002 4733 1211 4806 interiectus.
1240 4736 1503 4830 Requiescentcs
1529 4748 1644 4810 autem
1670 4741 1707 4811 in
