4554 6080
804 675 848 736 IN
871 673 1013 737 traua
1036 675 1187 738 GES'HS.
1645 673 1707 737 ³0¹1

336 811 404 897 Qui
416 809 531 906 judex
546 811 761 906 Pellegrinus
774 833 838 907 pro
854 832 892 884 se
905 823 940 885 et
956 814 1058 888 sociis
1073 815 1215 887 nomine
1229 819 1264 884 et
1277 811 1354 884 vice
1368 808 1451 884 dicti
1468 809 1600 884 domini
1615 810 1707 905 regis

286 936 346 1010 die
360 935 538 1010 dominico
552 935 603 1030 (t)
623 936 752 1008 mensis
768 934 961 1010 decembris
976 938 1013 1010 in
1037 938 1190 1032 generali
1217 936 1361 1010 consilio
1384 936 1578 1008 communis
1601 935 1708 1031 Papio

288 1059 463 1155 predictas
477 1061 610 1132 litteras
619 1061 831 1156 presentavit
842 1061 1004 1156 potestati
1016 1070 1052 1132 et
1060 1060 1237 1134 communi
1248 1060 1354 1154 Papie
1364 1055 1425 1157 [et]
1438 1058 1593 1150 consilio,
1612 1057 1709 1152 quod

287 1184 404 1258 dictus
428 1185 593 1258 dominos
611 1207 678 1258 rex
701 1184 808 1258 debet
832 1185 908 1258 sine
932 1185 1039 1258 dubio
1065 1207 1207 1258 movere
1224 1205 1304 1257 cum
1323 1181 1477 1255 maximo
1490 1181 1647 1254 exercitu
1663 1181 1709 1256 de

287 1329 407 1381 mense
421 1308 543 1380 marcii
559 1309 712 1405 proximi
726 1309 879 1381 venturi.

338 1431 565 1527 infrascripti
583 1433 807 1507 snntbarcni
827 1432 889 1526 qui
905 1435 1112 1527 juraverunt
1132 1453 1250 1504 secum
1272 1429 1392 1503 venire
1414 1437 1529 1526 preter
1546 1429 1631 1502 alios
1647 1429 1710 1526 qui

289 1554 411 1627 venire
428 1553 559 1630 debent
577 1581 586 1627 ε
607 1557 776 1629 Dominus
793 1556 1030 1649 lantegravius
1052 1565 1168 1650 pater,
1189 1554 1265 1628 dnx
1286 1553 1331 1626 de
1349 1553 1554 1650 Brnxnyca,
1574 1552 1651 1626 dux
1666 1554 1711 1628 de

288 1678 459 1766 Saxonic,
479 1677 556 1751 dux
573 1678 619 1752 de
632 1679 776 1772 Polana,
799 1679 953 1752 marchio
969 1680 1014 1753 de
1031 1679 1299 1774 Brandeburgo‚
1319 1699 1435 1750 comes
1454 1677 1626 1750 Armanns
1650 1679 1712 1748 in-

289 1801 367 1873 ians
381 1799 497 1876 dedet
507 1799 596 1898 (sic),
609 1801 891 1899 archiepiscopos
904 1803 950 1876 de
961 1803 1210 1896 Saisimburgo,
1222 1801 1503 1896 archiepiscopus
1516 1800 1561 1874 de
1571 1801 1713 1897 Magon·

290 1925 364 2018 cia,
384 1925 570 2021 episcopus
586 1925 809 2018 Constancie,
836 1927 990 2000 vicarius
1014 1927 1106 2021 regis
1129 1927 1268 2000 Boemie
1292 1947 1373 1998 cum
1397 1925 1506 1999 ΙΙΙΙΜ
1522 1925 1709 2018 militibue3

291 2049 356 2123 sed
379 2059 455 2122 crta
471 2049 649 2124 discordia
665 2051 756 2124 inter
772 2051 965 2147 principes,
987 2072 1057 2125 non
1077 2050 1185 2125 venit.

340 2175 426 2246 item
439 2173 728 2267 MCCLXVHII,
747 2174 936 2248 indictione
953 2175 1044 2246 xut.

339 2296 470 2371 Eodem
484 2297 782 2396 tempore'milites
797 2297 903 2394 Papie
915 2298 977 2394 qni
992 2297 1174 2372 Fallabrini
1188 2295 1351 2370 dicuntur
1366 2297 1555 2370 existentes
1570 2297 1606 2370 in
1624 2299 1713 2370 Bas-

290 2422 412 2514 sigana
431 2431 550 2496 contre
567 2423 734 2519 populum
751 2431 787 2494 et
802 2422 977 2494 civitatem
995 2423 1100 2518 Papie
1121 2421 1293 2516 eligerunt
1309 2423 1346 2492 in
1369 2443 1490 2494 eorum
1509 2431 1712 2518 potestatem

291 2557 327 2618 et
342 2555 509 2620 rectorem
527 2546 761 2620 marchionem
773 2545 1011 2619 Montisierati.
1029 2543 1125 2644 [Qui]
1140 2545 1186 2618 ad
1199 2554 1381 2618 tractatum
1395 2545 1549 2641 ipsorum
1565 2547 1713 2618 militum

292 2668 352 2742 die
368 2669 487 2742 martis
502 2669 564 2743 Vll
586 2669 715 2742 mensis
729 2669 883 2762 januarii
899 2669 1042 2742 abstulit
1056 2669 1232 2743 communi
1250 2669 1356 2765 Papie
1379 2671 1493 2742 locum
1510 2678 1544 2743 et
1562 2679 1714 2743 castrum

291 2793 461 2886 Pomarii,
483 2792 692 2890 expellendo
715 2801 865 2866 rectores
888 2793 951 2887 qui
974 2815 1038 2889 pro
1063 2793 1238 2866 communi
1255 2794 1359 2889 Papio
1381 2793 1430 2864 ibi
1454 2801 1553 2865 erant
1575 2792 1620 2866 de
1639 2794 1715 2890 ipso

292 2917 388 3009 loco;
406 2915 629 3013 deindepost
651 2937 781 3014 pancos
804 2915 880 2990 dies
898 2917 995 2989 venit
1009 2917 1257 3012 Buscignanam
1277 2925 1312 2990 et
1328 2917 1460 3010 jnravit
1477 2917 1631 3012 regimen
1656 2918 1715 3014 ip-

293 3062 410 3114 sorum
425 3041 574 3112 militum
592 3040 803 3138 appellando
822 3061 944 3114 omnes
963 3041 1089 3114 milites
1105 3042 1254 3114 civitatis
1272 3049 1307 3114 et
1324 3041 1545 3138 episcopatus
1560 3051 1599 3114 ut
1610 3043 1714 3134 jura-

292 3175 371 3239 rent
385 3167 462 3258 ejus
477 3166 684 3260 sequellam,
705 3184 856 3261 quorum
874 3163 932 3237 eiii
945 3167 1167 3259 juraverunt,
1188 3165 1246 3238 aiii
1262 3185 1344 3236 non.

342 3289 408 3362 Die
421 3289 516 3383 jovis
533 3290 563 3360 11
586 3287 716 3362 mensis
732 3289 886 3381 januarii
907 3311 988 3360 cum
1007 3289 1205 3362 Brixienees
1224 3289 1401 3362 intrinseci
1423 3297 1676 3363 reverterentur
1694 3313 1716 3364 a

294 3413 434 3486 civitate
459 3413 626 3486 Cremcne
659 3413 720 3484 ubi
752 3411 996 3484 conduxerant
1025 3413 1173 3484 Panium
1201 3411 1246 3485 de
1270 3413 1365 3485 Buca
1397 3425 1432 3484 et
1457 3413 1639 3486 Patricium
1669 3413 1715 3488 de

293 3537 467 3611 Conziseio
488 3547 523 3610 et
548 3537 634 3610 alios
652 3545 844 3610 carceratos
860 3535 906 3608 de
929 3537 1070 3610 civitate
1087 3537 1205 3609 Brixis
1223 3557 1311 3631 quos
1330 3537 1367 3608 in
1392 3535 1532 3610 civitate
1551 3537 1627 3633 ipsa
1651 3559 1715 3612 ce-

293 3671 436 3758 perant,
455 3681 561 3734 cansa
579 3659 798 3734 conducendi
823 3659 917 3756 ipsos
933 3660 969 3734 in
990 3661 1171 3734 Provincia
1190 3661 1225 3732 in
1250 3662 1355 3734 torcia
1373 3661 1464 3756 regis
1485 3661 1622 3755 Karuli,
1650 3661 1714 3736 do·

278 3784 414 3856 'minus
430 3784 604 3877 Tagiunus
618 3781 664 3854 de
679 3782 858 3855 Munervio
877 3803 957 3854 cum
976 3791 1073 3878 parte
1086 3784 1281 3857 extrinsece
1293 3783 1426 3877 Brixie,
1442 3783 1509 3858 hoc
1522 3785 1710 3874 intellecto,

296 3907 437 3979 collecte
463 3905 627 3979 exomni
653 3915 752 4000 parte
780 3913 850 3978 tcta
872 3905 1001 3978 milicia
1027 3927 1117 4000 quos
1134 3907 1263 3981 habere
1281 3909 1412 4003 potnit,
1436 3908 1559 4004 positis
1581 3909 1716 3982 insidiis

295 4029 464 4102 insultum
489 4031 643 4101 fecerunt
663 4029 700 4100 in
726 4029 820 4124 ipsos
841 4037 876 4102 et
901 4029 988 4126 ipsis
1015 4031 1131 4103 fractis
1154 4031 1189 4102 io
1209 4033 1317 4127 prelio
1342 4053 1470 4124 magna
1493 4031 1531 4104 ri
1558 4035 1648 4128 cepit
1670 4055 1716 4106 ex

295 4153 538 4226 Brixiensibus
556 4153 750 4226 intrinsecis
764 4153 848 4225 CLX
864 4155 990 4226 milites
1006 4162 1040 4227 et
1058 4153 1133 4228 CCC
1148 4177 1257 4250 equos
1275 4178 1364 4251 quos
1379 4157 1416 4228 in
1432 4157 1628 4230 carceribus
1642 4159 1716 4230 suis

296 4275 334 4348 in
347 4277 469 4349 Tezolo
484 4285 519 4348 et
533 4277 616 4348 alibi
635 4277 767 4372 possuit
781 4285 816 4348 et
831 4275 963 4350 detinet
979 4287 1183 4351 carceratos.

344 4399 477 4473 Eodem
496 4409 651 4496 tempore
674 4402 853 4474 Mantuani
872 4400 1024 4475 reductis
1044 4401 1208 4484 omnibus
1231 4401 1400 4476 forestatis
1426 4403 1499 4476 suis
1524 4402 1717 4478 incivitate

561 4583 961 4594 m-——n-o—-n—
1163 4584 1249 4593 ..ι--

334 4690 371 4764 (t)
389 4693 411 4749 11
424 4709 442 4768 y
454 4709 519 4750 aun
540 4707 637 4767 espace
653 4693 735 4752 blanc
748 4693 816 4751 daus
828 4694 853 4752 le
868 4693 1026 4752 manuscrit.
1038 4693 1175 4752 Pentetre
1191 4694 1216 4750 le
1230 4693 1398 4753 dimanche·8
1412 4695 1566 4772 decembre,
1580 4715 1615 4756 en
1627 4699 1715 4758 caicu-

297 4790 355 4847 lant
366 4791 409 4847 six
421 4792 556 4850 semaines
568 4809 602 4850 au
614 4791 701 4850 moins
711 4809 781 4866 pour
791 4793 869 4850 venir
881 4792 916 4851 de
928 4791 1082 4852 Liebenthel
1093 4791 1109 4850 a
1121 4793 1202 4850 Paris
1213 4791 1280 4851 dune
1291 4799 1360 4851 cette
1372 4793 1473 4852 taison.
