4534 6074
618 653 676 715 118
1092 651 1331 715 cfluoutcott
1353 653 1406 714 DE
1430 653 1557 716 REBUS

616 789 680 862 iter
712 810 815 860 suum
850 808 972 860 versus
999 787 1307 863 Mediolanensium
1333 789 1384 885 (a)
1409 788 1667 884 expeditionem
1695 790 1859 865 velociter
1883 792 2023 864 direxit.

617 911 691 984 Hoc
706 911 825 984 audito
852 931 873 981 a
893 910 1227 1002 Mediolanensibus,
1254 910 1358 985 valde
1384 911 1584 984 timuerunt.
1613 913 1743 986 Verum
1763 923 1876 988 tamen
1896 915 2026 989 Medio·

617 1035 688 1108 lani
714 1035 808 1108 cives
833 1055 953 1108 omues
982 1035 1043 1128 qui
1080 1044 1314 1108 remanserant
1349 1033 1394 1106 ad
1428 1035 1602 1108 civitatem
1630 1045 1743 1131 preter
1773 1037 1850 1110 illos
1877 1037 1939 1132 qui
1967 1059 2026 1110 re-

617 1167 815 1232 manserant
833 1178 896 1253 pro
920 1157 1069 1230 civitatis
1093 1157 1249 1231 custodia
1271 1167 1305 1230 et
1321 1179 1440 1231 omnes
1465 1169 1563 1232 extra
1586 1159 1758 1232 civitatem
1782 1171 2031 1234 commorantes

618 1281 664 1356 ed
681 1281 942 1376 expedicionem
966 1278 1086 1352 venire
1107 1281 1272 1354 lecerunt.
1290 1281 1427 1354 Interim
1445 1281 1630 1377 imperator
1654 1283 1712 1356 die
1740 1293 1916 1378 noctuque
1931 1286 2031 1379 equi·

623 1405 731 1480 tando
758 1427 837 1478 cum
866 1404 958 1476 omni
994 1405 1148 1478 exercitu
1181 1425 1245 1478 suo
1267 1405 1370 1496 juxta
1399 1405 1573 1478 civitatem
1603 1405 1789 1480 Mediolani
1822 1429 1885 1482 sua
1919 1409 2033 1504 posuit

620 1529 819 1626 temptoria,
838 1529 885 1602 ita
899 1527 995 1622 quod
1014 1527 1131 1600 nullus
1147 1549 1226 1600 cum
1243 1537 1393 1600 mercato
1410 1549 1475 1600 nec
1487 1529 1592 1602 etiam
1610 1531 1680 1602 alio
1697 1528 1803 1604 modo
1820 1529 1868 1604 ad
1882 1529 2034 1626 expedi-

619 1655 756 1727 cionem
790 1653 954 1726 accedere
982 1661 1127 1746 poterat.
1158 1650 1273 1724 Altera
1302 1650 1360 1724 die
1383 1652 1434 1724 CC
1461 1651 1587 1726 milites
1611 1654 1800 1726 Placentini
1826 1667 1861 1726 et
1891 1655 2032 1728 totidem

622 1777 741 1850 Brixia
768 1777 803 1846 in
827 1797 1030 1848 succursum
1055 1773 1364 1847 Mediolanensium
1393 1787 1624 1850 accesserunt.
1650 1776 1750 1851 Unde
1775 1778 1879 1850 valde
1899 1778 2036 1852 Medio-

623 1903 782 1975 lanenses
803 1909 884 1972 sunt
905 1899 1098 1971 confortati.
1131 1899 1194 1970 Die
1218 1899 1293 1972 vill
1323 1899 1451 1972 mensis
1477 1900 1633 1996 augusti,
1656 1922 1739 1981 cum
1763 1901 2036 1978 Mediolanenses

625 2025 841 2121 perciperent
868 2021 1033 2094 victualia
1066 2022 1116 2094 eis
1147 2021 1295 2095 deficere
1317 2031 1352 2094 et
1381 2033 1570 2094 mercatum
1592 2023 1735 2097 minime
1760 2025 1890 2099 habere
1916 2049 2033 2121 posse,

623 2148 717 2220 viam
735 2147 806 2220 lore
826 2144 1048 2240 aperiendam
1066 2145 1155 2217 lerro
1175 2155 1439 2240 proposuerunt.
1457 2145 1632 2220 Celebrato
1654 2145 1772 2242 itaque
1791 2147 1912 2222 divino
1925 2151 2038 2225 officio

625 2283 661 2344 et
690 2271 904 2343 consessione
933 2269 968 2340 in
992 2268 1130 2365 publica
1158 2269 1326 2341 concione
1350 2270 1456 2359 lacta,
1480 2269 1525 2342 de
1547 2270 1681 2344 delictis
1704 2291 1824 2344 eorum
1848 2272 2040 2367 penitencia

625 2403 785 2490 accepta,
814 2393 952 2486 agmina
983 2393 1018 2462 in
1041 2391 1136 2464 hunc
1155 2391 1202 2488 (l)
1221 2389 1362 2462 modum
1386 2392 1646 2464 constituerunt.
1667 2393 1706 2464 ln
1732 2395 1843 2487 prima
1868 2397 1944 2467 acie
1971 2417 2039 2490 pc-

626 2526 770 2590 suerunt
795 2537 915 2588 omnes
944 2515 1070 2587 milites
1093 2513 1352 2586 adholescentes
1375 2533 1487 2606 usque
1509 2513 1545 2584 iu
1566 2513 1694 2586 XXXV
1711 2535 1821 2586 annos
1846 2523 1880 2585 et
1902 2516 2043 2586 luerunt

627 2643 663 2714 in
686 2661 831 2714 numero
849 2641 933 2731 MD;
959 2639 995 2710 iu
1024 2636 1178 2710 secunda
1200 2635 1275 2707 acie
1301 2655 1422 2708 omues
1445 2635 1571 2708 milites
1599 2657 1712 2730 usque
1736 2635 1773 2706 in
1795 2637 1821 2710 L
1845 2657 1955 2709 annos
1982 2635 2042 2730 qui

629 2769 770 2839 luerunt
787 2785 932 2836 numero
949 2763 1031 2852 llll3
1054 2762 1089 2833 in
1109 2759 1212 2832 tercia
1230 2761 1305 2832 acic
1322 2781 1442 2833 omnes
1460 2759 1585 2833 milites
1603 2759 1772 2848 seniores,
1792 2758 1887 2833 viros
1909 2759 2045 2832 nobiles

629 2905 664 2962 et
679 2890 867 2986 prudentes
883 2895 1129 2981 cognoscentes
1146 2895 1313 2981 temptare
1331 2885 1502 2957 fortunam
1516 2883 1613 2974 belli,
1628 2895 1664 2958 et
1680 2887 1819 2958 luerunt
1831 2907 1977 2958 numero
1989 2885 2042 2976 M;

630 3011 818 3087 Placentini
844 3010 986 3106 quidem
1003 3019 1038 3081 et
1057 3008 1173 3080 Brixia
1203 3007 1328 3080 milites
1350 3007 1386 3080 iu
1411 3028 1481 3078 una
1506 3006 1628 3081 achera
1650 3009 1753 3101 juxta
1773 3009 1955 3104 populum,
1983 3007 2045 3100 qui

630 3139 860 3210 confortarent
882 3134 1049 3230 populum
1074 3141 1108 3204 et
1133 3131 1301 3204 auxilium
1329 3139 1521 3225 prestarent
1545 3131 1591 3202 ad
1614 3131 1788 3204 caroclum
1814 3139 2048 3202 manutenen-

631 3261 733 3335 dum.
754 3260 831 3344 Quo
848 3259 937 3330 lactu
957 3265 993 3328 et
1007 3253 1166 3328 ordinato
1189 3252 1357 3326 ascherati
1380 3261 1415 3326 et
1436 3253 1600 3325 cateruati
1626 3273 1748 3326 versus
1766 3252 1959 3326 exercitum
1981 3251 2047 3322 im·

631 3385 800 3482 peratoris
830 3387 1069 3479 perrexeruut.
1095 3379 1170 3450 Non
1199 3377 1373 3450 distabant
1398 3376 1490 3448 enim
1519 3375 1564 3448 ab
1591 3374 1814 3472 expeditione
1838 3373 2052 3470 imperatoris

631 3531 695 3607 per
713 3507 866 3581 medium
885 3505 1032 3578 miliare.
1054 3501 1138 3574 Cum
1164 3510 1279 3573 autem
1303 3501 1613 3596 apropinquassent
1633 3500 1735 3592 juxta
1759 3507 1868 3572 castra
1894 3499 2052 3593 impera-

635 3633 731 3722 toris,
750 3631 843 3704 tubis
856 3639 891 3701 et
907 3629 1015 3722 signis
1031 3625 1113 3698 belli
1132 3647 1193 3720 per
1210 3633 1324 3720 partes
1340 3623 1555 3716 sonantibus,
1575 3623 1722 3719 prelium
1737 3621 1912 3718 incipitur.
1928 3622 2054 3694 Milites

635 3779 719 3830 vero
742 3753 1000 3827 adholescentes
1020 3741 1133 3844 primo
1155 3747 1302 3844 prelium
1320 3769 1399 3819 cum
1424 3745 1578 3841 quadam
1606 3768 1730 3840 magna
1755 3745 1876 3817 sehero
1897 3745 2052 3840 impera-

640 3881 725 3954 toris
747 3878 946 3973 inhperunt.
972 3873 1127 3945 Certatur
1154 3869 1200 3945 ab
1227 3879 1374 3964 utraque
1400 3879 1497 3966 parte
1523 3869 1727 3964 gravissime
1751 3877 1787 3941 et
1815 3867 2051 3962 iniquissime;

637 4003 736 4076 multi
753 4001 798 4074 ab
816 4009 963 4092 utraque
978 4005 1076 4092 parte
1098 3993 1144 4068 de
1163 3993 1263 4090 equis
1278 4003 1360 4068 sunt
1375 3993 1534 4088 prostrati
1552 4001 1587 4066 et
1607 4013 1670 4088 per
1689 4014 1851 4088 campum
1871 3992 1941 4064 huc
1958 3989 2006 4087 (c)
2020 4001 2056 4064 et

638 4127 721 4198 illuc
743 4119 938 4199 vacillando
962 4127 1160 4215 pergentes,
1183 4116 1250 4189 sub
1272 4113 1422 4211 pedibus
1451 4135 1620 4210 equorum
1646 4115 1753 4188 vitam
1775 4135 1895 4188 eorum
1920 4133 2055 4186 consu-

641 4257 788 4341 mentes;
815 4245 874 4320 alii
903 4244 992 4317 lerro
1017 4251 1052 4316 et
1076 4242 1147 4313 ictu
1176 4250 1327 4313 astarum
1356 4239 1481 4311 monui
1508 4247 1543 4311 et
1573 4237 1733 4311 semivivi
1762 4249 1796 4310 et
1821 4235 1993 4310 vulnerati
2018 4235 2056 4307 in

685 4552 726 4634 (o)
748 4553 785 4614 ln
797 4552 899 4613 codice
912 4544 1144 4610 Medioloncmst.

686 4659 726 4740 (b)
751 4661 789 4720 ln
799 4658 900 4720 codice
910 4653 974 4718 tac.

685 4766 724 4848 (c)
753 4767 789 4828 ln
802 4765 903 4828 codice
916 4761 1002 4824 dunc.
