4568 6064
611 683 672 742 :tta
1090 683 1329 746 cuuoulcou
1352 686 1404 745 DE
1429 685 1556 746 uetus

611 819 748 892 illorum
762 816 807 891 de
819 817 930 906 Fisoo,
947 825 981 890 et
997 816 1042 890 de
1055 839 1173 892 mense
1186 821 1305 892 marcii
1320 819 1524 894 reddiernnt
1536 821 1572 892 in
1589 819 1763 892 civitatem
1778 820 1889 892 Ianne
1901 819 2031 891 relictis

610 943 777 1014 militibus
799 941 843 1014 de
865 940 1073 1015 Lombardia
1097 939 1134 1013 in
1158 943 1315 1017 custodia
1331 953 1366 1016 et
1385 945 1422 1015 in
1439 943 1647 1017 chomarcha
1660 963 1795 1016 eorum.
1814 943 1883 1029 Qui
1903 942 2032 1014 milites

611 1063 669 1138 die
684 1064 822 1136 veneris
840 1064 961 1136 ultimo
976 1065 1104 1138 mensis
1120 1067 1239 1138 marcii
1257 1087 1337 1138 cum
1356 1067 1524 1139 militibus
1548 1067 1632 1140 dicti
1655 1066 1788 1141 domini
1806 1067 1898 1161 regis
1915 1065 2032 1137 Karoli

611 1188 759 1283 pralium
784 1187 1030 1259 commiserunt
1044 1189 1147 1280 juxta
1166 1190 1342 1262 Vezanum
1366 1191 1402 1262 in
1426 1191 1542 1283 glarea
1564 1191 1696 1285 llayre,
1717 1197 1753 1262 et
1777 1191 1861 1286 ipsis
1886 1188 2034 1263 discon-

612 1311 700 1385 fictis
717 1321 883 1407 ceperunt
898 1333 944 1384 ex
961 1313 1044 1407 ipsis
1057 1315 1116 1386 XL
1132 1315 1257 1387 milites
1273 1325 1308 1388 et
1324 1337 1433 1410 equos
1446 1325 1482 1389 et
1501 1337 1597 1388 arma
1617 1316 1773 1413 ipsorum
1791 1325 1826 1388 et
1841 1315 1917 1389 vttl
1935 1313 2033 1386 occi·

612 1436 751 1510 derunt.

660 1561 710 1631 De
727 1580 846 1631 mense
870 1579 955 1632 vero
978 1559 1096 1633 marcii
1112 1559 1353 1633 Valeamoniea
1382 1571 1500 1634 contra
1523 1583 1707 1636 commune
1721 1561 1839 1633 Brixis
1859 1573 1894 1634 et
1911 1583 2031 1656 regem

611 1680 777 1755 Xarolum
793 1683 987 1774 rebellavit,
1005 1683 1052 1756 ita
1064 1684 1160 1779 quod
1174 1685 1272 1758 XXX
1290 1693 1400 1758 castra
1416 1707 1488 1758 uno
1503 1683 1562 1757 die
1578 1707 1616 1756 se
1629 1686 1835 1774 volverunt,
1855 1685 2033 1779 capientes

611 1806 818 1879 Palmerium
846 1807 892 1881 de
921 1807 1070 1882 Surexio
1096 1809 1158 1904 qui
1187 1817 1260 1881 erat
1290 1830 1353 1904 pro
1380 1807 1520 1881 domino
1547 1808 1661 1900 legato
1690 1809 1727 1880 in
1756 1808 1911 1901 regimen
1939 1806 2033 1879 dicte

613 1931 726 2004 vallis.
1407 2011 1409 2014 ¹

661 2056 709 2128 III.
726 2053 786 2126 cc
806 2054 954 2146 LXXIII,
969 2052 1159 2126 indictione
1176 2055 1300 2150 prima,
1317 2051 1374 2126 die
1391 2055 1509 2127 martis
1525 2053 1586 2126 IIII
1601 2053 1729 2126 mensis
1743 2053 1874 2149 aprilis,
1893 2055 2035 2127 Placen·

613 2179 675 2251 tini
692 2177 869 2250 intrinseci
890 2201 969 2250 eum
995 2178 1162 2250 militibus
1182 2177 1370 2250 adsoldatis
1393 2179 1637 2273 equitaverunt
1654 2177 1700 2251 ad
1721 2185 1873 2250 castrum
1887 2177 2035 2250 Corneti

611 2302 708 2399 quod
719 2301 867 2374 Grauelli
886 2311 919 2374 et
937 2302 1085 2374 Ubartus
1099 2300 1144 2374 de
1155 2301 1285 2374 Nueeto
1303 2311 1338 2374 et
1350 2303 1454 2374 ceteri
1472 2302 1517 2375 de
1534 2311 1630 2396 parte
1649 2302 1845 2374 extrinseca
1860 2301 2035 2374 Placentia

612 2427 659 2502 de
681 2427 859 2500 voluntate
878 2425 1011 2499 domini
1035 2425 1170 2498 comitis
1189 2425 1345 2498 Ubertini
1368 2425 1413 2498 de
1434 2424 1554 2498 Lando
1583 2433 1847 2498 construxerant
1871 2425 1908 2496 in
1932 2445 2036 2520 yeme

612 2551 772 2648 proxima
791 2551 951 2646 preterita
964 2552 1067 2643 juxta
1084 2550 1409 2621 Petramoravunam
1426 2559 1461 2620 et
1482 2550 1597 2643 ipsum
1612 2558 1760 2620 castrum
1780 2547 1938 2641 undique
1955 2570 2036 2642 pre·

612 2675 785 2748 liaverunt
803 2684 837 2746 et
854 2673 1004 2770 pervim
1021 2673 1136 2768 ipsum
1149 2681 1184 2743 et
1197 2681 1283 2767 quot
1298 2672 1333 2742 in
1350 2672 1424 2766 ipso
1436 2681 1532 2743 erant
1549 2681 1663 2767 preter
1677 2693 1786 2742 unum
1805 2671 1868 2764 qui
1886 2671 2036 2764 auffugit

613 2807 790 2894 ceperunt.
808 2799 903 2884 Quos
915 2817 1035 2868 omnes
1052 2795 1315 2885 interfecerunt,
1329 2794 1390 2888 qui
1405 2795 1545 2867 luerunt
1556 2795 1652 2868 XXII
1667 2815 1823 2879 numero,
1846 2795 1935 2865 inter
1947 2815 2037 2888 quos

612 2923 753 2995 fuerunt
770 2921 954 2994 Ubertinos
970 2917 1017 2991 de
1031 2919 1175 3010 Nuceto,
1194 2917 1302 3014 Opino
1320 2917 1499 2990 Granellus
1516 2928 1550 2990 et
1573 2916 1767 3014 Aiorrustl)
1794 2916 1839 2990 de
1858 2917 2035 2990 Petraera-

613 3067 709 3118 uuna
728 3055 763 3116 et
778 3045 897 3134 irater,
913 3051 948 3114 et
965 3041 1061 3114 alteri
1076 3053 1173 3114 erant
1191 3041 1273 3112 boni
1293 3041 1482 3113 servientes
1496 3039 1541 3112 de
1556 3041 1649 3113 valle
1667 3041 1762 3114 Ceui.

662 3170 713 3240 De
734 3189 853 3239 mense
870 3187 954 3238 vero
973 3165 1108 3258 aprilis,
1129 3165 1279 3236 intrante
1296 3166 1371 3259 ipso
1391 3185 1527 3256 mense,
1549 3163 1778 3236 Alexandrini
1798 3163 1917 3235 habito
1939 3170 2036 3234 trae-

613 3301 687 3363 tatu
705 3313 784 3363 cum
798 3289 999 3363 hominibus
1012 3289 1126 3360 Sancti
1149 3289 1336 3361 salvatoris
1354 3288 1454 3360 castri
1471 3287 1679 3360 marchIonis
1695 3285 1937 3377 MontIsierati,
1961 3285 2035 3358 dic·

614 3423 689 3487 tum
709 3425 859 3487 castrum
876 3414 1110 3501 intraverunt3
1129 3412 1174 3485 de
1189 3433 1260 3507 quo
1285 3413 1375 3484 iacto
1392 3413 1541 3483 multum
1560 3411 1778 3484 contristatus
1799 3410 1864 3482 luit
1883 3403 2037 3485 marchio

613 3539 851 3613 Montislarati.
866 3539 905 3610 ln
921 3539 1020 3631 eujus
1036 3537 1229 3610 custodiam
1245 3537 1403 3609 homines
1417 3537 1629 3610 Alexandria
1643 3537 1811 3608 miserunt
1824 3534 2035 3629 quarterium

615 3665 764 3737 civitatis
780 3665 825 3737 de
840 3663 1041 3752 Marencho,
1058 3673 1093 3734 et
1109 3663 1167 3735 die
1179 3663 1272 3754 iovis
1288 3663 1364 3733 XIII
1385 3663 1513 3735 mensis
1527 3662 1646 3756 aprilis
1663 3670 1878 3757 pretereunte
1898 3661 2036 3730 Bastar-

616 3789 721 3862 dinus
740 3788 784 3860 de
799 3789 1022 3860 Monteferato
1042 3809 1122 3858 cum
1149 3785 1350 3857 hominibus
1372 3786 1445 3856 suis
1461 3785 1581 3858 habito
1598 3794 1743 3856 tractatu
1760 3805 1841 3856 eum
1862 3782 2037 3876 aliquibus

614 3912 815 3984 hominibus
833 3911 917 3984 dieti
941 3912 1063 4002 castri,
1083 3909 1216 4004 dictum
1237 3917 1390 3981 castrum
1408 3910 1550 3982 intravit
1572 3919 1608 3982 et
1628 3907 1759 3985 devicit
1774 3917 1809 3980 et
1831 3907 1957 3978 multos
1977 3927 2037 3976 oo·

616 4036 701 4110 cidit
723 4046 757 4109 at
772 4035 873 4108 CCCL
888 4035 1021 4132 pedites
1034 4034 1080 4107 de
1093 4033 1305 4106 Alexandria
1319 4034 1422 4127 cepit.

665 4161 796 4236 Eodem
816 4171 970 4256 tempore
989 4160 1154 4234 dominus
1168 4157 1377 4234 Oddoardus
1397 4157 1488 4230 filius
1508 4157 1599 4252 regis
1616 4154 1740 4250 Anglie
1756 4155 1816 4250 qui
1834 4154 1925 4226 ultra
1942 4173 2037 4225 mare

616 4285 653 4357 in
671 4285 804 4358 auxilio
819 4286 922 4356 Terre
938 4285 1062 4356 Sancte
1084 4292 1170 4372 erat,
1192 4304 1270 4353 cum
1294 4281 1400 4353 nichil
1419 4291 1534 4376 posset
1555 4277 1603 4352 ibi
1622 4281 1734 4352 lacere
1750 4285 1891 4373 propter
1909 4286 2036 4370 poten-

617 4413 705 4484 cIam
724 4411 865 4484 Soldani
884 4433 954 4506 que
973 4410 1126 4482 maxima
1151 4418 1224 4482 erat
1241 4407 1338 4481 venit
1353 4407 1400 4481 ad
1415 4407 1548 4480 curIam
1562 4405 1692 4480 domini
1715 4425 1804 4500 pape
1825 4424 1896 4498 que
1910 4411 1984 4474 erat
2001 4402 2037 4472 in

618 4535 710 4610 Urbe
731 4535 864 4621 Veteri;
884 4535 1007 4609 volens
1025 4555 1163 4607 sumere
1186 4531 1376 4605 vindictam
1404 4529 1451 4604 de
1478 4531 1601 4604 comita
1627 4529 1787 4602 Guidone
1813 4525 1885 4598 fillo
1904 4524 2039 4598 comitis

617 4661 778 4758 symonis
795 4660 839 4734 de
861 4661 1031 4734 Monlorte
1044 4661 1100 4732 cui
1120 4659 1234 4732 dictus
1252 4658 1415 4732 dominus
1438 4655 1647 4731 Oddoardus
1663 4652 1837 4727 occiderat
1856 4659 1987 4745 patrem
2005 4661 2038 4720 et

618 4787 755 4860 iratrem
773 4787 867 4879 ejus,
885 4786 946 4881 qui
971 4807 1085 4859 comes
1103 4783 1218 4858 Guido
1244 4783 1460 4856 interfecerat
1486 4779 1670 4854 Henricum
1697 4777 1806 4850 filium
1831 4773 1971 4848 Ricardi
1994 4773 2039 4846 de
