4554 6080
777 663 822 725 llll·
844 665 985 726 l'l'Ablll
1010 665 1160 728 Gestis.
1615 665 1676 728 289

258 817 354 887 rem,
373 796 412 870 iu
427 817 531 868 vose
555 797 679 870 vestris
699 802 874 892 generosis
894 803 1168 896 progenitoribus
1186 810 1395 898 pmpagata,
1414 811 1517 898 pmnt
1539 823 1601 898 per
1619 803 1675 876 lit·

258 929 349 994 teres
372 930 507 994 vestras
530 943 642 1016 nuper
666 923 766 996 nobis
789 927 989 998 transmisas
1004 933 1178 1020 gratanter
1199 927 1398 1021 accepimus
1416 935 1451 999 ot
1472 949 1536 1022 per
1555 927 1675 1000 fideles

259 1044 464 1139 interpretes
484 1045 570 1118 alias
589 1045 654 1118 tuit
675 1046 818 1120 culmini
838 1060 953 1122 nostro
966 1049 1084 1124 lucide
1100 1049 1328 1144 patefactum,
1347 1071 1389 1122 eo
1407 1049 1675 1150 habundancius

257 1177 410 1242 nostram
424 1189 544 1242 revera
561 1168 702 1244 letificat
713 1172 864 1246 animam
881 1195 995 1268 eoque
1006 1173 1176 1270 tripodius
1188 1184 1338 1246 mentem
1354 1183 1504 1246 nostram
1517 1176 1675 1270 explorat

258 1301 294 1366 et
306 1293 472 1366 fecundat
485 1313 556 1388 quo
571 1295 708 1389 plenius
731 1309 777 1368 ex
800 1297 971 1372 oblatione
986 1307 1100 1370 vestra
1121 1298 1292 1393 placidius
1309 1299 1410 1370 nobis
1426 1300 1514 1370 lacta
1531 1301 1675 1390 conjec-

258 1417 365 1488 timus
379 1417 476 1511 quod
492 1439 712 1512 nequaquam
739 1421 946 1511 asanguiue
963 1443 1130 1514 generoso
1154 1421 1359 1515 degeneret,
1377 1417 1484 1518 [cnm]
1504 1424 1675 1496 virtuosos

257 1549 396 1635 patrum
420 1550 613 1614 vestrorum
638 1540 770 1614 inducti
794 1543 928 1616 animos
951 1545 1191 1640 progressibus
1211 1545 1336 1618 nostris
1357 1553 1530 1638 gratanter
1554 1547 1675 1640 aplau-

257 1663 351 1736 datis
362 1671 399 1736 et
411 1666 581 1759 obsequia
595 1665 750 1758 graciora
765 1667 956 1762 spondetis·
973 1667 1085 1764 Super
1100 1668 1168 1740 biis
1185 1669 1291 1762 igitur
1306 1667 1501 1762 obsequelis
1517 1670 1675 1764 gratuitis

257 1789 303 1862 ad
320 1811 409 1883 quas
426 1789 509 1862 fidei
526 1812 614 1884 pure
632 1791 825 1884 frequentia
839 1793 941 1887 plene
953 1813 1019 1866 vos
1031 1794 1178 1884 excitat,
1193 1792 1294 1864 vobis
1308 1790 1354 1864 ad
1369 1801 1483 1885 grates
1500 1793 1675 1868 uberimas

257 1914 464 1986 inclinantes
487 1935 551 1988 vos
574 1915 754 1988 universos
776 1927 811 1988 et
828 1916 984 2010 singulos
999 1919 1075 1990 loco
1098 1929 1133 1990 et
1154 1927 1308 2011 tempore
1323 1915 1440 2008 dignis
1457 1915 1675 2012 disponimus

258 2037 483 2131 magnificare
513 2037 691 2111 tenoribus
720 2049 755 2112 et
785 2041 1014 2114 benivolentia
1045 2041 1168 2114 nostris
1201 2039 1405 2114 muneribus
1437 2061 1577 2133 augere.
1607 2043 1675 2116 Vos

257 2161 375 2256 itaque
392 2162 552 2234 culminis
564 2163 671 2235 nostri
686 2163 881 2236 dominium
899 2164 959 2238 leti
970 2175 1004 2236 et
1018 2167 1131 2260 ylares
1144 2166 1370 2260 ampletantes
1388 2161 1433 2236 de
1447 2175 1561 2240 nostre
1574 2167 1676 2240 bene·

257 2286 408 2359 volentis
420 2286 637 2380 graciositate
646 2285 822 2376 confidite,
839 2309 908 2381 que
925 2288 962 2360 in
979 2291 1112 2360 cunctis
1127 2289 1252 2364 vestris
1272 2287 1417 2382 agendis
1432 2289 1674 2384 proculdubio

258 2409 474 2483 universitati
489 2419 524 2482 et
538 2409 767 2500 singularitati
785 2419 899 2482 vestre
912 2431 981 2482 non
1000 2410 1127 2501 deerit,
1141 2422 1245 2506 prout
1261 2413 1415 2484 locorum
1431 2423 1466 2486 et
1480 2423 1673 2509 temporum

258 2533 408 2628 exigerit
423 2534 580 2607 altitudo.
607 2533 693 2606 Cum
713 2533 833 2627 itaque
850 2554 930 2606 cum
948 2543 1087 2608 strenua
1108 2535 1238 2608 milicia
1256 2535 1464 2608 Theotonica
1488 2535 1593 2609 dante
1608 2539 1675 2610 Do·

260 2658 354 2730 mino
376 2657 513 2752 ingredi
532 2657 747 2753 disponimus
771 2657 940 2748 Ytnliam,
959 2658 1109 2750 petimus
1133 2659 1353 2732 obsecrantes
1376 2668 1548 2754 quatenus
1572 2659 1676 2732 coud-

254 2783 410 2874 jntcrum
426 2792 620 2857 vascorum
636 2781 759 2854 animis
775 2780 967 2874 indagatis,
986 2803 1049 2875 per
1064 2781 1255 2876 simplicem
1270 2782 1431 2854 nuntium
1451 2783 1551 2855 nobis
1569 2803 1674 2878 quam

259 2902 363 3003 [cito]
383 2903 592 2978 remandetis
608 2903 705 3000 quod
718 2914 753 2978 et
767 2905 870 2998 quale
885 2925 906 2978 a
922 2904 1018 2978 robis
1031 2913 1066 2978 et
1081 2905 1131 2978 eis
1148 2904 1365 2977 subsoidinm
1384 2915 1570 3001 expectare
1589 2928 1675 3002 pos-

257 3029 382 3102 simus.
402 3030 528 3101 Datum
539 3028 736 3115 Germacie,
755 3029 820 3102 xx
835 3027 964 3100 mensis
980 3011 1119 3117 marcii,
1141 3027 1331 3102 indictione
1349 3031 1431 3120 llll,
1452 3031 1548 3124 regni
1565 3030 1673 3103 nostri

258 3173 352 3226 anno
368 3154 446 3224 Xll.
463 3179 481 3222 r

306 3275 370 3349 Die
385 3277 547 3348 mercurii
559 3277 634 3349 lllll
651 3275 781 3348 mensis
796 3275 922 3366 madii,
946 3275 1107 3348 dominus
1125 3275 1279 3348 marchio
1297 3275 1442 3348 Ubertus
1457 3277 1674 3350 Palavicinus

258 3399 345 3474 obiit
356 3409 392 3472 et
406 3401 562 3493 sepultus
575 3407 627 3470 est
640 3397 677 3470 in
693 3407 805 3472 oestro
819 3419 884 3472 suc
897 3399 943 3472 de
959 3397 1158 3492 Ghisaligio.
1176 3399 1254 3470 Fuit
1267 3399 1360 3472 enim
1375 3399 1512 3494 sapiens
1525 3402 1673 3474 multum

258 3524 295 3595 in
319 3523 484 3618 oporibus
510 3521 617 3594 seculi
641 3522 827 3616 plusquam
857 3543 1013 3616 unquam
1040 3522 1143 3596 fnedt
1170 3525 1298 3618 aliquis
1326 3524 1542 3598 lombardus
1573 3526 1673 3598 Lom-

256 3645 392 3735 bardie,
408 3647 540 3738 largus,
557 3644 710 3734 curialis,
727 3645 856 3740 probus
868 3654 903 3718 et
920 3665 1029 3738 sagax
1041 3645 1077 3718 in
1093 3647 1220 3742 prelio,
1235 3623 1436 3734 rexil'enim
1454 3671 1516 3746 per
1529 3650 1671 3745 longum

255 3775 515 3863 tempustotam
533 3777 665 3862 partem
682 3768 816 3864 imperii
840 3769 876 3840 in
893 3769 1099 3842 lombardia
1119 3781 1154 3842 et
1178 3771 1213 3842 in
1232 3773 1367 3844 Tuscia.
1390 3773 1468 3844 Fuit
1490 3775 1582 3846 euim
1602 3797 1672 3848 nno

256 3891 381 3964 eodem
400 3901 554 3985 tempore
568 3889 730 3965 dominus
741 3893 920 3968 civitatum
932 3893 1108 3983 Cremona,
1125 3891 1323 3985 Mediolani,
1338 3894 1468 3982 Brixia,
1487 3896 1670 3984 Placentia,

256 4014 428 4107 Terdone,
442 4013 726 4106 Alexandrie,.et
740 4037 804 4112 pro
825 4037 868 4090 eo
891 4016 1062 4089 iaciebant
1077 4015 1167 4088 sicut
1184 4018 1321 4090 volebat
1336 4019 1535 4113 Papiensas,
1552 4021 1673 4111 Perga·

255 4160 414 4228 menses,
445 4139 661 4230 parmenses,
691 4139 834 4233 Regini,
864 4141 1076 4214 Mutinenses
1110 4149 1145 4212 et
1176 4161 1238 4234 per
1268 4139 1535 4216 dominationem
1565 4165 1671 4240 quam

254 4261 409 4334 babebat
422 4259 467 4332 de
480 4260 621 4334 civitate
634 4260 882 4334 Mediolanensi
896 4263 1065 4336 iaciebant
1077 4284 1139 4360 pro
1152 4284 1194 4336 eo
1208 4263 1415 4354 laudenses,
1428 4265 1668 4359 Novarienses,

255 4385 402 4457 Cumani
413 4393 448 4456 et
463 4385 569 4456 multe
582 4392 697 4478 partes
713 4385 858 4456 aliarum
871 4385 1050 4460 civitatum
1065 4387 1267 4461 Lcmbardie
1287 4411 1351 4485 pro
1366 4411 1408 4462 eo
1428 4389 1618 4474 iaciebant,
1637 4401 1671 4464 et

257 4527 423 4601 magnum
439 4505 604 4578 bonorem
622 4507 668 4578 ab
690 4507 742 4579 eis
765 4521 972 4581 consecutus
987 4509 1052 4580 luit
1068 4511 1104 4579 in
1129 4511 1333 4584 lombardia
1349 4521 1505 4608 tempore
1518 4513 1590 4584 vite
1608 4535 1671 4586 sne

256 4638 292 4703 et
314 4628 453 4724 reliquit
480 4638 557 4723 post
580 4649 618 4700 se
643 4628 753 4700 lilium
781 4651 891 4701 unum
914 4628 1054 4700 nomine
1078 4629 1292 4702 llanfredum
1316 4643 1352 4705 et
1376 4643 1445 4705 tres
1473 4633 1560 4706 filias
1583 4659 1671 4729 quas

257 4752 389 4824 dimisit
409 4753 445 4822 in
468 4749 626 4822 custodia
650 4749 868 4824 dominorum
886 4753 1042 4826 Ubertini
1060 4763 1095 4826 et
1111 4753 1329 4829 Vioocomitis
1354 4757 1539 4831 pelavicini
1565 4780 1670 4855 nepo·

1472 4889 1508 4941 aa
