4594 6066
814 586 855 648 ΙΝ
879 587 1020 650 tuella
1045 585 1200 650 ousiis.
1653 585 1711 648 lor

293 722 416 796 cietate
437 741 543 816 super
568 719 635 792 hac
653 719 838 814 procedere
859 723 1036 796 volebant.
1055 722 1099 796 lit
1117 742 1159 796 ea
1173 719 1231 795 die
1247 741 1317 816 qne
1342 719 1408 792 iuit
1427 719 1519 794 Vllll
1544 719 1710 796 kalendas

294 842 455 940 augusti,
476 841 592 918 dictus
611 843 803 940 Rapnerius
824 855 974 942 potestas
992 844 1256 920 inaudientiam
1278 843 1379 918 etad
1399 843 1555 918 indutam
1581 843 1629 942 (c)
1647 837 1711 919 hc'·

294 971 429 1044 minum
446 967 621 1042 Placentia
641 967 688 1042 ad
703 967 879 1044 civitatem
898 991 1060 1044 reversus
1076 969 1155 1044 iecit
1173 967 1247 1042 ficri
1271 989 1433 1063 magnam
1451 969 1652 1042 concionem
1674 969 1711 1042 in

293 1115 364 1190 qua
380 1091 514 1186 iurauit
538 1101 574 1166 et
595 1090 753 1167 homines
777 1092 927 1166 civitatis
952 1103 987 1168 et
1010 1094 1228 1189 episcopatus
1248 1093 1366 1185 jurare
1388 1091 1468 1166 iecit
1492 1091 1712 1166 Guillelmurn

294 1217 341 1292 de
357 1215 489 1290 Audito
506 1225 541 1290 et
568 1213 659 1288 tilios
679 1223 714 1288 et
731 1215 818 1290 alios
842 1219 1008 1314 expulsos
1032 1216 1077 1290 de
1097 1215 1238 1291 civitate
1253 1215 1425 1290 Placentie
1446 1223 1614 1311 perpetuo
1640 1236 1710 1288 nun

293 1361 370 1416 csse
394 1340 606 1414 habitatores
635 1338 785 1414 civitatis
807 1361 872 1414 nec
896 1341 1116 1436 episcopatus
1138 1339 1312 1412 Placentie
1334 1347 1369 1412 et
1386 1359 1446 1412 ece
1467 1337 1603 1412 banitos
1627 1361 1712 1435 per-

294 1473 398 1558 petuu
412 1460 600 1555 judicavit.
622 1461 723 1536 Unde
744 1461 827 1536 dicti
854 1463 1048 1538 cardinales
1070 1461 1225 1536 videndo
1251 1483 1321 1556 qne
1342 1461 1471 1536 fiebant
1495 1473 1712 1536 recesserunt

294 1585 452 1658 dicentes
470 1611 480 1658 ε
502 1608 521 1654 «
540 1583 756 1658 bombardae
772 1593 910 1680 pactum
928 1595 1006 1683 pcst
1021 1585 1213 1682 dampnum
1229 1585 1373 1682 suscipit
1387 1595 1551 1659 aetum.»

341 1708 478 1782 Eodem
499 1729 593 1781 anno
615 1716 651 1782 et
671 1707 876 1801 indictione,
900 1707 958 1782 die
979 1709 1158 1784 Xmensis
1180 1709 1402 1804 septembris,
1429 1709 1613 1805 imperator
1630 1731 1710 1782 oum

294 1853 421 1928 magno
437 1833 593 1908 exercitu
617 1833 788 1908 llercnum
806 1834 962 1908 accessit.
986 1835 1120 1908 lntcrea
1139 1833 1304 1908 Ynclinus
1327 1843 1362 1908 et
1387 1833 1608 1927 Salienguera
1630 1855 1710 1908 cum

293 1957 552 2030 Veronensibus
569 1965 605 2030 et
622 1957 698 2031 aliis
716 1969 867 2030 castrum
885 1957 1000 2032 Sancti
1014 1957 1188 2032 constetit
1207 1955 1426 2031 obsidebant.
1444 1957 1487 2030 Et
1505 1965 1620 2032 motus
1639 1957 1707 2030 ina·

293 2087 465 2176 peratore
480 2083 617 2154 Verona
634 2101 714 2154 cum
731 2079 886 2154 exercitu
904 2101 968 2156 suo
986 2089 1021 2154 et
1037 2081 1161 2154 comite
1186 2080 1367 2156 Guboardc
1388 2081 1449 2177 qui
1475 2103 1557 2155 cum
1583 2101 1711 2176 magna

197 2269 198 2272 ,
293 2203 457 2274 comitiva
474 2199 667 2296 Apulorum
687 2211 722 2276 et
741 2204 929 2276 Tuscorum
946 2213 981 2277 et
999 2203 1218 2278 multitudine
1237 2205 1486 2278 Saracenorum
1507 2225 1569 2299 per
1591 2205 1709 2278 Ferra-

292 2325 380 2398 riam
399 2326 598 2418 transierat,
620 2325 716 2400 venit
737 2327 773 2398 in
791 2327 993 2422 episcopatu
1007 2328 1124 2400 Brixie
1144 2337 1179 2401 et
1199 2327 1321 2400 babuit
1340 2325 1605 2400 Reddcdescum
1628 2351 1709 2402 ces-

293 2457 384 2520 trum
403 2449 568 2524 comitum
588 2449 634 2522 de
653 2451 766 2522 Mose.
789 2449 946 2524 Preterea
963 2450 1209 2524 Cremonenses
1231 2445 1293 2547 [et]
1317 2451 1517 2524 Parmenses
1545 2473 1625 2524 enm
1652 2473 1710 2526 ca·

292 2571 395 2645 rcciis
421 2581 457 2646 et
485 2572 627 2666 Reginis
653 2581 688 2646 et
711 2573 965 2648 Mutinensibus
995 2573 1240 2668 equitaverunt
1269 2572 1316 2645 ad
1341 2574 1530 2646 exercitum
1551 2575 1639 2666 ejus.
1666 2575 1711 2648 Et

291 2695 375 2769 inde
392 2706 549 2770 semotus
572 2696 667 2792 apud
684 2695 833 2772 chium
849 2697 896 2793 (b)
914 2707 1065 2771 castrum
1079 2697 1218 2770 blantue
1236 2695 1435 2792 properavit
1452 2705 1487 2770 et
1505 2694 1587 2772 data
1606 2697 1709 2771 obsi-

293 2819 431 2892 dicicne
461 2820 576 2916 ipsum
605 2829 755 2894 castrum
781 2821 884 2918 cepit.
913 2823 1003 2896 Dum
1037 2828 1153 2894 autem
1182 2819 1232 2892 ibi
1262 2829 1498 2916 permaneret,
1529 2821 1708 2896 Mantuani

294 2943 405 3037 primo
430 2943 489 3020 die
512 2945 641 3018 mensis
667 2944 820 3019 octubris
844 2965 924 3018 cum
944 2945 1153 3040 imperatore
1174 2942 1264 3039 pacti
1288 2952 1369 3016 sunt
1393 2953 1427 3018 et
1453 2965 1569 3018 eomes
1593 2946 1708 3020 Sancti

292 3067 468 3142 Bonesacii
484 3067 641 3142 obedivit
656 3067 702 3142 ei.
723 3069 765 3142 lit
780 3067 909 3142 exinde
927 3076 1080 3142 semotus
1097 3087 1178 3140 cum
1203 3075 1273 3140 toto
1295 3067 1451 3141 exercitu
1470 3087 1534 3140 suo
1556 3076 1590 3140 el
1609 3069 1708 3142 Man·

293 3191 425 3280 tuanis,
442 3191 605 3282 Yzolino,
624 3191 865 3284 Salienguera,
883 3191 1007 3266 comite
1024 3191 1140 3264 Sancti
1157 3189 1330 3264 Bcneiacii
1345 3199 1380 3263 et
1395 3191 1472 3265 aliis
1490 3189 1535 3264 de
1551 3191 1705 3283 Marc-ba,

293 3310 340 3386 ad
366 3314 617 3390 obsidicicnem
645 3315 747 3388 castri
777 3315 903 3390 Montis
932 3315 1020 3388 Clari
1051 3313 1263 3410 properauit.
1296 3314 1428 3388 lntcrea
1455 3313 1634 3387 Conradus
1662 3314 1709 3390 de

294 3435 469 3510 Concissic
486 3459 567 3511 cum
588 3435 654 3510 XX
678 3437 845 3510 militibus
863 3436 1037 3510 nobilibus
1062 3446 1096 3510 et
1118 3435 1193 3510 CCC
1219 3435 1396 3532 peditibus
1418 3435 1568 3509 civitatis
1594 3437 1708 3510 Rrixie

293 3560 457 3634 mandato
484 3561 677 3634 communis
701 3581 823 3636 eorum
847 3561 884 3632 in
908 3559 1023 3656 ipsum
1048 3569 1198 3634 castrum
1225 3558 1451 3632 intraverunt.
1479 3557 1565 3632 Cum
1590 3568 1708 3634 antem

294 3683 469 3758 exercitus
493 3685 708 3780 imperatoris
733 3685 824 3758 circa
847 3683 979 3760 dictum
1003 3694 1151 3758 castrum
1175 3683 1333 3777 undiquc
1357 3691 1464 3776 esset,
1488 3683 1604 3780 ipsum
1628 3707 1709 3758 cas-

294 3819 384 3881 trum
401 3809 573 3882 hedificiis
588 3819 623 3883 et
640 3809 817 3883 trabuchis
831 3810 962 3884 fortiter
975 3817 1140 3906 ceperunt
1157 3829 1380 3904 expugnare,
1397 3829 1514 3881 muros
1532 3817 1568 3881 et
1587 3808 1709 3884 domos

293 3931 341 4004 ad
357 3941 483 4006 terram
506 3943 708 4008 sternentes.
731 3936 822 4006 Dum
844 3941 960 4008 autem
985 3934 1099 4028 ipsum
1121 3940 1271 4006 castrum
1293 3931 1383 4004 circa
1403 3939 1472 4006 tres
1496 3931 1709 4006 ebdomadas

293 4066 573 4152 expugnassent,
594 4057 770 4130 intrinseci
796 4078 880 4130 veru
897 4057 1086 4152 cogitantes
1111 4063 1145 4130 et
1171 4054 1216 4129 de
1242 4055 1325 4128 belli
1350 4056 1487 4129 fortuna
1512 4054 1709 4129 diffidentes

291 4188 485 4253 statuerunt
509 4180 650 4252 insimul
668 4179 713 4278 (e)
730 4189 830 4254 nocte
848 4181 961 4255 silenti
981 4181 1027 4254 de
1043 4181 1182 4254 castello
1200 4180 1380 4253 absentare
1400 4187 1439 4251 ut
1461 4178 1605 4274 quilibet
1618 4199 1710 4254 eva-

292 4301 377 4376 dere
403 4305 453 4378 sic
479 4313 609 4400 posset.
628 4305 763 4380 Interea
781 4305 945 4380 Ynclinus
964 4315 998 4378 et
1017 4305 1075 4378 elii
1093 4305 1265 4402 principes
1283 4313 1317 4377 et
1338 4301 1460 4400 prelati
1486 4309 1627 4398 pactum
1650 4325 1709 4376 cc·

334 4477 378 4558 (a)
399 4479 536 4541 Forsitan
549 4477 732 4547 mundatum.

335 4583 377 4664 (b)
398 4585 434 4647 lu
446 4587 547 4649 codice
563 4585 690 4649 Gaidim.

335 4695 372 4768 (r)
399 4692 437 4754 In
449 4693 551 4757 codice
562 4693 597 4756 ia
610 4691 721 4758 dmlur.
