4534 6074
719 641 964 707 cnuoutcont
986 639 1293 704 attenuatuutt.
1675 634 1717 698 43

293 779 431 854 reuzola
452 779 610 852 lecerunt
628 775 796 874 desuptns
816 802 838 853 a
863 789 968 876 ponte
994 776 1089 852 Arde
1113 797 1225 871 usqne
1246 773 1293 848 ad
1311 775 1439 847 iontem
1458 771 1504 846 de
1533 771 1650 859 Gallo;
1680 768 1717 840 in

293 926 444 1000 qnorum
465 902 598 976 anxilio
622 903 824 976 Parmenses
843 927 924 977 cum
946 903 1112 976 universa
1134 909 1237 995 gente
1255 921 1375 972 eorum
1404 921 1447 972 ea
1472 897 1530 970 die
1551 902 1719 969 venerant

294 1029 463 1123 Burgum.
479 1028 548 1114 Qui
571 1027 821 1100 Cremonenses
832 1027 929 1124 apud
949 1026 1182 1100 Florenzolam
1199 1045 1238 1096 se
1251 1022 1513 1112 adunaverunt,
1534 1029 1569 1093 et
1586 1019 1638 1092 sic
1655 1039 1720 1091 or-

295 1151 407 1225 dinati
426 1161 462 1226 et
478 1151 602 1224 armati
617 1172 742 1224 versus
758 1151 922 1224 Sanctum
939 1149 1130 1224 Protasinm
1146 1149 1301 1238 iverunt3
1319 1169 1425 1242 quam
1444 1146 1562 1217 villam
1580 1153 1615 1218 et
1630 1142 1719 1216 Carii

297 1275 413 1349 locum
437 1253 686 1350 combuserunt
704 1282 741 1347 et
759 1272 1024 1366 destruxerunt,
1050 1283 1084 1346 et
1107 1275 1245 1345 luerunt
1268 1292 1381 1364 usque
1404 1268 1450 1342 ad
1468 1267 1715 1340 Albouaxinm.

345 1401 394 1472 bl.
407 1399 592 1490 GC.Xllll‚
622 1396 812 1471 indictione
836 1399 899 1490 lll,
931 1397 990 1471 die
1017 1396 1175 1486 sabbati,
1209 1396 1268 1466 llll
1294 1393 1422 1466 mensis
1446 1391 1620 1483 octubris,
1649 1390 1721 1462 mi-

297 1525 376 1600 lites
395 1523 582 1598 Mediolani
604 1543 749 1596 numero
776 1522 871 1596 mille
892 1521 1101 1594 Placentiam
1122 1527 1312 1608 venerunt;
1342 1515 1401 1590 die
1426 1537 1511 1589 vero
1536 1514 1719 1605 mercurii,

297 1651 375 1722 Vlll
392 1649 549 1742 ejusdem
571 1648 702 1720 mensis
720 1647 890 1736 octobris,
911 1645 1099 1719 Placentini
1117 1653 1188 1715 tam
1213 1642 1341 1713 milites
1363 1661 1468 1734 quam
1490 1638 1625 1734 pedites
1641 1659 1722 1710 cum

297 1772 616 1848 Mediolanensibus
641 1770 808 1842 militibus
837 1767 885 1842 ad
911 1777 1063 1840 castrum
1092 1765 1283 1862 Parpanisii
1311 1773 1541 1860 perexerunt,
1572 1772 1608 1836 et
1633 1761 1722 1835 illud

297 1897 442 1992 quidem
468 1897 659 1971 Placentini
684 1893 843 1988 undique
866 1891 1094 1981 obsederunt,
1116 1905 1151 1964 et
1167 1913 1247 1963 cnm
1263 1889 1450 1987 predariis,
1471 1889 1591 1984 gattis,
1615 1889 1722 1982 sagit·

299 2021 394 2092 tariis
417 2029 452 2092 et
470 2019 662 2092 balcsturiis
689 2018 833 2090 viriliter
855 2023 1146 2112 expugnaverunt
1167 2042 1176 2086 ε
1198 2013 1294 2110 quod
1311 2023 1462 2087 castrum
1482 2025 1575 2086 turre
1596 2035 1722 2109 magna

299 2165 342 2218 ac
361 2143 568 2234 fortissima,
587 2143 709 2216 castris
723 2163 866 2238 quoqne
882 2139 1081 2236 lignaminis
1099 2149 1134 2212 et
1148 2139 1267 2238 spadis
1286 2139 1442 2234 optimis,
1467 2137 1602 2210 lossatis
1618 2137 1723 2209 etiam

299 2269 484 2366 profundis
505 2275 541 2341 et
567 2289 660 2362 aqua
684 2267 798 2362 plenis
818 2275 892 2338 erat
917 2271 1153 2337 constructum
1174 2263 1303 2358 pariter
1324 2271 1359 2334 et
1385 2261 1573 2352 munitum3
1598 2261 1635 2332 in
1653 2282 1724 2356 quo

300 2403 441 2468 centum
468 2394 628 2466 homines
652 2373 873 2487 Papiensium
902 2411 965 2485 pro
990 2391 1057 2462 isto
1082 2397 1194 2461 castro
1220 2387 1439 2461 defendendo
1467 2387 1630 2478 aderant,
1662 2385 1724 2479 qui

302 2528 454 2592 mabam
475 2518 564 2592 illud
587 2519 710 2590 acriter
730 2526 765 2589 et
784 2515 914 2590 lortiter
935 2512 1169 2589 defendebant
1189 2533 1270 2584 cum
1293 2511 1414 2606 petris,
1434 2511 1591 2582 trabibus
1612 2518 1647 2582 et
1669 2531 1726 2581 sa-

302 2641 402 2736 gitis,
422 2661 508 2714 arcu
528 2649 563 2712 et
581 2641 724 2712 balistra
741 2639 869 2724 missis,
890 2645 1024 2711 nostros
1040 2636 1076 2708 in
1096 2638 1222 2709 lossato
1240 2643 1275 2708 et
1290 2635 1326 2706 in
1350 2644 1462 2708 castro
1480 2656 1541 2730 per
1564 2633 1637 2705 vim
1662 2653 1725 2707 vo·

302 2765 412 2838 lentes
429 2764 558 2836 intrare
581 2763 822 2858 percutientes.
842 2760 996 2835 Tandem
1013 2760 1201 2834 Placentini
1225 2759 1262 2830 in
1277 2759 1403 2832 fossato
1420 2759 1516 2854 ligna
1535 2767 1571 2832 et
1586 2759 1726 2832 arbores

303 2883 472 2978 grandes,
492 2903 591 2956 carra
609 2891 645 2956 et
664 2883 768 2956 etiam
788 2889 923 2976 gattum
947 2881 1170 2978 proicientes,
1190 2899 1296 2975 super
1314 2879 1399 2974 ipsis
1424 2900 1564 2974 quoque
1591 2877 1628 2949 in
1656 2879 1725 2951 los·

302 3019 416 3083 satum
444 3006 715 3096 descendentes,
736 3015 770 3078 et
791 3007 897 3078 stiam
918 3026 1024 3101 super
1041 3003 1226 3100 terragium
1248 3023 1385 3075 summa
1406 3002 1442 3075 vi
1462 3024 1574 3098 usque
1598 3001 1727 3100 spadoa

303 3133 550 3224 ascendentes;
585 3131 746 3204 videntes
783 3130 909 3204 iterum
945 3130 1121 3218 intrinseci
1161 3129 1224 3224 qui
1257 3131 1372 3200 locum
1413 3126 1655 3200 custodiebant
1693 3137 1728 3201 et

304 3256 557 3348 defendebant,
582 3255 800 3329 Placentinos
826 3255 872 3328 ab
899 3255 1038 3352 incepto
1065 3252 1232 3326 desistere
1252 3253 1425 3343 nolentes,
1452 3251 1515 3324 sed
1533 3273 1638 3348 super
1658 3262 1726 3324 ter·

304 3383 440 3477 regium
463 3389 569 3476 atque
583 3380 686 3454 castri
705 3379 834 3476 spados
853 3379 998 3453 viriliter
1013 3377 1258 3470 ascendentes,
1274 3377 1403 3471 pariter
1420 3385 1455 3450 ct
1470 3385 1724 3472 expugnantes,

304 3510 424 3601 lugam
450 3507 618 3602 patientes
641 3528 747 3602 super
771 3518 901 3579 turrem
927 3503 1170 3578 ascenderunt.
1192 3503 1442 3598 Prospicientes
1464 3501 1621 3574 similiter
1649 3503 1726 3576 Pla·

305 3633 462 3706 ceutinos
481 3633 518 3704 in
536 3631 660 3704 fossato
674 3639 755 3704 ante
772 3641 905 3726 portam
927 3629 1032 3702 turris
1049 3626 1297 3716 ascendentes,
1315 3635 1454 3720 pontem
1474 3625 1577 3697 etiam
1599 3623 1607 3723 Ι
1628 3626 1728 3699 leva-

305 3767 414 3830 torem
437 3777 518 3828 cum
544 3755 723 3828 securibus
747 3755 957 3848 incidentes,
981 3761 1016 3827 et
1038 3754 1151 3848 ipsum
1170 3751 1397 3846 explanantes
1423 3771 1534 3844 usque
1560 3749 1603 3822 ad
1624 3749 1727 3823 castri

305 3889 440 3976 portam
466 3902 546 3951 oum
570 3878 752 3952 securibus
768 3899 893 3972 magno
910 3879 1060 3951 clamore
1075 3885 1269 3967 currentes,
1289 3873 1424 3970 lapides
1442 3873 1527 3946 mire
1544 3874 1728 3968 magnitu-

306 4002 400 4077 dinis
422 4013 458 4075 et
473 4003 600 4095 molas,
621 4002 754 4094 trabes,
775 4001 929 4086 assides,
949 4001 1056 4074 sudes
1072 4021 1212 4095 quoque
1229 3998 1447 4072 acutissimos
1469 4019 1575 4093 super
1593 4007 1727 4072 nostros

306 4127 511 4222 gravissime
531 4125 751 4221 projecebant
769 4124 855 4222 (sic).
879 4125 1110 4220 Percipientes
1131 4134 1248 4196 autem
1267 4123 1312 4196 de
1331 4123 1509 4218 porticella
1534 4145 1605 4218 que
1624 4125 1727 4217 juxta

307 4251 418 4346 ipsam
435 4260 569 4345 portum
589 4248 729 4337 aderat,
751 4271 830 4322 cum
855 4248 1035 4322 securibus
1061 4269 1188 4342 magna
1207 4247 1243 4318 vi
1267 4247 1360 4318 illam
1390 4247 1569 4320 sciderunt
1592 4255 1628 4318 et
1653 4248 1728 4320 sre-

306 4383 444 4470 gerunt.
464 4373 644 4445 intrinseci
662 4395 745 4446 vero
765 4373 925 4446 videntes
941 4371 1157 4444 Placentinos
1175 4391 1237 4468 per
1263 4371 1366 4444 castri
1392 4371 1579 4464 terragium
1601 4369 1729 4467 spadas

306 4499 523 4584 ascendisse,
543 4505 579 4569 et
602 4519 663 4591 per
680 4497 893 4593 porticellam
917 4497 1012 4568 intus
1037 4505 1188 4570 castrum
1215 4497 1384 4570 violenter
1411 4497 1573 4589 intrasse,
1599 4495 1728 4568 turbati

308 4623 431 4694 timore
446 4631 482 4693 et
499 4630 649 4693 tremore
666 4621 837 4716 perterriti
855 4622 976 4714 valde,
994 4621 1134 4717 signum
1155 4621 1269 4694 crucis
1284 4619 1427 4693 brachio
1443 4620 1625 4712 iacientes,
1645 4643 1728 4693 con·

308 4745 446 4818 sulibus
475 4745 671 4818 communis
698 4745 870 4819 Placentia
896 4767 934 4818 se
961 4743 1203 4818 reddiderunt.
1234 4743 1337 4830 Quod
1364 4752 1515 4816 castrum
1542 4745 1730 4817 Placentini
1807 4741 1809 4750 '
