4568 6064
787 675 830 736 llll
854 673 997 734 lTrttlll
1021 672 1172 734 assate.
1628 671 1689 732 357

267 811 368 901 telle;
397 821 432 884 et
460 811 509 882 ita
534 831 600 881 rex
627 809 768 882 Francie
787 830 868 882 oum
889 816 961 882 tolo
979 829 1044 880 suo
1062 806 1209 879 extortio
1224 804 1393 898 equitavit
1411 804 1575 877 hostiliter
1594 806 1688 878 illuc.

317 933 371 1006 De
390 953 511 1008 mense
532 953 617 1004 vero
644 931 843 1005 novembris
865 931 902 1004 in
929 930 1100 1027 principio
1129 929 1258 1000 mensis
1280 928 1466 1022 papienses
1491 927 1693 1022 inceperunt

270 1055 452 1130 destruere
467 1067 578 1130 turres
593 1059 778 1147 Zazorum,
794 1066 829 1130 et
846 1054 969 1128 domos
982 1063 1017 1126 et
1029 1053 1210 1146 hospitalia
1225 1073 1368 1146 eorum,
1388 1050 1510 1123 domos
1531 1061 1566 1123 et
1579 1063 1693 1124 turres

271 1179 407 1254 domini
428 1181 599 1254 Guillelmi
621 1179 668 1254 de
685 1180 806 1268 Petra,
834 1178 954 1252 Jacobi
978 1177 1163 1270 Butigelle,
1185 1176 1356 1269 Galvagui
1386 1174 1431 1248 de
1453 1175 1634 1268 Campixio
1658 1185 1693 1246 et

270 1303 419 1376 aliorum
435 1305 624 1376 multorum
640 1312 841 1396 magnatum
861 1303 906 1375 de
925 1311 1014 1374 terra
1035 1301 1110 1396 ipsa
1123 1300 1184 1393 qui
1201 1300 1415 1372 rebellabant
1430 1298 1575 1389 civitati,
1592 1309 1627 1369 et
1645 1299 1692 1371 ita

271 1425 412 1500 videtur
431 1425 527 1520 quod
552 1426 746 1520 peruiciosa
770 1424 944 1499 discordia
968 1425 1098 1496 oriatur
1124 1423 1160 1493 iu
1185 1424 1243 1495 illa
1266 1423 1417 1495 civitate.
1450 1421 1694 1494 Cremonenses

135 1583 143 1596 ⁸
270 1558 305 1622 et
321 1551 524 1622 Parmenses
539 1547 708 1640 adjuvant
726 1543 1008 1620 Guitlelmum'de
1026 1547 1126 1618 Petra
1145 1555 1180 1617 et
1200 1545 1327 1616 milites
1347 1543 1558 1642 extrinsecos
1573 1543 1689 1638 Papie.

319 1672 450 1745 Eodem
473 1692 593 1746 mense
611 1670 773 1744 dominus
792 1693 856 1744 rex
872 1669 1040 1744 Rodullus
1064 1671 1296 1743 Romanorum
1325 1691 1405 1741 cam
1431 1689 1558 1760 magna
1586 1669 1693 1740 comi·

270 1788 344 1868 tiva
373 1795 523 1867 militum
545 1795 687 1868 intravit
716 1792 932 1866 Alamauiam
963 1802 997 1866 et
1021 1793 1132 1889 primo
1162 1791 1364 1884 subjugavit
1390 1799 1498 1862 tolum
1526 1788 1692 1864 ducatum

271 1915 447 1990 Osteriche
460 1926 496 1990 et
513 1925 623 1988 totum
635 1915 801 1989 ducatum
815 1915 1016 1990 Geronteon.
1032 1916 1164 1988 Deinde
1180 1916 1322 1986 intravit
1335 1916 1371 1984 iu
1389 1935 1537 2006 regnum
1553 1915 1694 1987 Boemie

271 2040 372 2130 cujus
394 2059 458 2112 rex
474 2038 506 2111 ei
521 2037 710 2110 rebellabat
729 2047 765 2110 et
781 2037 895 2132 ipsum
914 2059 1060 2132 regnum
1078 2037 1180 2130 quasi
1200 2045 1310 2108 totam
1328 2035 1395 2106 sibi
1410 2035 1626 2126 subjugavit,
1646 2035 1693 2108 ita

270 2161 368 2257 quod
385 2183 449 2234 rex
467 2161 605 2234 Boerme
621 2163 712 2254 fugit
728 2161 764 2232 iu
784 2182 890 2234 unam
907 2181 1008 2234 suam
1028 2160 1202 2232 civitatem
1216 2181 1287 2253 que
1301 2167 1354 2230 est
1373 2159 1460 2228 ultra
1479 2158 1690 2250 Douogiam,

246 2298 306 2359 'et
335 2286 458 2360 habuit
486 2285 588 2379 quasi
625 2293 735 2357 totum
762 2283 964 2358 thesaurum
992 2283 1077 2357 dicti
1105 2283 1196 2376 regis
1223 2283 1374 2356 Boemie.
1401 2283 1445 2352 Et
1471 2283 1537 2352 hoc
1563 2283 1692 2354 lactum

270 2419 323 2484 est
337 2410 384 2482 ad
400 2409 654 2502 instigationem
672 2407 772 2482 ducis
789 2407 957 2502 Bayverie
975 2415 1009 2480 et
1024 2406 1117 2500 regis
1129 2405 1279 2498 Ungarie
1295 2415 1329 2477 et
1342 2405 1487 2477 aliorum
1505 2406 1693 2480 multorum

271 2533 419 2622 ducum,
443 2530 682 2604 marchionum
707 2540 742 2602 at
760 2529 956 2624 principum
984 2549 1072 2622 quos
1096 2530 1171 2622 ipse
1189 2549 1252 2600 rex
1278 2529 1418 2601 Boemie
1443 2527 1619 2601 detinebat
1636 2531 1691 2600 in-

265 2655 360 2746 juste
379 2673 546 2748 oppresus
567 2661 603 2724 et
622 2653 837 2724 mollestabat
862 2650 1004 2722 assidue
1024 2659 1162 2745 propter
1180 2651 1373 2745 potenciam
1392 2673 1504 2723 suam.
1528 2651 1584 2724 Ad
1609 2654 1693 2724 ulti-

270 2797 367 2847 mum
391 2796 476 2848 vero
497 2773 696 2846 concordati
724 2774 878 2846 suntad
906 2773 1057 2844 invicem
1082 2773 1330 2868 pactimoninm
1352 2773 1507 2846 vicissim
1535 2774 1624 2847 iuter
1654 2799 1693 2850 se

268 2899 452 2989 facientes3
474 2920 537 2971 rex
559 2897 620 2971 dat
640 2898 707 2970 sibi
723 2897 817 2970 LXM
842 2897 1000 2969 marchas
1020 2897 1152 2990 argenti
1177 2907 1213 2969 et
1232 2899 1301 2970 MM
1320 2898 1443 2971 milites
1457 2898 1502 2971 ad
1525 2921 1692 2973 coronan-

269 3021 354 3094 dam
375 3031 410 3094 et
429 3022 463 3092 M
480 3022 606 3094 milites
622 3022 712 3092 ultra
731 3041 826 3092 mare
842 3031 876 3092 et
893 3021 961 3093 alia
978 3021 1086 3092 multa
1104 3031 1216 3115 pacta.
1283 3065 1286 3070 -

318 3146 380 3218 Die
398 3145 537 3218 veneris
553 3145 677 3218 XXllll
697 3145 826 3218 mensis
840 3144 1039 3217 novembris
1051 3145 1331 3240 archiepiscopus
1343 3144 1544 3228 Mediolani,
1562 3147 1691 3242 Symou

268 3268 314 3342 de
332 3271 486 3360 Looario,
506 3267 684 3342 Corradus
702 3268 748 3342 de
763 3259 956 3340 Castaliouo
981 3278 1016 3339 nt
1036 3267 1096 3339 alii
1114 3267 1284 3361 capitanei
1303 3277 1337 3338 et
1355 3269 1552 3340 valvasores
1570 3279 1604 3342 et
1628 3293 1692 3342 ex·

267 3393 409 3466 trinseci
439 3393 484 3466 de
513 3392 711 3466 Mediolano
743 3413 824 3464 cum
849 3400 920 3464 tota
943 3411 1063 3464 corum
1091 3398 1188 3484 parte
1210 3390 1425 3462 intraverunt
1451 3392 1488 3463 iu
1516 3394 1691 3466 civitatem

267 3519 453 3591 Cumarum
475 3525 593 3588 contra
613 3518 689 3588 illos
712 3515 757 3588 de
772 3517 915 3588 Laturre
934 3515 994 3609 qui
1014 3515 1108 3586 illam
1130 3513 1306 3586 civitatem
1321 3515 1498 3604 tenebant,
1518 3526 1552 3588 et
1570 3517 1692 3590 incon·

266 3642 388 3714 tinenti
405 3641 453 3711 illi
468 3638 666 3712 babuerunt
682 3639 745 3712 Vel
768 3635 775 3736 Ι
796 3640 969 3712 lesoxium
984 3647 1018 3711 et
1036 3637 1211 3711 Leucbum
1226 3647 1260 3708 ct
1279 3639 1387 3709 multa
1401 3639 1468 3710 alia
1487 3640 1574 3732 loca,
1592 3651 1626 3712 et
1642 3643 1690 3714 illi
1716 3683 1884 3732 mm

267 3765 313 3838 de
331 3765 473 3836 Laturre
493 3773 528 3836 et
540 3763 814 3838 Mediolanenses
831 3762 1008 3835 intrinseci
1028 3763 1119 3834 male
1137 3761 1352 3834 auxiliantur
1368 3763 1413 3834 ab
1431 3763 1552 3835 amicis
1570 3786 1690 3839 eorum

124 3987 127 3994 A
267 3887 312 3961 de
334 3885 557 3979 lombardia,
580 3887 627 3958 ita
642 3885 737 3981 quod
753 3885 889 3959 vadunt
905 3886 1076 3981 capitanei
1094 3893 1128 3958 et
1146 3887 1345 3958 valvasores
1361 3885 1562 3960 invadendo
1582 3898 1689 3963 totum

266 4011 483 4085 comitlalum
504 4009 704 4084 Mediolani.
731 4007 830 4082 Unde
855 4009 938 4084 dicti
966 4007 1137 4104 capitanei
1160 4030 1240 4080 cum
1268 4018 1338 4082 tota
1366 4031 1486 4082 eorum
1509 4021 1607 4105 parte
1631 4013 1691 4086 dic

264 4135 428 4208 mercurii
454 4133 519 4206 XX
546 4133 675 4206 mensis
695 4133 844 4225 januarii
870 4143 1043 4205 venerunt
1064 4132 1110 4205 ad
1128 4131 1316 4226 quemdam
1339 4133 1454 4204 locum
1481 4156 1590 4229 prope
1615 4138 1689 4210 Me·

264 4256 444 4331 diolaunm
463 4278 525 4352 per
543 4257 577 4328 X
595 4257 765 4329 milliaria.
793 4257 907 4342 Quare
931 4265 1082 4351 potestas
1103 4255 1288 4328 Mediolani
1312 4265 1347 4326 et
1364 4257 1576 4351 Napolionus
1595 4258 1690 4334 dela

264 4379 372 4451 Turre
395 4388 430 4452 et
454 4379 657 4452 Franciscus
685 4377 730 4451 de
756 4379 790 4450 la
815 4379 923 4450 Turre
951 4387 986 4450 et
1009 4378 1068 4450 alii
1098 4378 1278 4461 intrinseci¹
1296 4377 1482 4450 Mediolani
1509 4401 1592 4452 curn
1618 4391 1690 4456 tota

263 4521 385 4574 eorum
418 4501 540 4575 militia
575 4512 609 4574 et
638 4511 735 4574 erant
764 4503 853 4574 bene
878 4501 1015 4574 MCCCC
1045 4501 1192 4592 milites,
1224 4500 1312 4572 inter
1342 4522 1432 4594 quos
1470 4513 1567 4574 erant
1598 4503 1689 4578 circa

262 4620 374 4710 CCCC?
389 4624 584 4718 coboperti,
606 4622 665 4696 die
688 4624 754 4696 isto
781 4625 940 4696 mercurii
965 4625 1210 4719 equitaverunt
1232 4622 1279 4697 ad
1308 4625 1421 4696 locum
1448 4625 1542 4696 Dezii
1572 4637 1606 4700 et
1632 4628 1690 4702 die

256 4727 352 4839 jovis
380 4769 518 4820 summo
542 4769 646 4820 mane
675 4747 847 4843 capitanei
874 4757 910 4820 et
941 4749 1140 4822 valvasores
1166 4769 1246 4820 oum
1270 4747 1371 4820 CCCC
1395 4748 1596 4823 ballistariis
1622 4751 1690 4824 Cu·
