4568 6064
779 705 821 765 tlt
844 704 985 766 tracta
1011 701 1162 764 GllS'l'lS.
1620 698 1675 758 381

262 837 426 911 sonaliter
436 837 593 932 preliari3
610 836 673 910 sed
688 851 803 910 utrum
817 849 909 914 esset
922 861 1047 914 verum
1063 837 1129 908 hoc
1140 836 1192 908 rel
1205 835 1342 907 falsum.
1360 833 1435 906 Rex
1451 832 1683 927 Aragonensie

263 961 423 1032 transivit
438 961 473 1028 iu
493 959 684 1033 Calabriam
708 985 789 1034 cum
806 985 930 1058 magua
949 961 1140 1057 quantitate
1154 961 1303 1031 militum
1320 967 1354 1030 et
1372 954 1529 1051 peditum
1544 965 1578 1027 et
1594 957 1683 1028 sub-

259 1083 386 1176 jugare
403 1103 481 1154 eam
501 1081 568 1152 eibi
591 1081 757 1172 intendit,
777 1084 945 1179 adquam
965 1083 1231 1158 deffendendum
1256 1081 1417 1176 prinecps
1441 1079 1533 1150 lilius
1551 1077 1682 1149 domiui

264 1205 358 1296 regis
376 1205 493 1278 Karoll
517 1213 589 1277 toto
614 1228 680 1278 suo
697 1228 800 1302 posse
824 1208 968 1280 laborat.
992 1207 1185 1278 certissime
1206 1227 1290 1278 vero
1311 1226 1375 1276 rex
1394 1201 1625 1295 Aragonensis
1650 1210 1685 1271 et

265 1349 330 1400 rex
356 1327 503 1400 Karolus
523 1327 670 1422 quilibet
694 1351 774 1402 cum
799 1330 920 1402 suieC
946 1329 1112 1401 militibus
1140 1329 1311 1422 guaruitis
1336 1329 1473 1397 iverunt
1498 1324 1543 1397 ad
1569 1326 1684 1396 locum

265 1449 482 1540 ordinatum3
501 1450 564 1524 sed
581 1453 665 1546 qula
683 1451 846 1524 dominus
867 1475 931 1524 rex
953 1453 1095 1524 Francis
1120 1473 1226 1523 causa
1247 1450 1389 1523 videndi
1408 1450 1555 1544 prelium
1576 1449 1686 1521 iverat

265 1595 346 1646 cum
373 1575 529 1647 maxima
547 1576 738 1668 quantitate
756 1576 900 1647 militum
919 1588 1145 1666 armatorum,
1167 1576 1291 1646 timens
1308 1595 1371 1645 rex
1389 1573 1621 1666 Aragonensis
1641 1569 1686 1642 de

264 1717 308 1770 so
326 1697 407 1770 lecit
425 1697 492 1770 sibi
510 1698 580 1771 dici
605 1699 701 1792 quod
727 1699 903 1772 recederet
929 1699 1012 1793 quia
1033 1721 1186 1792 pugnam
1211 1697 1351 1770 nolebat
1367 1698 1479 1768 lacere
1496 1696 1526 1767 si
1544 1717 1685 1790 presens

265 1829 376 1910 esset,
401 1821 507 1894 etsie
530 1821 774 1895 deminuerex
800 1823 942 1894 Francis
967 1821 1077 1892 noluit
1104 1842 1142 1894 se
1169 1819 1330 1891 dividere
1355 1819 1400 1891 de
1426 1819 1525 1902 inde;
1544 1831 1579 1890 et
1602 1817 1685 1911 quia

265 1943 409 2038 quidam
444 1943 629 2016 cardinalis
658 1945 793 2040 legatus
825 1945 957 2018 domini
988 1965 1076 2038 pape
1107 1963 1251 2038 presens
1289 1952 1363 2014 erat
1388 1941 1449 2035 qui
1477 1941 1686 2038 precipiebat

266 2069 422 2162 partibus
436 2068 532 2161 quod
551 2091 618 2139 non
635 2067 801 2141 deberent
818 2068 953 2162 preliari
971 2068 1038 2138 sub
1060 2089 1151 2162 pena
1170 2066 1537 2138 excommunicationis
1553 2075 1587 2136 et
1602 2065 1686 2159 quie

266 2211 337 2262 uon
361 2191 517 2285 placebat
535 2192 683 2287 prelium
700 2192 833 2264 vicario
848 2191 979 2264 domini
1000 2192 1091 2285 regis
1115 2191 1258 2285 Anglic,
1285 2191 1448 2262 remansit
1472 2187 1616 2284 prelium
1640 2188 1686 2261 ab

267 2325 415 2408 utraque
431 2325 540 2410 parte.
561 2317 606 2388 ld.
622 2315 684 2388 CC.
698 2315 822 2387 LXXX
841 2315 957 2388 tercio.

316 2439 378 2509 Die
400 2439 538 2511 veneris
558 2441 698 2512 XXlllll
723 2441 852 2512 mensis
877 2440 985 2512 madii
1006 2461 1121 2511 comes
1137 2438 1250 2511 Guido
1269 2437 1315 2510 de
1332 2437 1546 2509 Monteleltro
1568 2447 1601 2508 et
1623 2437 1686 2510 ho·

267 2563 377 2632 mines
395 2561 545 2651 Furlini,
565 2564 694 2634 Cesene
712 2571 746 2634 et
769 2563 905 2636 illarum
924 2562 1072 2656 partium
1093 2562 1317 2634 concordium
1343 2563 1499 2632 lecerunt
1517 2583 1597 2631 cum
1619 2559 1684 2632 do·

266 2684 360 2756 mino
379 2705 471 2779 papa
485 2695 519 2757 et
533 2685 686 2758 Ecclesia
703 2687 856 2758 Romana
875 2707 955 2756 com
974 2683 1073 2755 certis
1091 2683 1203 2777 pactis
1219 2693 1253 2755 et
1271 2683 1560 2756 condictionibus.

315 2809 378 2880 Ille
400 2807 574 2882 dominico
595 2809 672 2882 XVl
694 2809 822 2880 mensis
850 2808 954 2880 ruadii
979 2817 1128 2903 potestas
1151 2808 1323 2879 Placentic
1349 2829 1429 2878 cum
1460 2807 1625 2878 militibus
1653 2815 1688 2878 et

266 2929 443 3024 peditibus
461 2929 609 3001 civitatis
623 2941 657 3002 et
674 2931 904 3025 episcopatus,
924 2942 996 3003 orta
1017 2929 1190 3002 discordia
1211 2929 1300 3001 iuter
1317 2951 1499 3002 commune
1517 2931 1688 3001 Placentie

266 3063 302 3125 et
318 3053 479 3126 comitem
499 3053 701 3126 Ubertinum
730 3054 775 3126 de
794 3054 930 3144 lando,
958 3055 1021 3125 ivit
1044 3053 1089 3126 ad
1112 3054 1378 3126 obsciditiouem
1400 3053 1503 3124 castri
1528 3053 1687 3149 Compla-

266 3179 338 3250 nini
361 3189 395 3250 et
417 3178 573 3251 stansibi
592 3179 795 3273 permultos
814 3177 906 3268 dies,
928 3179 1005 3250 licet
1021 3187 1171 3250 castrum
1196 3177 1283 3248 illud
1306 3199 1375 3250 uon
1398 3189 1488 3280 esset
1504 3177 1685 3249 obsessum

265 3301 362 3394 quod
382 3322 449 3372 nou
470 3313 608 3396 possent
624 3303 674 3374 ire
687 3311 721 3374 et
735 3301 874 3374 reddire
888 3301 1065 3373 intrinseci
1081 3301 1139 3374 dle
1157 3309 1331 3395 noctuque
1346 3301 1392 3373 ad
1415 3323 1535 3374 eornm
1558 3303 1688 3375 volun·

266 3433 389 3514 tatem,
413 3423 546 3496 Sachus
569 3421 614 3496 de
639 3423 824 3497 Luxiardis
845 3435 879 3496 ct
901 3425 1099 3496 vicecomes
1122 3425 1199 3516 ejus
1222 3425 1324 3495 irater
1341 3425 1403 3518 qui
1424 3425 1461 3495 iu
1486 3427 1561 3520 ipso
1588 3435 1686 3498 eraut

266 3568 331 3642 pro
349 3547 473 3618 comite
489 3546 653 3620 Ubertino
668 3548 757 3619 sicut
775 3547 895 3620 dicunt
909 3547 957 3646 (a)
971 3549 1066 3642 quod
1082 3570 1151 3620 non
1169 3559 1324 3641 poterant
1337 3547 1528 3620 servientes
1541 3549 1589 3620 ibi
1607 3551 1685 3644 plus

266 3681 401 3762 tenere,
423 3679 458 3742 et
481 3672 531 3743 sic
553 3673 641 3744 lacto
664 3673 836 3766 mlloquio
852 3693 932 3743 cum
957 3673 1099 3744 domino
1118 3672 1202 3744 Vico
1224 3677 1230 3762 Ι
1252 3673 1376 3744 comite
1396 3672 1603 3745 Pellavicino
1623 3671 1684 3766 qui
1711 3700 1878 3750 aaaron.

266 3793 303 3864 in
319 3795 476 3866 exercitu
497 3805 588 3882 erat,
609 3795 697 3868 illud
710 3807 861 3868 castrum
877 3796 1103 3870 reddiderunt
1118 3817 1198 3867 cum
1215 3796 1317 3866 certis
1335 3797 1444 3889 pactis
1458 3795 1524 3889 ipsi
1543 3795 1685 3868 domino

266 3917 466 3990 vicecomiti
486 3917 626 3992 nomine
651 3922 845 3990 communis
862 3921 1032 3992 Placentia
1057 3919 1115 3991 die
1131 3920 1250 3990 martis
1266 3919 1360 3990 XXll
1378 3920 1507 3991 mensis
1521 3920 1632 4012 junii,
1651 3929 1686 3992 et

267 4036 324 4111 die
348 4041 495 4112 mercuri
519 4041 677 4134 sequenti
701 4040 839 4113 iverunt
859 4041 906 4114 ad
928 4043 1079 4114 Montem
1097 4041 1269 4112 Arsicium
1288 4052 1322 4113 et
1339 4041 1497 4114 iaciendo
1512 4044 1560 4114 ibi
1583 4066 1686 4137 guas·

268 4171 342 4234 tum
360 4174 395 4235 et
409 4163 527 4236 dando
544 4165 592 4236 illi
613 4163 780 4258 prelium,
806 4165 864 4237 die
890 4167 1026 4236 veneris
1048 4187 1128 4237 cum
1154 4165 1256 4236 certis
1285 4167 1395 4260 pactis
1420 4165 1507 4238 illud
1533 4177 1685 4240 castrum

266 4285 440 4358 dederunt
457 4288 633 4360 communi
652 4287 824 4359 Placentia
839 4285 937 4380 quod
955 4297 1064 4358 toturn
1079 4287 1170 4360 illico
1186 4287 1458 4379 combuxerunt3
1474 4291 1509 4360 in
1524 4312 1594 4384 quo
1610 4291 1686 4363 loco

267 4420 366 4482 erant
388 4410 506 4482 llicius
524 4411 569 4482 de
589 4410 777 4484 Luxiardie
794 4421 830 4483 et
853 4413 972 4482 fratres
993 4421 1026 4482 et
1043 4411 1220 4485 Rolandus
1241 4413 1423 4484 Granellus
1447 4423 1481 4485 st
1507 4415 1627 4486 iratres
1651 4424 1686 4486 et

266 4534 366 4606 multi
394 4535 453 4606 alii
479 4535 683 4608 servientes.
711 4538 803 4606 Dum
834 4535 898 4608 hec
921 4545 1089 4625 geruntur
1114 4535 1333 4648 inspartibus
1362 4537 1461 4610 vallis
1487 4538 1597 4630 Tarii,
1627 4537 1687 4612 die

311 4801 355 4883 (a)
376 4803 473 4868 Locus
486 4812 522 4868 ut
534 4806 652 4868 ridetur
667 4807 801 4870 muolur.
