4554 6080
773 689 814 749 ΙΝ
839 689 976 750 l'l'llblll
1002 689 1155 751 (tastis,
1613 687 1673 750 265

256 825 367 898 centia
387 833 422 898 et
440 823 590 920 populus
605 831 696 895 retro
712 843 774 918 per
791 831 916 896 terram
934 832 968 896 et
983 845 1126 918 aquam,
1146 844 1210 919 pro
1226 823 1356 918 quibus
1369 843 1440 896 non
1457 822 1619 896 remansit
1629 821 1675 895 de

256 948 405 1021 inimicis
422 947 612 1022 vindictam
637 968 786 1021 sumere.
813 950 960 1042 Magnus
987 958 1095 1020 terror
1117 957 1169 1020 est
1189 949 1225 1020 iu
1244 949 1311 1020 illis
1327 947 1373 1022 de
1396 955 1493 1042 parte
1509 947 1675 1020 Iohannis

255 1072 455 1146 Pallastrelli
472 1095 480 1138 ε
501 1071 648 1166 quilibet
664 1081 761 1166 putat
783 1074 903 1166 lugere
927 1081 961 1146 et
979 1073 1160 1145 absentare
1177 1095 1216 1145 se
1234 1082 1361 1146 elsua.
1380 1071 1423 1142 Et
1439 1079 1606 1143 steterunt
1624 1069 1674 1141 ibi

256 1193 503 1268 Cremonenses
518 1205 553 1266 et
567 1194 753 1290 papienses
771 1215 833 1288 per
847 1197 922 1269 Vlll
940 1193 1014 1268 dies
1031 1196 1086 1268 vel
1103 1195 1209 1285 circa,
1229 1205 1263 1268 et
1281 1195 1397 1286 jurata
1410 1215 1495 1288 pace
1510 1200 1545 1264 et
1560 1192 1675 1266 socie-

256 1325 323 1390 tate
341 1319 431 1391 taeta
449 1319 485 1389 in
503 1318 647 1390 oonsilio
670 1318 842 1411 generali,
864 1317 922 1390 die
945 1318 1120 1391 dominico
1140 1327 1355 1392 recesserunt
1376 1318 1624 1391 Cremonenses
1640 1325 1676 1389 et

253 1440 458 1536 Papienses,
485 1443 612 1515 relictis
639 1443 674 1513 in
697 1440 872 1514 Placentia
899 1441 950 1514 CC
975 1442 1149 1536 peditibus
1176 1463 1239 1538 pro
1262 1442 1437 1529 custodia3
1459 1441 1577 1513 relicto
1600 1448 1675 1513 toto

253 1564 343 1638 lacto
364 1564 537 1638 Placentie
553 1565 589 1636 in
608 1566 769 1638 manibus
784 1567 975 1660 legatorum
990 1621 999 1654 ,
1017 1567 1100 1660 quia
1125 1567 1288 1640 volebant
1309 1567 1357 1638 ita
1377 1566 1623 1639 Cremonenses
1640 1573 1675 1636 et

254 1686 418 1761 dominus
434 1689 587 1762 Bossius.
603 1689 671 1774 Qui
685 1689 789 1783 legati
805 1689 959 1762 lecerunt
971 1697 1006 1762 et
1018 1689 1269 1764 ordinaverunt
1284 1691 1320 1761 in
1331 1689 1505 1762 Placentia
1518 1709 1580 1782 pro
1596 1709 1676 1760 rec·-

254 1819 328 1884 tore
344 1811 526 1884 dominum
539 1812 698 1885 Bossium
713 1811 758 1885 de
772 1813 920 1886 Dovaria
938 1813 1026 1885 etin
1046 1813 1211 1887 Cremona
1231 1811 1239 1910 Ι
1261 1813 1441 1888 dominum
1459 1811 1613 1886 Bochum
1629 1809 1675 1885 de
1701 1831 1869 1879 rasores.

253 1936 367 2008 Strata
389 1937 503 2010 civem
527 1937 652 2032 Papio,
678 1937 933 2032 propterquod
958 1938 1165 2012 adsensum
1189 1939 1385 2030 legatorum
1408 1959 1445 2009 se
1473 1945 1609 2008 rexerat
1637 1936 1674 2007 in

254 2058 355 2130 lactis
368 2059 555 2132 Placentia.
572 2060 640 2146 Qui
654 2061 758 2151 legati
774 2060 1020 2153 incontinenti,
1036 2061 1159 2134 divisis
1174 2061 1462 2134 Cremonensibus
1475 2067 1510 2131 et
1524 2059 1675 2154 Papien-

252 2180 350 2253 sibus
368 2180 413 2254 de
428 2182 570 2255 civitate
580 2183 771 2273 Placentie,
790 2184 827 2254 in
844 2183 985 2278 publica
1001 2185 1166 2258 concione
1178 2186 1342 2258 tullerunt
1357 2183 1570 2258 sentenciam
1587 2183 1675 2256 inter

203 2359 210 2367 .
253 2303 459 2378 intrinsecos
484 2315 520 2378 et
537 2307 752 2380 extrinsecos
771 2304 816 2379 de
841 2307 1015 2380 Placentia
1036 2316 1071 2380 et
1083 2308 1260 2400 jusserunt
1278 2328 1337 2381 eos
1362 2307 1483 2380 venire
1497 2315 1533 2379 et
1548 2307 1676 2378 intrare

254 2427 444 2516 civitatem,
464 2429 513 2502 ita
530 2428 628 2524 quod
644 2451 765 2503 omnes
779 2429 815 2501 in
833 2431 954 2524 vigilia
970 2431 1161 2504 nativitatis
1173 2431 1308 2504 Domini
1323 2431 1359 2502 in
1375 2431 1549 2502 civitatem
1567 2451 1674 2504 rene·

253 2560 347 2622 runt.
366 2553 409 2624 Et
420 2552 553 2626 interea
569 2551 653 2626 dicti
669 2552 774 2646 legati
788 2551 1039 2626 ordinaverunt
1049 2561 1083 2626 et
1097 2555 1250 2626 lecerunt
1268 2554 1303 2624 in
1323 2554 1496 2626 Placentia
1514 2554 1561 2627 ad
1577 2553 1675 2626 insti·

253 2675 432 2768 gallonem
459 2675 656 2770 aliquorum
681 2675 726 2749 de
745 2675 917 2748 Placentia
940 2685 973 2749 el
994 2676 1188 2772 specialiter
1208 2675 1346 2748 Roberti
1363 2675 1408 2749 de
1427 2675 1675 2749 lloncboreteri

252 2805 290 2870 et
301 2797 471 2894 Flamingi
488 2797 535 2870 de
550 2797 678 2872 Audito
692 2798 892 2873 societatem
908 2800 1070 2873 consortii
1085 2799 1148 2894 qui
1162 2798 1421 2872 debebantesse
1433 2798 1518 2871 boni
1536 2806 1570 2872 et
1585 2821 1676 2872 oom-

254 2922 413 2994 munales
434 2930 470 2994 et
486 2921 645 2994 homines
661 2921 723 3015 qni
740 2922 881 2996 luerunt
897 2922 1063 2996 demones
1077 2920 1140 3018 (a).
1161 2923 1238 2995 Non
1254 2923 1348 2995 enirn
1364 2923 1432 3018 ipsi
1451 2923 1618 2996 liebertus
1641 2933 1676 2995 et

252 3043 462 3137 Flameugus
486 3043 553 3116 boo
577 3043 742 3117 dicebant
767 3063 832 3138 pro
852 3045 943 3116 malo
966 3043 1029 3116 sed
1054 3065 1117 3139 pro
1142 3045 1251 3137 bono,
1275 3047 1438 3119 facientes
1461 3047 1498 3117 in
1522 3046 1676 3141 qualibet

252 3173 357 3260 porta
371 3163 460 3238 duos
480 3165 640 3238 consules
652 3173 686 3239 et
701 3163 887 3238 banderias
900 3165 1036 3259 pinctus
1050 3187 1130 3238 cum
1148 3167 1325 3256 clavibus,
1344 3176 1377 3240 et
1391 3169 1674 3242 conlanonerium

256 3297 292 3360 et
314 3287 535 3384 capitaneum
568 3288 650 3361 dieti
680 3289 847 3362 consorcii
870 3289 1027 3362 lecerunt
1057 3287 1234 3361 dominnm
1260 3289 1481 3385 episcopum,
1510 3291 1674 3365 iacientes

254 3412 351 3508 ipsos
363 3413 481 3504 jurare
498 3410 630 3485 dictum
653 3411 798 3484 offitium
817 3433 929 3506 usque
949 3411 996 3484 ad
1014 3412 1137 3484 testum
1154 3411 1317 3483 Omnium
1338 3413 1558 3504 Sanctorum,
1577 3414 1675 3508 qaod

253 3536 394 3630 penitus
409 3557 480 3610 non
494 3537 661 3610 lecerunt.
679 3535 782 3620 Quod
792 3535 935 3630 quidem
952 3537 1121 3608 luitmors
1135 3546 1169 3608 et
1183 3536 1370 3609 destructio
1383 3537 1670 3612 Placentinorum.

254 3658 479 3732 Sustinebant
495 3659 561 3755 ipsi
579 3659 738 3732 consules
751 3661 880 3732 lactum
893 3661 1166 3734 Placentinorum
1179 3661 1271 3734 bono
1284 3659 1408 3750 modo,
1429 3661 1476 3734 ita
1493 3661 1589 3756 quod
1605 3685 1675 3736 una

254 3803 339 3877 pars
361 3783 503 3856 alteram
525 3803 595 3856 non
614 3789 746 3878 poterat
763 3783 958 3856 molestare.
979 3784 1047 3869 Qui
1062 3782 1226 3856 dominus
1244 3783 1368 3856 Bosius
1383 3785 1446 3878 qui
1463 3785 1674 3858 voluntatem

252 3905 407 3978 babebat
427 3905 663 3979 marchionem
679 3915 716 3978 et
730 3905 890 3980 comitem
908 3917 943 3980 et
960 3916 1091 4003 partem
1108 3910 1183 4002 ejus
1207 3917 1291 3980 tunc
1315 3907 1478 4002 temporis
1498 3907 1677 3981 destruere

254 4037 398 4124 propter
412 4027 532 4102 odium
555 4029 783 4121 marchionis,
803 4030 913 4102 missit
934 4029 981 4104 ad
999 4031 1174 4105 civitatem
1200 4033 1373 4105 Placentia
1396 4031 1615 4104 Girardiuum
1631 4032 1677 4106 de

254 4153 406 4226 Dovaria
420 4173 482 4247 pro
494 4161 624 4227 rectore
641 4179 650 4224 ε
669 4153 781 4247 quiin
799 4154 942 4227 introitu
960 4155 1015 4227 sui
1033 4157 1211 4250 regiminis
1231 4157 1311 4230 lecit
1326 4155 1372 4228 de
1388 4155 1569 4229 voluntate
1583 4155 1677 4251 lega·

256 4284 373 4348 torum
389 4276 572 4349 consilium
591 4277 786 4348 communis
803 4287 873 4349 tam
893 4277 1130 4353 fraudulenter
1143 4303 1248 4374 quam
1264 4281 1357 4352 malo
1375 4279 1481 4352 modo
1493 4280 1592 4374 quod
1608 4280 1678 4356 due

257 4407 372 4494 partes
401 4399 656 4472 consiliatorum
689 4401 829 4472 luerunt
855 4399 900 4472 de
927 4409 1023 4495 parte
1050 4401 1215 4476 lobannis
1240 4403 1425 4476 Palastrelli
1448 4412 1482 4476 et
1513 4405 1617 4477 tercia
1643 4414 1678 4478 et

258 4523 375 4594 minus
392 4521 437 4596 de
457 4531 555 4618 parte
571 4523 706 4595 comitis
725 4523 879 4596 Ubsrtini
896 4546 904 4592 :
922 4523 1018 4618 quod
1035 4526 1101 4598 luit
1116 4528 1205 4600 mala
1220 4527 1369 4621 inceptio
1387 4527 1424 4596 in
1445 4525 1678 4600 destructione
1711 4549 1714 4559 ·

297 4805 337 4883 (a)
361 4803 429 4867 Vox
441 4805 528 4868 valde
541 4805 649 4878 dabla,
663 4806 736 4869 dum
749 4808 781 4868 ln
794 4805 894 4868 codice
908 4823 1013 4869 sonare
1025 4807 1144 4870 ridetur·
1156 4805 1312 4870 demonem

1479 4924 1517 4978 84
