4594 6066
768 636 810 698 ΙΝ
834 635 975 698 trenta
999 634 1149 700 onsvls.
1609 631 1664 696 tttl

248 771 376 846 fossata
389 771 564 862 lecerunt,
578 770 760 846 mittentes
772 769 1001 862 Placentiam,
1016 767 1170 844 Cremam
1187 781 1222 846 et
1238 770 1393 844 Brixiam
1410 790 1472 864 per
1485 768 1670 842 auxilinm,

249 895 317 982 Qui
343 917 424 968 curn
452 893 633 986 iecissem,
656 894 711 968 DC
738 894 862 968 milites
888 894 1076 985 Placentie,
1102 893 1177 967 CCC
1202 894 1320 969 Brixis
1343 903 1378 968 et
1402 891 1451 966 CC
1475 895 1595 968 Creme
1622 891 1668 968 ad

249 1018 444 1094 exercitum
468 1017 761 1094 Mediolanensem
782 1026 1019 1110 accesserunt,
1036 1025 1274 1114 steteruntque
1287 1018 1425 1112 utrique
1438 1018 1613 1092 exercitus
1632 1019 1669 1090 in

250 1163 374 1240 campo
390 1164 454 1240 per
470 1143 516 1216 vl
534 1140 623 1216 dies.
639 1141 683 1216 llt
699 1163 780 1216 cnm
804 1163 868 1216 reu
890 1141 1037 1216 vidisset
1055 1141 1151 1237 quod
1172 1165 1243 1217 non
1267 1151 1381 1238 posset
1396 1141 1670 1216 Mediolanenses

250 1267 288 1340 in
304 1267 441 1342 fossatis
455 1287 578 1340 eornm
593 1265 788 1359 debellare,
809 1266 950 1340 mutatis
968 1267 1088 1340 caetris
1109 1269 1182 1340 stris
1202 1268 1291 1341 inter
1311 1269 1507 1362 Bargannm
1530 1275 1565 1338 et
1588 1267 1670 1341 Fos-

114 1477 120 1486 ,
250 1389 446 1484 saisitum,
461 1391 621 1488 sequenti
639 1389 697 1464 die
713 1389 867 1464 marchio
887 1391 1013 1464 Lancia
1030 1411 1111 1464 cum
1132 1390 1420 1466 Cremonensibus
1446 1399 1481 1464 et
1505 1391 1583 1464 aliis
1599 1390 1672 1464 suis

252 1514 424 1590 militibus
437 1514 609 1610 equitavit
621 1513 790 1590 Laudem.
804 1515 881 1588 Rex
906 1533 989 1589 vero
1011 1535 1091 1588 cum
1117 1515 1191 1588 suis
1218 1514 1402 1606 militibus,
1425 1513 1669 1610 Papiensibus,

252 1639 534 1714 'lerdcnensibns
552 1647 588 1714 et
605 1639 731 1712 comite
752 1637 799 1712 de
821 1637 992 1714 Fraudala
1011 1639 1183 1734 equitavit
1195 1639 1348 1735 Papiam.
1367 1639 1452 1712 Cum
1470 1649 1585 1712 autem
1608 1637 1673 1712 Pa·

253 1763 348 1860 piam
368 1763 585 1856 accessisset,
611 1763 706 1838 omni
723 1783 819 1836 mora
838 1762 974 1853 ablate,
993 1770 1073 1834 cum
1088 1763 1183 1852 suis,
1203 1762 1372 1836 militibus
1393 1783 1534 1858 quoqne
1548 1761 1670 1858 Papie,

253 1887 411 1961 Tordone
439 1894 474 1962 et
498 1886 626 1960 comite
647 1885 693 1962 de
717 1884 887 1960 Frandala
907 1884 1077 1980 equitavit
1099 1885 1135 1958 in
1161 1886 1397 1982 episcopatum
1420 1885 1671 1978 vercellarum,

253 2010 497 2086 comburentes
520 2008 642 2084 domos
664 2018 699 2084 et
719 2009 838 2098 villas,
857 2007 1014 2083 homines
1034 2018 1070 2082 et
1093 2007 1222 2083 bestias
1242 2009 1436 2105 capientes,
1457 2020 1492 2081 et
1516 2009 1610 2084 stetit
1625 2007 1674 2082 ibi

253 2153 368 2227 usqne
383 2130 431 2206 ad
450 2131 619 2206 kalendas
642 2134 781 2227 augusti
805 2142 888 2207 tnnc
911 2129 1081 2230 proximi,
1098 2155 1208 2228 quum
1234 2132 1355 2208 Petrus
1378 2131 1564 2208 Becberius
1588 2133 1675 2206 civis

253 2255 488 2330 vercellarum
511 2257 574 2350 qni
601 2275 682 2328 cum
707 2275 788 2350 rege
807 2265 902 2348 erat,
919 2277 983 2329 sua
1007 2265 1117 2330 castra
1136 2256 1233 2330 dedit
1250 2257 1338 2350 regi.
1354 2257 1481 2330 lterum
1500 2277 1564 2330 rex
1585 2257 1675 2330 circa

254 2377 409 2452 medinm
433 2377 575 2472 augusti
592 2397 673 2449 cum
687 2375 789 2450 dictis
806 2377 972 2450 militibus
989 2379 1085 2475 apud
1106 2379 1281 2452 civitatem
1301 2381 1534 2454 vercellarum
1550 2379 1676 2455 devas-

254 2501 343 2578 tavit
362 2509 469 2596 atque
490 2508 630 2594 pontem
656 2497 754 2572 duvii
778 2501 841 2595 qui
859 2499 987 2574 dicitnr
999 2502 1129 2575 Seruus
1145 2501 1298 2576 incidere
1311 2503 1408 2592 lecit,
1424 2502 1553 2579 deinde
1578 2505 1675 2600 equi·

255 2625 342 2700 tavit
364 2625 401 2698 in
424 2623 654 2698 Monteretum
678 2631 713 2698 et
738 2623 887 2721 plurima
902 2623 977 2698 loca
992 2624 1201 2699 marchionis
1218 2625 1428 2700 devastavit.
1441 2626 1575 2702 Eodem
1592 2638 1676 2702 tem·

254 2769 340 2846 pore
354 2745 531 2822 linsaldns
547 2747 592 2821 de
606 2745 692 2822 llari
711 2746 901 2842 amiragius
925 2769 1006 2822 curn
1021 2747 1105 2822 CLX
1119 2749 1229 2840 galeis
1244 2757 1278 2824 et
1293 2751 1442 2826 Ubertus
1457 2750 1676 2826 Pellaricinis

255 2871 410 2950 vicarius
421 2871 459 2944 in
472 2869 629 2969 partibus
641 2869 732 2944 Porti
744 2869 871 2944 veneri
882 2867 959 2968 (cic)
972 2893 1052 2944 cum
1066 2873 1276 2948 exercitibus
1286 2897 1349 2970 per
1360 2884 1487 2948 terram
1500 2885 1534 2948 et
1549 2897 1677 2973 aquam

256 2994 503 3087 devastabant,
522 2992 648 3068 stando
664 2993 714 3068 ibi
732 3015 794 3092 per
816 3003 885 3070 tres
899 2993 1124 3070 ebdomadas.
1141 2997 1180 3070 ln
1196 2997 1356 3093 proximo
1380 3021 1499 3074 mense
1526 3023 1677 3075 novem-

256 3119 348 3211 bris,
364 3117 598 3194 viterbienses
618 3118 816 3216 imperatori
840 3118 1109 3195 rebellaverunt.
1133 3123 1293 3196 Preteoea
1318 3122 1374 3198 de
1392 3145 1512 3200 mense
1540 3125 1677 3200 decem·

256 3241 349 3336 bris,
371 3241 601 3318 Novanienses
626 3240 880 3316 rebellaverunt
896 3242 947 3335 ei,
967 3243 1052 3339 qnia
1073 3243 1318 3320 intellexerunt
1339 3247 1435 3342 quod
1459 3249 1526 3323 xx
1551 3249 1677 3324 milites

256 3387 378 3440 eornm
391 3365 562 3462 quierant
574 3385 655 3438 cnm
677 3364 882 3461 imperatore
899 3366 937 3438 in
952 3367 1110 3463 partibus
1125 3367 1252 3465 Apulia
1273 3369 1445 3466 fugientes
1466 3371 1678 3446 intraverant

257 3489 417 3564 Romam.
442 3489 481 3562 ln
504 3489 666 3585 proximo
691 3509 810 3562 mense
824 3489 993 3582 Januarii,
1010 3491 1188 3566 Mantuani
1209 3503 1376 3590 ceperunt
1394 3504 1544 3569 casuum
1558 3496 1676 3570 ilusti·

258 3611 306 3688 lie
320 3611 573 3687 veronensium
595 3619 631 3686 et
652 3609 740 3686 illud
764 3611 921 3686 funditus
945 3610 1138 3688 diruerunt.
1162 3615 1201 3688 ln
1227 3615 1387 3712 proximo
1412 3638 1533 3692 mense
1559 3619 1678 3692 marcii

259 3737 437 3833 inceptum
453 3735 519 3808 luit
535 3744 680 3810 tractus
702 3734 926 3810 concordium
947 3735 1035 3810 inter
1052 3737 1242 3812 Romanam
1260 3738 1449 3814 Ecclesiam
1473 3751 1509 3815 et
1530 3741 1677 3840 impera·

260 3871 383 3936 torem.
406 3859 506 3936 Unde
532 3859 717 3956 imperator
739 3857 869 3934 direxit
885 3857 932 3934 ad
954 3859 1136 3936 dominnm
1152 3883 1280 3957 papam
1303 3864 1483 3962 epistolam
1500 3865 1678 3940 continen-

260 3995 330 4060 tem
342 3983 422 4056 ita:

315 4105 552 4182 «Fredericns
566 4105 629 4180 Dei
647 4105 759 4202 gratia
773 4105 1005 4182 Romanorum
1021 4108 1206 4206 imperator
1224 4129 1361 4207 semper
1374 4123 1563 4207 augustus,
1578 4116 1677 4192 laru-

260 4231 370 4308 salem
385 4239 421 4304 et
433 4229 570 4304 Scicilie
587 4249 665 4306 rex.
678 4229 743 4303 Per
757 4251 898 4326 presens
914 4231 1082 4328 scriptum
1098 4243 1218 4308 notum
1233 4234 1378 4308 lecimus
1395 4237 1566 4310 universis
1583 4239 1679 4335 qnod

260 4377 327 4432 nos
341 4355 384 4430 tt.
403 4353 527 4428 ibnsbi
552 4352 670 4428 comiti
693 4353 885 4430 Tbolosano
909 4354 1036 4430 dilecto
1055 4355 1150 4429 affini
1171 4353 1316 4456 [nostro]
1335 4366 1370 4430 et
1391 4359 1556 4454 magistro
1580 4360 1680 4437 Petro

261 4479 308 4556 de
316 4479 479 4554 vineiset
489 4476 633 4554 Taddoo
645 4477 691 4556 de
700 4479 809 4556 Suese
819 4479 916 4556 curie
930 4478 1234 4572 nostrejndicibns
1242 4479 1377 4555 dilectis
1387 4479 1548 4558 fidelibus
1557 4489 1680 4562 nostris

261 4603 441 4702 spetialem
456 4612 493 4676 et
509 4603 649 4700 plenam
659 4602 883 4678 concedimus
890 4612 1092 4702 potestatem
1101 4605 1242 4698 jurandi
1255 4604 1293 4678 in
1309 4605 1427 4680 anima
1437 4617 1554 4682 nostra
1567 4618 1601 4683 et
1619 4633 1681 4708 pro

263 4738 362 4830 parte
378 4737 496 4806 nostra
512 4736 603 4804 sture
618 4726 791 4805 mandatis
809 4727 942 4806 domini
964 4750 1055 4827 pape
1072 4737 1114 4804 et·
1124 4729 1278 4804 Ecclesia
1295 4752 1400 4828 super
1412 4733 1575 4806 omnibns
1592 4737 1682 4810 arti-
