4568 6064
602 661 663 722 358
1078 656 1319 719 CllIlONlCOM
1343 653 1395 714 DE
1418 655 1546 717 annus

601 815 736 866 marum
757 801 791 864 et
815 813 894 864 cum
919 799 989 864 toto
1014 813 1135 864 eorum
1160 791 1308 864 exfortio
1327 790 1531 886 inceperunt
1551 790 1708 884 equitare
1736 813 1859 866 versus
1879 793 2019 866 Decium

601 916 663 987 ubi
686 923 784 988 erant
800 915 849 986 illi
873 915 918 987 de
938 916 1081 988 Laturre
1102 925 1137 988 et
1152 916 1210 988 alii
1228 913 1273 987 de
1288 913 1496 988 Mediolano.
1520 915 1598 999 Quo
1618 914 1695 986 viso
1711 936 1773 1009 per
1795 917 1871 989 illos
1890 917 1937 990 do
1953 918 2018 991 La·

601 1047 695 1112 turre
722 1047 757 1111 ct
775 1060 942 1132 sequaces
959 1061 1079 1112 eorum
1107 1039 1293 1112 noluerunt
1313 1038 1410 1111 exire
1430 1037 1475 1111 de
1500 1037 1592 1111 dicto
1613 1037 1690 1110 loco
1709 1039 1849 1113 obviam
1869 1040 1938 1130 sis,
1957 1041 2019 1114 sed

601 1171 796 1236 statuerunt
817 1171 1003 1258 expectare
1031 1163 1080 1234 ibi
1112 1163 1293 1235 Caxonum
1317 1161 1362 1236 de
1384 1163 1525 1234 Laturre
1542 1161 1605 1256 qui
1627 1171 1702 1235 erat
1723 1163 1759 1234 in
1781 1165 1855 1237 loco
1879 1165 2019 1237 Canturi

601 1308 681 1358 cum
698 1286 788 1358 bene
812 1285 1005 1380 quingintis
1028 1285 1213 1374 militibus,
1241 1294 1276 1358 et
1302 1285 1353 1356 sic
1377 1295 1496 1379 postea
1518 1285 1654 1358 exirent
1670 1295 1705 1358 et
1727 1287 1912 1381 preliarent
1939 1310 2020 1360 cum

601 1410 750 1482 inimicis
772 1431 906 1482 eorum.
935 1409 1078 1505 Propter
1102 1407 1200 1503 quod
1222 1407 1449 1488 firmaverunt
1470 1417 1506 1482 et
1527 1417 1721 1482 statuerunt
1738 1431 1777 1483 se
1795 1412 1831 1482 in
1851 1413 1928 1485 loco
1945 1410 2020 1485 del·

602 1532 745 1606 tendere
766 1541 801 1605 ct
831 1541 1022 1628 posuerunt
1038 1553 1158 1606 eorum
1182 1532 1358 1605 custodias
1382 1555 1487 1628 super
1509 1531 1698 1607 berteschis
1723 1543 1758 1606 ct
1779 1535 1879 1608 rostis
1902 1545 1938 1610 et
1962 1535 2021 1606 lir-

600 1667 784 1730 maverunt
797 1667 914 1752 portas
925 1657 1010 1729 dicti
1028 1657 1095 1730 loci
1109 1657 1145 1728 in
1161 1677 1233 1751 quo
1246 1666 1344 1730 erant
1356 1656 1447 1730 bene
1459 1658 1489 1728 D
1502 1654 1661 1730 homines
1674 1659 1795 1730 armati
1809 1658 1857 1731 ad
1873 1659 2016 1734 bellum.

600 1781 702 1856 Unde
718 1782 879 1855 videntes
899 1782 1071 1878 capitanei
1090 1791 1125 1854 ct
1138 1783 1336 1855 valvasores
1355 1781 1451 1876 quod
1471 1803 1541 1855 non
1558 1782 1704 1854 exibant
1726 1782 1773 1854 de
1789 1783 1865 1856 loco
1890 1793 2019 1856 statue·

599 1913 683 1977 runt
696 1905 747 1978 eis
763 1905 847 1978 dare
865 1906 1012 2000 prelium
1030 1927 1110 1978 cum
1124 1904 1322 1977 ballistariis
1336 1913 1370 1978 et
1388 1905 1456 1978 alia
1473 1926 1592 1978 eorum
1607 1913 1710 1999 gente
1721 1915 1757 1978 et
1768 1905 2020 1981 descendentes

600 2029 647 2104 de
667 2031 767 2124 equis
786 2051 907 2102 omnes
925 2030 1050 2102 milites
1069 2029 1307 2124 preliabantur
1325 2049 1385 2101 eos
1404 2037 1439 2100 et
1458 2028 1636 2102 ballistarii
1657 2029 1882 2102 incontinenti
1903 2053 2020 2126 expu-

599 2153 714 2226 lerunt
741 2152 903 2225 custodes
924 2152 970 2225 de
990 2151 1197 2243 bertescbis3
1223 2161 1258 2224 et
1279 2151 1329 2224 sic
1350 2152 1577 2225 incontinenti
1598 2150 1656 2225 die
1673 2153 1767 2245 jovis
1786 2154 1867 2226 XXI
1892 2156 2022 2227 mensis

595 2275 748 2368 januarii
771 2295 907 2348 summo
929 2297 1032 2348 mano
1048 2277 1140 2348 circa
1163 2275 1315 2348 mediam
1338 2276 1478 2348 terciam
1499 2277 1716 2349 intraverunt
1739 2297 1799 2372 per
1818 2277 2022 2350 violentiam

599 2399 637 2470 in
654 2399 785 2473 dictum
801 2401 935 2471 locum·
947 2399 1024 2483 Quo
1043 2399 1121 2472 viso
1139 2420 1200 2493 per
1217 2399 1375 2472 terrerios
1390 2399 1474 2471 dicti
1492 2399 1559 2470 loci
1580 2399 1766 2472 coadunati
1784 2410 1866 2471 sunt
1880 2400 2022 2473 insimul

598 2531 634 2595 et
657 2524 822 2594 inunum
843 2523 1009 2618 impetum
1027 2523 1182 2595 lecerunt
1199 2523 1235 2592 in
1254 2522 1331 2593 illos
1351 2521 1396 2594 de
1418 2523 1561 2594 laturre
1584 2532 1618 2594 et
1640 2523 1753 2617 primo
1778 2524 2023 2598 interfecerunt

598 2647 845 2719 Francischum
864 2644 909 2718 de
924 2647 958 2718 la
971 2647 1077 2718 Turre
1092 2657 1126 2718 et
1143 2647 1229 2718 alios
1242 2665 1363 2718 omnes
1386 2653 1552 2740 ceperunt
1567 2653 1603 2717 et
1615 2647 1701 2718 alios
1714 2647 1929 2720 occiderunt.
1945 2647 2023 2734 Quo

480 2863 481 2867 Ἴ
599 2773 689 2844 lactc
705 2769 867 2842 Caxonus
882 2769 926 2842 de
942 2771 976 2842 la
988 2771 1097 2841 Turre
1110 2791 1191 2841 oum
1205 2769 1279 2841 suis
1295 2769 1461 2840 militibus
1485 2769 1631 2864 perinde
1646 2769 1804 2842 transivit
1821 2783 1856 2842 et
1871 2771 1937 2842 ivit
1954 2772 2023 2844 les·

599 2895 750 2967 tinauter
769 2915 892 2968 versus
908 2893 1084 2966 civitatem
1096 2893 1284 2966 Mediolani
1303 2901 1338 2965 et
1355 2893 1497 2966 intravit
1515 2893 1689 2966 civilatem
1712 2901 1747 2964 et
1764 2893 1830 2966 ivit
1848 2915 1961 2988 usque
1985 2895 2021 2967 iu

598 3019 784 3093 brodctum
800 3025 835 3090 et
848 3038 909 3112 per
924 3025 1031 3089 totam
1046 3017 1235 3110 civitatem,
1252 3026 1287 3092 et
1305 3038 1373 3090 non
1390 3017 1524 3090 invenit
1537 3025 1675 3111 gentem
1691 3017 1739 3089 ibi
1752 3039 1821 3112 que
1840 3018 1945 3092 vellet
1955 3019 2021 3091 sibi

601 3141 685 3215 dare
702 3143 854 3215 favorem
869 3147 902 3212 et
921 3141 984 3212 ivit
997 3139 1044 3212 ad
1058 3140 1202 3213 domum
1218 3161 1318 3213 suam
1339 3139 1399 3212 ubi
1418 3139 1517 3212 multi
1537 3149 1635 3214 erant
1649 3139 1848 3237 predatores
1868 3152 1904 3214 et
1928 3141 2023 3239 ipsos

601 3263 738 3360 expulit
760 3263 805 3338 de
823 3263 947 3356 dcmo;
974 3272 1008 3337 el
1033 3263 1148 3338 statim
1172 3285 1252 3336 cum
1277 3263 1350 3335 suis
1371 3261 1541 3336 militibus
1559 3263 1622 3358 qui
1648 3285 1768 3336 secum
1792 3273 1889 3338 erant
1907 3273 1942 3338 et
1960 3267 2022 3360 qui

600 3409 681 3462 eum
707 3389 808 3484 sequi
836 3388 1022 3460 voluerunt
1046 3409 1109 3482 per
1137 3397 1269 3483 portam
1294 3388 1484 3460 Romanam
1510 3387 1624 3461 exivit
1650 3386 1697 3461 de
1727 3387 1868 3462 civitate
1897 3399 1934 3462 et
1958 3389 2025 3462 ivit

599 3511 775 3604 Laudem,
803 3510 931 3585 deinde
957 3511 1172 3584 Cremonam.
1195 3513 1239 3584 Et
1265 3511 1493 3585 incontinenti
1521 3512 1580 3586 illo
1606 3511 1664 3586 die
1692 3513 1864 3610 capitanci
1888 3523 1924 3587 et
1947 3515 2025 3589 val·

600 3657 741 3710 rasores
759 3656 839 3708 cum
862 3643 933 3708 tota
954 3655 1073 3708 eorum
1096 3645 1192 3731 parte
1215 3636 1432 3708 intraverunt
1455 3635 1631 3710 civitatem
1652 3636 1839 3710 Mediolani
1865 3646 1901 3710 et
1928 3637 2023 3710 illam

601 3759 778 3832 civitatem
803 3767 909 3830 totam
938 3757 985 3830 ad
1012 3780 1132 3831 eorum
1160 3769 1320 3855 precepta
1346 3757 1545 3832 babuerunt
1565 3769 1601 3833 et
1623 3759 1816 3854 ellegerunt
1841 3761 1877 3832 in
1901 3781 2024 3834 eorum

600 3891 804 3979 potestatem
839 3891 874 3954 et
897 3883 1091 3955 communis
1121 3883 1307 3956 Mediolani
1347 3882 1527 3956 dominum
1559 3883 1723 3955 comitem
1759 3881 1946 3956 Ricardum
1979 3883 2026 3959 de

599 4007 779 4103 Langusoo
793 4013 827 4079 et
839 4007 1060 4080 Guillelmum
1079 4007 1124 4080 de
1136 4007 1304 4080 Pusterna
1316 4015 1518 4103 potestatem
1535 4015 1763 4080 mercatorum
1789 4015 1825 4079 et
1841 4005 2025 4080 dominum

600 4130 790 4227 Symonsm
813 4129 859 4203 de
886 4130 1028 4204 Locario
1049 4139 1250 4226 potestatem
1277 4129 1399 4226 populi
1425 4129 1624 4204 Mediolani.
1655 4129 1736 4203 Post
1759 4129 1827 4203 hoc
1851 4143 2027 4205 venerunt

601 4253 711 4327 littere
732 4253 885 4327 desasto
904 4254 1117 4327 continentes
1139 4253 1200 4326 ita.
1232 4277 1251 4322 u
1274 4253 1375 4327 Nova
1402 4253 1484 4325 talia
1508 4261 1591 4325 sunt
1611 4251 1708 4348 quod
1731 4273 1813 4325 cum
1840 4253 2025 4328 Malexarti

600 4375 787 4450 Mediolani
805 4397 886 4450 cnm
903 4377 1064 4449 Cumanis
1083 4385 1119 4450 ct
1132 4375 1348 4450 Theotonicis
1366 4396 1456 4470 quos
1473 4373 1647 4448 habebant
1667 4377 1754 4449 forte
1776 4375 1828 4447 CL
1844 4385 1879 4449 et
1893 4377 2025 4472 stipen-

603 4497 710 4574 dariis
725 4499 857 4572 domini
874 4499 1122 4597 archiepiscopi
1136 4501 1224 4574 lorte
1239 4499 1316 4572 CCC
1329 4509 1364 4572 et
1381 4499 1565 4595 Papienscs
1581 4499 1646 4593 CC,
1661 4499 1711 4573 ita
1724 4498 1821 4594 quod
1838 4499 1874 4571 in
1887 4521 2025 4574 summa

601 4633 767 4722 putantur
788 4646 864 4700 esse
882 4625 969 4700 MCC
987 4625 1111 4698 milites
1132 4637 1168 4698 et
1186 4623 1322 4722 pedites
1343 4623 1554 4698 Xmilliaria
1575 4631 1646 4696 tam
1670 4621 1717 4697 de
1738 4623 1941 4720 episcopatu
1958 4625 2025 4697 Cu-

602 4769 706 4823 mano
732 4771 839 4844 qnam
871 4749 916 4822 de
941 4749 1143 4847 episcopatu
1170 4747 1357 4824 Mediolani
1386 4749 1448 4844 qui
1474 4747 1526 4824 eis
1551 4746 1777 4832 adheserunt,
1806 4755 1906 4822 extra
1937 4747 2025 4824 civi·
