4554 6080
843 659 886 720 IN
914 657 1057 720 llllllll
1081 657 1234 720 GES'PlS.
1686 657 1747 719 32¹1

322 797 418 892 ligna
432 792 495 892 (a),
515 801 551 866 et
564 813 684 867 omnes
704 790 714 890 Ι
734 794 977 889 crucesignati
994 791 1043 890 (h)
1057 793 1119 887 qui
1139 795 1175 864 in
1196 792 1247 865 eis
1263 791 1409 866 aderant
1425 793 1602 890 perierunt
1619 803 1654 868 et
1670 797 1747 869 lue-

322 929 405 994 runt
423 938 571 991 numero
589 917 670 1014 plns
687 917 750 990 XV
770 916 865 990 mille
882 925 917 990 et
935 939 1000 990 rex
1016 917 1164 990 Navarie
1187 938 1315 989 evasus
1331 925 1411 988 ante
1431 916 1592 1009 contagio
1609 918 1748 992 obiitin
1772 922 1937 970 Mm-

321 1044 502 1142 Trapanie.
518 1042 651 1116 Eodem
663 1050 819 1138 tempore
827 1043 901 1135 J'cm
920 1052 1001 1114 sunt
1013 1042 1077 1114 XII
1093 1037 1175 1114 anni
1191 1041 1352 1114 transacti
1370 1040 1466 1136 quod
1484 1040 1556 1114 duo
1569 1057 1748 1137 magnates

321 1171 358 1240 in
374 1169 460 1242 orbe
477 1165 734 1241 contendebant
752 1165 797 1239 de
815 1165 983 1262 imperio,
1007 1165 1138 1238 scilicet
1157 1187 1222 1238 rex
1235 1165 1379 1238 Castelle
1394 1174 1429 1237 et
1448 1187 1564 1238 comes
1580 1165 1748 1242 Rizardus

321 1294 367 1368 de
379 1291 526 1384 Anglia,
545 1312 696 1386 quorum
707 1289 855 1386 quilibet
867 1290 1017 1363 vocabat
1033 1298 1068 1362 et
1082 1290 1265 1387 appelabat
1282 1311 1320 1363 se
1337 1311 1454 1384 regem
1466 1289 1697 1364 Romanorum
1713 1303 1748 1366 et

320 1415 524 1488 electionem
544 1414 722 1488 habebant
746 1435 769 1486 a
792 1413 1009 1510 principibus
1031 1411 1212 1488 Alamanie
1237 1413 1300 1508 qui
1323 1413 1525 1487 electionem
1550 1415 1681 1488 habeut
1703 1416 1748 1492 de

322 1541 489 1636 imperio,
506 1539 569 1613 sed
587 1539 722 1634 integre
739 1539 857 1611 nullus
875 1537 1029 1634 ipsorum
1046 1559 1152 1610 voces
1173 1537 1361 1610 electorum
1379 1536 1530 1612 habebat
1545 1545 1579 1610 et
1594 1537 1748 1615 Ecclesia

319 1664 477 1738 Romana
495 1663 640 1736 cuilibet
653 1663 758 1736 dabat
774 1661 1083 1754 intendimentum,
1100 1659 1164 1734 sed
1178 1683 1249 1734 non
1261 1663 1418 1758 plenum.

369 1787 502 1864 Eodem
520 1797 679 1884 tempure
694 1787 740 1860 de
755 1809 877 1860 mense
892 1785 1087 1861 decembris
1103 1786 1257 1882 populus
1271 1786 1436 1859 Cremona
1457 1786 1503 1860 de
1524 1785 1691 1861 Citanova
1713 1799 1749 1862 et

321 1913 473 2011 populus
498 1911 545 1988 de
568 1911 708 1986 civitate
726 1911 867 1984 insimul
884 1911 1090 2004 juraverunt
1111 1917 1231 1984 contra
1249 1909 1464 1984 voluntatem
1488 1908 1620 1983 domini
1641 1912 1748 1988 Ama·

321 2037 396 2114 dini
424 2036 471 2112 dc
498 2035 632 2110 Amuis
657 2046 691 2110 et
709 2037 847 2110 illorum
869 2035 1017 2108 militum
1041 2033 1226 2128 cremone,
1257 2043 1292 2108 et
1316 2036 1470 2109 lecerunt
1492 2035 1656 2110 ancianos
1686 2061 1748 2134 per

319 2161 512 2259 quamlibet
526 2169 661 2257 portam
676 2169 711 2233 et
728 2161 910 2254 elegerunt
923 2159 959 2232 in
971 2181 1093 2234 eorum
1110 2160 1330 2256 capitaneum
1342 2159 1529 2254 quemdam
1546 2161 1689 2234 militem
1702 2163 1748 2238 de

318 2285 466 2360 Pistoris
484 2285 644 2374 nomine,
666 2292 702 2356 et
723 2283 854 2356 babent
877 2291 987 2358 totum
1010 2281 1204 2356 dominium
1228 2283 1394 2376 civitatis;
1421 2291 1455 2356 et
1471 2284 1593 2359 ultimo
1618 2287 1747 2361 mensis

321 2409 517 2483 decembris
528 2409 627 2482 venit
643 2407 758 2480 dictus
774 2415 925 2504 potestas
940 2405 986 2480 ad
998 2407 1153 2501 regimen
1170 2405 1254 2480 dicti
1270 2407 1404 2503 populi,
1421 2415 1456 2480 et
1474 2417 1632 2504 speratur
1650 2410 1747 2505 quod

319 2531 443 2606 velliut
461 2531 590 2605 dictam
605 2531 780 2603 civitatem
796 2529 832 2601 in
846 2551 933 2625 pace
948 2529 1140 2602 reformari.

370 2657 435 2730 Die
453 2657 538 2730 lune
552 2656 710 2729 XXVllll
734 2656 863 2728 mensis
881 2653 1096 2744 decembris,
1115 2653 1165 2725 illi
1182 2653 1228 2727 de
1251 2663 1350 2749 parte
1374 2655 1570 2728 extrinsece
1593 2656 1639 2732 de
1666 2659 1746 2734 Pla-

320 2779 436 2854 centia
453 2780 515 2874 qui
533 2787 615 2853 sunt
626 2778 674 2853 ad
684 2788 800 2874 partes
815 2777 963 2873 Cravsgi
981 2778 1200 2850 intraverunt
1216 2777 1252 2848 in
1265 2787 1417 2850 castrum
1432 2777 1476 2851 de
1489 2779 1627 2876 Septem
1643 2783 1746 2858 Soro-

320 2907 418 2980 ribus
429 2915 465 2980 et
477 2905 593 3002 ipsum
607 2904 808 2978 munierunt
821 2902 867 2977 de
884 2903 979 2976 omni
997 2911 1177 3000 apparatu.
1197 2901 1262 2975 Pro
1276 2923 1347 2997 quo
1362 2903 1451 2975 lactc
1467 2903 1552 2976 illuc
1563 2905 1746 3000 equitave-

319 3039 403 3103 runt
426 3029 555 3102 milites
582 3028 771 3102 Placentini
801 3035 836 3100 et
861 3025 953 3099 circa
980 3024 1057 3098 CCC
1086 3024 1244 3121 peditum
1272 3024 1480 3100 decivitate
1512 3029 1667 3102 volentes
1694 3032 1746 3104 eis

317 3155 478 3228 resistere
491 3161 526 3225 et
541 3151 727 3225 redeuntes
745 3149 851 3223 nichil
867 3150 917 3222 ibi
932 3151 1101 3222 fecerunt.
1120 3148 1184 3220 Die
1197 3149 1423 3223 venerilell
1439 3153 1567 3224 mensis
1581 3154 1745 3228 februarii

319 3275 483 3350 dominus
501 3297 619 3349 comes
636 3275 823 3348 Ubertinus
844 3272 891 3346 de
905 3271 1025 3346 Laudo
1045 3281 1080 3345 et
1098 3272 1147 3342 illi
1171 3271 1217 3345 de
1241 3281 1339 3368 parte
1354 3275 1549 3348 extrinseca
1571 3277 1744 3353 Placentia

317 3401 381 3498 qui
395 3409 574 3475 morantur
585 3397 906 3486 adZavatarcllnm,
918 3397 1133 3468 intraverunt
1145 3395 1221 3468 sive
1232 3394 1745 3496 adscenderuntsuperPetrum

318 3523 499 3620 Sylleriam
516 3533 551 3598 ct
566 3525 679 3620 ipsam
692 3523 828 3596 Petram
843 3519 1093 3615 guarniverunt
1107 3518 1153 3592 de
1173 3519 1382 3594 victualibus
1396 3531 1431 3595 et
1445 3523 1540 3596 omni
1555 3535 1741 3622 apparatu,

319 3647 571 3720 constituentes
589 3646 639 3718 ibi
655 3665 718 3740 pro
737 3642 930 3740 capitaneis
942 3643 1114 3716 Rusonem
1135 3641 1180 3715 de
1195 3643 1403 3740 Calenzano,
1421 3645 1586 3720 Ubertnm
1601 3649 1647 3723 de
1665 3653 1744 3726 Pre-

318 3769 428 3863 duca,
451 3769 618 3844 Iacobum
638 3767 859 3842 Advocatum
882 3775 917 3840 et
929 3765 1129 3840 ,Uliverium
1152 3767 1410 3844 Manchasolam
1429 3770 1551 3844 Guerri
1570 3783 1650 3848 ante
1668 3775 1745 3850 illos

318 3892 536 3968 decivitate.

371 4015 594 4090 «Allonssus
609 4015 673 4088 Dei
698 4014 810 4110 gratia
831 4013 1064 4086 Romanorum
1090 4033 1154 4086 rex
1176 4035 1313 4112 semper
1336 4028 1506 4112 augustus
1524 4029 1560 4094 et
1580 4020 1742 4114 Castelle,

317 4139 455 4232 Tolleti,
482 4137 663 4234 Legionis,
683 4135 832 4228 Calicis,
862 4133 1001 4226 Sibilie,
1028 4133 1206 4229 Corduba,
1232 4137 1422 4212 Iohannem
1439 4148 1474 4212 et
1495 4137 1637 4234 Algarbi
1658 4165 1741 4236 rex,

317 4261 459 4358 egregio
476 4263 554 4337 viru
570 4261 689 4335 comiti
706 4259 873 4334 Ubertino
899 4258 945 4334 de
967 4257 1088 4334 Lando
1105 4259 1231 4334 dilectu
1246 4263 1378 4336 vasallo
1393 4285 1458 4337 suo
1480 4266 1626 4360 gratiam
1644 4289 1744 4341 suam

318 4395 353 4459 et
377 4407 481 4460 omne
509 4387 657 4458 bonum.
680 4385 838 4458 Nobilem
865 4384 981 4458 virum
1005 4383 1288 4482 Raymundinum
1315 4386 1361 4460 de
1385 4389 1551 4462 Mastaliis
1578 4389 1743 4465 dilectum

318 4511 475 4603 militem,
489 4509 659 4582 nuncium
671 4519 706 4582 et
719 4508 858 4582 fidelem
872 4518 1047 4602 nostrum,
1060 4509 1203 4583 latorem
1216 4511 1433 4608 presencium
1442 4514 1489 4587 ad
1502 4523 1597 4588 tuam
1605 4538 1745 4612 presen-

362 4669 404 4751 (c)
426 4675 517 4737 Deest
529 4675 571 4736 lbi
585 4675 712 4738 verbum
727 4673 869 4758 cccsrcpit
880 4677 930 4738 vel
941 4675 1123 4758 hujusmodl.

361 4778 402 4860 (b)
425 4782 461 4842 In
477 4780 578 4844 codlcc
591 4779 728 4843 omnibu
737 4797 820 4842 macc
829 4781 963 4864 siccatis.
