4534 6074
763 659 806 720 llll
828 655 969 720 trenta
994 656 1145 718 unsrls.
1605 655 1660 716 lll
1736 710 1739 717 ,

243 797 391 872 lobsent
417 794 466 868 ud
493 794 768 888 Gorgonzolam,
799 794 1008 866 invenerunt
1040 791 1236 864 Bobcmitas
1264 800 1299 862 et
1326 790 1551 864 Theotunioos
1580 813 1664 862 cur-

244 928 360 992 rentes
378 941 441 1015 per
458 919 559 992 villas
577 928 612 992 ot
636 938 778 1013 campos
802 918 956 990 levantes
982 913 1145 1011 predam3
1174 923 1209 986 et
1234 913 1343 1006 fugati
1371 913 1661 1002 Mediolanenses,

246 1043 339 1140 capti
365 1043 507 1116 fuerunt
537 1040 720 1114 Alcberius
743 1039 788 1114 de
815 1040 1024 1114 Vilmercato
1042 1037 1094 1134 (a)
1112 1047 1147 1110 et
1166 1037 1424 1110 Robacastellus
1442 1035 1489 1132 (b)
1513 1036 1558 1110 de
1584 1036 1666 1108 Cal-

246 1166 352 1263 vagio
374 1165 419 1264 (c)
443 1176 479 1240 et
505 1166 563 1239 alii
584 1165 808 1260 quamplures
831 1174 867 1237 et
892 1163 991 1236 multi
1017 1162 1210 1252 vulnerati,
1230 1183 1317 1256 quos
1342 1162 1526 1256 imperator
1550 1162 1666 1236 statim

246 1290 463 1388 suspendere
485 1290 578 1364 lecit.
608 1287 883 1362 Mediolanenses
905 1289 1022 1382 itaque
1042 1311 1122 1360 oum
1149 1287 1300 1360 maximo
1324 1286 1444 1360 dolore
1468 1299 1502 1360 et
1523 1289 1667 1362 tristicia

247 1415 284 1487 in
303 1415 481 1488 citimam
497 1414 688 1488 redierunt.
703 1412 810 1509 Capto
829 1433 912 1486 vero
930 1412 1053 1501 Trizio,
1073 1421 1332 1486 castrametatus
1350 1411 1401 1508 (d)
1416 1422 1468 1484 est
1482 1415 1669 1510 imperator

247 1539 344 1636 apud
370 1539 616 1632 Melugnanum
639 1534 703 1634 (e),
730 1545 764 1610 et
787 1559 829 1610 ea
845 1533 897 1633 (s)
925 1537 1001 1632 ipsa
1019 1536 1077 1612 die
1092 1538 1237 1632 prelium
1260 1559 1427 1632 magnum
1451 1539 1579 1611 lactum
1602 1541 1669 1612 luit

248 1685 329 1734 cum
356 1661 691 1750 Mediolanensibus,
712 1661 748 1732 in
775 1681 846 1755 quo
873 1669 1030 1733 mortuus
1054 1660 1120 1732 luit
1146 1681 1261 1734 comes
1279 1660 1486 1758 adelpertus
1508 1673 1543 1736 et
1569 1667 1668 1738 molti

248 1785 449 1860 Tbeotonici
466 1785 512 1860 de
529 1785 686 1860 exercitu
703 1784 931 1880 imperatoris.

299 1911 380 1984 Post
397 1909 463 1984 bec
478 1931 575 1998 vero,
592 1911 714 2005 quinto
733 1909 791 1983 die
814 1907 944 1982 mensis
966 1909 1127 2002 augusti,
1144 1909 1329 2005 imperator
1344 1913 1558 2007 congregatis
1573 1915 1671 1986 mili-

249 2034 345 2107 tibus
375 2043 411 2108 et
440 2033 621 2132 peditibus
646 2035 787 2123 Parme,
805 2034 987 2124 Cremona,
1011 2033 1176 2120 Novaria,
1194 2035 1444 2126 vercellarum,
1461 2036 1667 2129 Cumarum,

249 2159 429 2253 Pergami,
448 2158 632 2233 Blandrate
650 2156 714 2255 (9),
730 2157 895 2250 Bergolii,
913 2156 1115 2250 Gamondii,
1134 2159 1277 2253 Maragii
1294 2159 1342 2255 (b)
1362 2169 1397 2233 et
1411 2160 1558 2234 aliorum
1577 2163 1672 2234 mul-

251 2293 366 2355 torum
386 2285 557 2376 locorum,
574 2283 657 2357 item
678 2281 897 2377 congregatis
915 2282 1116 2376 comitibus,
1138 2283 1413 2376 marchionibus,
1430 2285 1619 2382 capitaneis
1637 2297 1673 2360 et

250 2406 329 2480 aliis
348 2408 434 2480 viris
452 2407 630 2480 nobilibus
645 2407 757 2480 tocius
768 2404 992 2496 lombardie,
1014 2405 1095 2480 item
1110 2405 1278 2480 militibus
1294 2407 1475 2482 civitatum
1492 2422 1526 2484 et
1542 2411 1674 2507 burgo-

250 2551 328 2600 rum
347 2538 383 2602 et
400 2529 586 2626 opidorum
599 2528 650 2628 (i)
667 2529 874 2603 lombardie
897 2529 1119 2621 coadunatis,
1133 2531 1304 2604 vicentini
1327 2541 1362 2604 et
1384 2533 1587 2626 Trevixani,
1607 2537 1673 2611 Pa·

252 2651 380 2745 duuni,
395 2655 629 2748 Veronenees,
653 2653 903 2744 Ferrarienses,
924 2654 1112 2747 Ravanati,
1132 2655 1383 2748 bononienses,
1404 2657 1543 2751 Regini,
1563 2659 1674 2732 Muti-

253 2797 393 2868 nenses,
412 2777 615 2868 Brisienses,
635 2788 670 2851 et
686 2778 904 2872 congregatis
917 2777 1084 2850 militibus
1100 2778 1282 2852 civitatum
1299 2780 1421 2854 Tuscia
1437 2791 1471 2854 et
1486 2783 1674 2874 sagittariis

253 2910 289 2974 et
305 2901 471 2974 ballistrie
488 2901 502 2997 (
505 2901 544 2999 j)
561 2910 597 2974 et
613 2900 732 2974 multis
749 2900 839 2992 aliis,
859 2909 958 2974 sexto
974 2900 1033 2974 dic
1053 2903 1180 2975 mensis
1195 2903 1347 2996 augusti,
1364 2904 1549 3000 imperator
1564 2919 1675 2984 castra

254 3045 319 3098 sua
336 3024 373 3096 in
389 3025 501 3098 brolio
522 3024 709 3098 Mediolani
735 3025 869 3120 posuit,
893 3025 1054 3118 quivero
1073 3027 1200 3100 milites
1218 3027 1357 3099 luerunt
1377 3029 1546 3122 arbitrati,
1565 3033 1673 3128 quin·

254 3145 370 3220 decim
388 3149 502 3238 milia3
522 3147 678 3244 peditum
708 3159 743 3221 et
768 3149 913 3222 aliorum
939 3150 1093 3222 virorum
1112 3171 1182 3223 non
1207 3164 1281 3224 erat
1298 3173 1476 3226 numerus.
1493 3155 1674 3252 Archiepi·

254 3292 382 3367 scopus
404 3268 410 3368 Ι
432 3271 643 3344 Collonensis
664 3273 847 3366 temptoria
864 3295 929 3346 sua
945 3293 1052 3369 prope
1074 3274 1238 3346 Sanctum
1256 3276 1442 3348 Encelsum
1459 3281 1585 3374 posuit.
1605 3283 1673 3353 lm·

255 3405 393 3490 perator
409 3395 446 3466 in
463 3395 589 3468 solario
610 3393 729 3490 templi
748 3393 793 3468 de
808 3395 919 3468 brolio
934 3396 1133 3470 morabatur
1148 3406 1183 3470 et
1200 3399 1259 3470 alii
1277 3397 1452 3494 principes
1468 3411 1502 3474 et
1519 3403 1676 3479 civitates

255 3519 349 3593 circa
371 3521 536 3592 Sanctum
558 3519 769 3592 Dionisium.
790 3519 866 3592 Rex
895 3520 1129 3594 Bucmiturum
1160 3543 1240 3593 cum
1274 3523 1365 3598 duce
1389 3535 1424 3597 et
1450 3528 1611 3622 episcopo
1637 3531 1674 3603 iu

256 3643 465 3716 monasterio
480 3643 594 3716 Sancti
610 3641 756 3716 Dionisii
773 3663 838 3715 sua
855 3643 1036 3740 temptoria
1061 3655 1266 3740 posuerunt.
1289 3646 1535 3742 cogitaverunt
1559 3661 1674 3728 autem

297 3829 343 3912 (u)
363 3833 399 3894 ln
413 3833 482 3894 eud.
497 3834 593 3894 Puris.
606 3829 642 3893 dc
660 3833 863 3895 Vacoecum.

298 3935 341 4016 (d)
363 3937 399 3998 ln
411 3937 514 3999 codice
523 3935 763 4000 Rubuccttcllum.

297 4037 337 4118 (a)
363 4037 477 4100 Furstm
490 4035 525 4099 de
540 4039 693 4120 Cmucpio,
707 4039 741 4101 ld
753 4047 798 4102 eet
811 4037 847 4100 dc
861 4037 1052 4122 competa.

298 4140 343 4222 (d)
363 4144 400 4205 lu
412 4144 515 4205 codice
527 4151 781 4207 mammarum.

298 4247 337 4326 (e)
362 4249 398 4308 ln
412 4249 478 4310 eud.
494 4251 587 4312 Puris.
605 4257 636 4312 ot
649 4266 699 4328 ap.
712 4251 859 4312 Moratur.
873 4246 1087 4334 Mcleptrcauut.

297 4349 348 4432 (sl
364 4354 400 4414 ln
411 4353 512 4414 eodlcc
524 4359 564 4414 at.

299 4454 343 4538 (p)
362 4457 398 4520 ln
412 4457 512 4520 cudlue
525 4455 684 4524 Blandum.

299 4563 343 4645 (l)
367 4565 405 4626 ln
418 4565 487 4627 cod.
501 4565 597 4628 Parta.
611 4567 793 4650 Mmlcqii;
807 4585 857 4648 ap.
872 4569 1018 4632 Mutatur.
1033 4568 1197 4653 Mureapli

300 4669 345 4751 (a)
365 4673 401 4732 n
414 4672 517 4734 aare
528 4671 656 4754 optma

300 4777 348 4858 (j)
364 4779 399 4839 ln
412 4779 479 4840 cod.
496 4780 590 4844 anu.
605 4777 787 4858 habandin
799 4799 849 4862 ap.
865 4781 1011 4846 Moratur.
1026 4781 1194 4848 maudo.
