4676 6066
967 686 1163 766 rutinae
1739 731 1784 776 ,ιι

359 839 398 913 et
415 829 453 912 lo
465 830 569 940 prise
582 830 631 914 de
644 839 741 914 cette
753 830 860 940 ville,
879 840 986 915 Gesta
999 830 1261 914 destructionis
1275 832 1381 913 urbis
1400 833 1527 942 troie,
1543 833 1612 919 sol.
1627 837 1654 920 9
1671 865 1782 926 verso

360 965 384 1046 1
405 966 453 1046 17
468 974 585 1048 reolo.
602 963 634 1047 Il
647 989 760 1074 pesse
772 967 919 1048 ensuite
937 993 1013 1050 aux
1030 964 1332 1074 ptrtgrinations
1350 945 1492 1049 d'Ente
1511 967 1645 1076 (Gesta
1662 980 1782 1056 Henee

364 1099 613 1206 Trojanorum
627 1097 747 1180 dacia.
760 1107 929 1182 -Gesta
943 1106 1061 1182 Heaee
1075 1111 1109 1180 et
1122 1097 1277 1179 Didonis
1291 1097 1591 1213 repinedsriae)‚
1608 1115 1646 1188 et
1659 1107 1783 1190 orriue

361 1232 385 1313 1
403 1229 443 1312 la
459 1230 658 1314 fondation
677 1240 714 1314 et
732 1259 808 1314 aux
826 1232 1009 1342 premiere
1028 1232 1106 1314 rois
1123 1231 1172 1312 do
1189 1231 1324 1336 Rome,
1344 1257 1393 1312 on
1411 1231 1615 1344 indiquant
1632 1263 1782 1324 oommo

361 1363 672 1476 synchronismes
698 1364 738 1447 la
763 1364 961 1449 fondation
984 1366 1033 1447 do
1054 1365 1225 1474 Byzanoe
1246 1373 1285 1446 et
1305 1363 1344 1444 la
1365 1365 1475 1448 ruine
1500 1366 1548 1450 de
1573 1368 1783 1454 Jerusalem

358 1496 804 1607 parNohuohodonosor.
818 1498 1112 1608 Alorsseplaoe‚
1123 1499 1177 1580 du
1191 1496 1259 1579 fol.
1280 1500 1330 1580 18
1343 1523 1452 1582 verso
1471 1500 1564 1582 111
1583 1528 1709 1610 verso,
1727 1531 1781 1587 un

359 1630 453 1713 rdait
464 1631 532 1714 des
541 1631 769 1742 principales
779 1659 934 1744 guerras
948 1634 996 1714 de
1008 1631 1047 1712 la
1056 1629 1283 1740 rtpubliquo
1298 1631 1485 1738 romnine,
1501 1659 1592 1716 sous
1605 1634 1661 1718 los
1675 1635 1782 1719 titres

360 1763 532 1848 eiurante
561 1795 571 1846 ε
603 1765 776 1864 Qualiter
798 1768 887 1847 urbs
909 1773 1016 1847 Rome
1037 1777 1217 1874 superata
1241 1763 1317 1872 suit
1339 1793 1364 1844 a
1383 1765 1501 1848 Galia.
1523 1813 1578 1830 -
1599 1776 1663 1852 ae·
1684 1771 1782 1852 bello

359 1901 610 1981 aomanorum
631 1911 765 1981 eontra
784 1905 959 1981 Geronem
983 1925 1104 2006 repam
1121 1897 1377 1978 ¹Saiaulorum.
1399 1945 1455 1959 --
1471 1907 1521 1983 De
1546 1903 1643 1983 bello
1667 1903 1784 1986 dntili

360 2029 726 2141 (simonianorum
747 2032 874 2141 repuli
896 2029 957 2142 (1)
982 2045 1114 2114 contra
1140 2029 1344 2114 Amiaarem
1371 2035 1511 2114 durem.
1537 2079 1592 2094 -·
1610 2036 1783 2132 Qualiter

359 2165 516 2247 &mani
535 2165 707 2276 superati
724 2165 879 2274 suerunt
896 2165 937 2246 in
954 2163 1105 2272 Assriea
1121 2191 1146 2244 a
1166 2163 1530 2272 Cartlapiaemilms.
1551 2174 1672 2250 -lle
1688 2196 1783 2278 paee

360 2297 467 2406 saeta
488 2297 589 2381 inter
606 2305 786 2381 Ronmnoa
805 2311 840 2381 et
865 2296 1185 2406 Gartlapinenses.
1207 2341 1263 2359 -
1280 2303 1332 2380 De
1357 2299 1454 2378 lello
1474 2298 1600 2407 prima
1619 2299 1721 2406 saeta
1740 2301 1782 2384 iu
1930 2355 1933 2362 Δ

358 2431 566 2541 Lipariom.
587 2440 710 2516 -ne
735 2433 832 2514 lello
857 2431 956 2513 inter
980 2437 1160 2514 Romanoa
1187 2443 1221 2511 et
1243 2428 1432 2512 Anibalem
1451 2433 1579 2512 ducem
1602 2435 1784 2542 Cartapi-

358 2564 526 2647 neusium
553 2565 595 2648 iu
623 2563 739 2675 fluvio
770 2563 897 2646 trevie
924 2564 1042 2671 sarto.
1058 2571 1176 2646 -De
1207 2564 1305 2644 lello
1334 2561 1510 2646 Marcelli
1535 2569 1783 2648 aomanorum

359 2697 524 2780 consulis
541 2725 624 2780 eum
640 2697 806 2781 Auilale.
823 2745 878 2760 -
891 2705 941 2780 ite
957 2699 1055 2780 bello
1070 2695 1236 2806 Sipionis
1253 2703 1502 2778 Romanorum
1519 2697 1683 2779 amanlis
1700 2725 1782 2782 aum

359 2835 479 2914 mone
498 2835 590 2913 duae
607 2830 818 2940 Assrorum.
837 2877 894 2892 -
910 2839 961 2914 De
981 2831 1079 2912 lello
1102 2829 1174 2910 Titi
1193 2827 1320 2927 Quinti
1338 2827 1519 2910 Flaminii
1535 2835 1782 2914 aomanorum

360 2963 524 3045 canatis
542 2975 676 3045 eontra
691 2961 908 3072 Philippum
922 2987 1044 3070 repom
1057 2960 1284 3046 Macedonie.
1296 2967 1409 3044 -De
1425 2963 1522 3042 bello
1535 2967 1783 3046 Romanorum

359 3123 444 3179 aum
462 3095 584 3180 Gallis
601 3075 706 3207 apud
724 3095 988 3182 Mediolanum.
1005 3141 1058 3158 -
1078 3097 1144 3201 [Ite
1162 3093 1332 3205 captione
1351 3108 1386 3176 et
1409 3095 1658 3178 destructione
1677 3103 1782 3180 Gar-

361 3228 501 3340 tapinis
516 3227 618 3340 (2).]
635 3275 690 3292 --
708 3235 758 3312 De
777 3227 1036 3336 hedificatioae
1054 3240 1089 3309 et
1107 3229 1383 3310 restauratione
1400 3227 1506 3309 urbis
1525 3229 1739 3339 Cartapinis
1756 3259 1782 3312 a

357 3364 546 3448 Bouiania.

413 3497 593 3583 L’autaur
607 3494 868 3602 s’interrompt
880 3493 903 3574 1
917 3501 976 3575 oet
993 3494 1143 3576 endroit
1159 3519 1257 3602 pour
1274 3501 1450 3575 rooonter
1467 3495 1534 3577 des
1553 3495 1640 3579 faits
1659 3499 1784 3580 mira-

359 3627 497 3710 oaleux
527 3627 698 3710 advenas
725 3623 749 3705 1
774 3621 894 3705 Rome
921 3631 960 3704 et
986 3633 1204 3725 annonoant
1230 3621 1267 3703 la
1295 3621 1494 3704 noissnnoe
1515 3625 1568 3707 du
1592 3625 1777 3710 Sauveur.

358 3755 452 3840 Puis
466 3779 557 3838 sous
571 3779 614 3838 ae
626 3751 733 3859 titre,
750 3757 856 3833 Gesta
868 3751 913 3830 de
927 3749 1038 3832 italie
1049 3749 1255 3860 prouinciis
1270 3747 1360 3859 (fol.
1380 3755 1433 3833 15
1451 3750 1587 3862 racto),
1608 3751 1635 3833 il
1653 3754 1780 3838 donne

358 3908 437 3966 une
453 3879 681 3990 description
701 3877 986 3989 geographique
1003 3879 1051 3959 de
1066 3877 1201 3960 l'ltelie
1217 3904 1265 3960 en
1283 3877 1479 3961 dtolorant
1490 3878 1586 3990 qu’il
1601 3881 1706 3965 atirt
1718 3909 1780 3966 ees

359 4025 468 4099 notes
490 4011 675 4096 d'lsidoro
700 4011 750 4092 de
774 4009 912 4094 Stville
937 4039 947 4090 ε
981 4045 996 4085 α
1022 4010 1098 4094 Hae
1121 4021 1211 4094 sunt
1233 4021 1322 4096 nota
1343 4023 1508 4096 extraote
1534 4014 1583 4096 de
1608 4016 1779 4125 quodem

357 4145 457 4231 libro
474 4141 697 4228 memoriale
715 4141 765 4224 ab
783 4141 928 4224 Isidoro
947 4143 1208 4251 composita.»
1742 4190 1745 4200 ·

412 4279 628 4364 L'invasion
647 4277 696 4360 de
713 4273 848 4358 l’lnlie
866 4275 1083 4384 suptrieure
1100 4274 1243 4385 parles
1263 4276 1436 4386 GauloiS,
1456 4276 1496 4360 ln
1514 4275 1711 4361 fondation
1729 4279 1779 4363 de

381 4641 384 4648 ·
401 4595 450 4688 (1)
473 4597 518 4666 Le
532 4597 742 4687 compilatam·
754 4593 857 4686 prend
872 4595 914 4663 ioi
932 4595 962 4664 le
978 4615 1054 4664 nom
1072 4594 1111 4664 de
1124 4595 1266 4685 Rtgulus
1284 4616 1366 4686 pour
1379 4617 1424 4666 un
1437 4597 1611 4670 substantii
1622 4605 1774 4694 auquelil

357 4711 464 4782 donne
477 4712 508 4780 le
522 4733 597 4782 aens
611 4710 652 4778 de
665 4714 738 4780 dnm.

401 4824 451 4916 (Ξ)
474 4825 520 4895 La
532 4827 622 4917 plnoe
636 4824 675 4894 de
689 4833 771 4894 cette
785 4825 937 4916 rubrique
952 4835 1004 4896 est
1019 4828 1123 4896 restte
1137 4823 1209 4895 vide
1224 4824 1303 4894 dano
1313 4804 1349 4896 'le
1362 4831 1547 4899 manuscrit.

1595 4945 1613 5008 b
