4534 6074
687 603 930 668 cuncutcont
955 601 1257 665 auscultantem
1645 603 1686 666 95

264 756 405 820 centum
419 746 577 818 iecerunt
593 763 683 836 quas
705 739 854 816 mirabili
875 760 980 834 opere
999 740 1035 810 in
1051 741 1160 812 liuvio
1185 739 1270 812 Padi
1292 747 1577 829 construxerunt,
1594 740 1687 834 ipsas

264 868 459 943 balestariis
474 878 509 942 et
524 867 611 940 viris
627 864 861 961 prudentibus
884 873 1120 938 armaverunt.
1141 863 1184 936 lit
1207 863 1292 936 dum
1318 865 1381 936 hec
1403 875 1602 956 agerentur,
1629 863 1688 936 die

266 993 403 1068 sabbati
422 993 482 1065 1111
501 990 668 1064 kalendas
681 989 760 1081 julii
774 987 842 1084 (t),
860 997 962 1059 nocte
979 988 1139 1060 veniente
1157 987 1269 1082 prima
1287 985 1406 1081 vigilia
1424 989 1535 1082 ipsius
1551 987 1681 1080 noctis,

267 1137 396 1211 magna
416 1115 516 1186 turba
532 1114 681 1186 militnm
700 1113 875 1186 exercitus
899 1093 1088 1182 Taurinum
1104 1110 1366 1204 equitaverunt,
1382 1111 1529 1182 ssuvium
1545 1133 1687 1206 quoque

267 1240 354 1314 Padi
368 1262 431 1336 per
448 1247 589 1335 pontem
607 1257 712 1332 super
734 1235 866 1308 Padum
883 1235 987 1326 juxta
1006 1234 1193 1306 Taurinum
1213 1243 1445 1307 constructum
1464 1235 1684 1308 transierunt.

229 1373 231 1376 ’
266 1363 307 1436 in
320 1373 447 1436 terram
467 1362 571 1434 etiam
588 1358 798 1432 marchionis
819 1359 1003 1448 intrantes,
1024 1357 1125 1430 villas
1149 1367 1183 1429 et
1205 1359 1281 1430 loca
1298 1359 1406 1429 multa
1428 1357 1685 1430 combuserunt.

268 1487 429 1562 Audiens
447 1493 565 1559 autem
586 1483 741 1556 marchio
759 1483 804 1556 de
826 1503 946 1556 eorum
973 1482 1125 1556 adventu
1150 1483 1211 1576 qui
1230 1505 1310 1554 oum
1328 1493 1431 1576 geute
1449 1505 1514 1556 sua
1536 1505 1599 1578 per
1622 1503 1691 1554 me-

269 1613 370 1686 dium
384 1610 581 1684 Clavasium
602 1607 713 1680 fluvio
730 1605 815 1680 Padi
834 1605 1009 1678 mediante
1026 1628 1090 1679 sua
1108 1619 1269 1701 posuerat
1292 1617 1421 1694 castra,
1443 1616 1618 1700 tamquam
1635 1626 1692 1678 or·
1810 1671 1813 1680 .

269 1735 408 1832 phanus
426 1743 462 1807 et
482 1733 527 1807 ab
546 1731 668 1804 amicis
691 1726 866 1826 dejectis(
889 1727 943 1824 ¹),
963 1729 1112 1801 collectis
1136 1729 1289 1802 tentoriis
1310 1739 1345 1801 et
1370 1729 1571 1822 albergariis
1598 1750 1692 1802 com·

269 1859 399 1951 bustis,
417 1855 585 1951 lugieudo
600 1855 665 1928 iter
677 1876 781 1928 suum
804 1853 851 1926 ad
869 1863 1033 1925 moutam
1055 1853 1200 1941 direxit,
1222 1863 1257 1925 et
1275 1853 1342 1924 nisi
1360 1853 1634 1926 Mediolanenses
1652 1873 1693 1925 ea

270 1993 373 2056 nocte
389 1981 505 2076 ignem
521 1979 716 2067 misissent,
735 1977 969 2050 marchionem
988 1999 1068 2048 cum
1089 1987 1192 2070 gente
1212 1998 1276 2050 sua
1302 1977 1523 2068 habuissent,
1540 1987 1576 2050 et
1597 1977 1694 2072 equi·

269 2116 386 2180 tantas
412 2125 475 2201 per
500 2114 616 2198 partes
641 2103 717 2174 illas
740 2101 843 2174 villas
863 2109 898 2172 et
923 2101 999 2172 loca
1020 2121 1090 2194 que
1112 2101 1319 2174 invenerunt
1339 2101 1419 2194 igue
1438 2109 1689 2173 cremaverunt.

270 2229 358 2301 Cum
373 2237 490 2302 autem
503 2227 569 2300 bec
582 2235 780 2320 agerentur,
793 2225 842 2296 illi
854 2223 917 2317 qui
929 2234 1028 2297 erant
1040 2225 1075 2296 in
1087 2225 1234 2296 navibus
1247 2225 1283 2296 in
1301 2225 1410 2297 durio
1424 2225 1507 2297 Padi
1521 2224 1695 2298 constituti

270 2353 420 2449 prelium
435 2373 601 2447 maguum
616 2369 697 2423 cum
715 2349 782 2421 illis
798 2347 860 2444 qui
875 2357 974 2422 eraut
984 2349 1021 2420 iu
1040 2349 1189 2422 navibus
1204 2349 1414 2420 marchionis
1438 2350 1606 2422 iecerunt.
1627 2347 1695 2435 Qui

270 2477 337 2546 Dei
353 2479 534 2548 voluntate
556 2477 651 2568 ipsas
669 2496 778 2546 naves
798 2483 965 2569 ceperunt
980 2483 1015 2546 et
1036 2474 1072 2544 in
1097 2497 1217 2548 eorum
1242 2475 1369 2546 virtute
1388 2473 1598 2547 habuerunt.
1616 2475 1696 2546 Cas·

274 2607 368 2669 trum
384 2619 529 2692 quoque
541 2596 742 2691 lignaminis
754 2597 849 2691 quod
869 2597 905 2668 in
917 2597 1012 2670 Pado
1030 2608 1293 2672 construxerant
1307 2599 1463 2670 similiter
1479 2608 1644 2692 ceperunt
1664 2606 1700 2669 et

275 2721 539 2795 combuserunt.
556 2721 656 2796 Unde
675 2721 829 2794 universi
849 2721 894 2794 de
910 2722 1133 2817 expeditione
1151 2723 1283 2818 gaudio
1307 2745 1436 2825 magno
1461 2732 1542 2795 sunt
1567 2723 1696 2816 gavisi,

275 2845 455 2919 intrinseci
476 2867 561 2920 vero
574 2845 710 2918 tristitia
728 2856 763 2918 et
780 2867 906 2941 magno
927 2845 1045 2920 dolore
1069 2857 1149 2920 sunt
1164 2849 1297 2942 repleti.
1315 2845 1462 2918 Predicti
1480 2867 1561 2919 vero
1575 2846 1701 2918 milites

276 2970 469 3042 combustis
492 2970 578 3044 locis
599 2979 635 3042 et
654 2969 743 3042 villis
764 2970 823 3044 die
838 2971 993 3044 venienti
1016 2992 1152 3044 summa
1169 2993 1249 3042 cum
1266 2971 1372 3043 letitia
1394 2969 1440 3043 ad
1461 2980 1573 3044 castra
1588 2971 1701 3044 redie-

275 3103 373 3166 runt.
392 3091 525 3167 Eodem
550 3115 637 3167 vero
661 3102 816 3188 tempore
838 3102 979 3189 pontem
999 3094 1036 3166 in
1051 3093 1160 3167 liuvio
1177 3095 1263 3168 Padi
1278 3105 1547 3167 construxerunt
1568 3105 1604 3168 et
1629 3093 1702 3168 fieri

278 3220 453 3308 iecerunt,
472 3237 535 3313 per
554 3237 659 3311 quem
677 3217 802 3289 milites
829 3217 1062 3312 expeditionis
1087 3227 1322 3306 transeuntes,
1353 3217 1388 3289 in
1414 3229 1536 3290 terram
1562 3240 1703 3313 quoque

277 3339 490 3414 marchionis
508 3361 591 3434 sepe
605 3349 641 3413 et
663 3339 837 3412 multoties
854 3339 1020 3412 intrantes
1041 3339 1049 3434 l
1070 3341 1170 3412 villas
1190 3349 1225 3411 et
1242 3341 1318 3412 loca
1342 3341 1605 3414 innumerabilia
1625 3341 1703 3414 des·
1726 3359 1777 3406 ra.
1788 3358 1828 3404 10²
1836 3359 1905 3400 rece·

278 3471 436 3538 trueutes
453 3473 488 3536 et
510 3464 592 3558 igne
614 3471 817 3536 cremantes.
839 3463 901 3535 Die
921 3463 1041 3536 martis
1063 3463 1141 3536 XVI
1164 3465 1294 3536 mensis
1314 3465 1392 3555 julii
1419 3464 1490 3560 (2),
1517 3486 1638 3537 omnes
1658 3465 1703 3538 de

281 3589 439 3662 exercitu
454 3589 580 3661 milites
594 3597 629 3660 et
645 3587 798 3684 pedites,
819 3587 986 3678 sagittarii
1000 3595 1034 3659 et
1051 3587 1242 3678 balestarii,
1261 3610 1341 3660 cum
1358 3589 1540 3683 pontibus,
1561 3591 1699 3682 castris,

280 3712 386 3807 gattis
400 3721 438 3785 et
457 3711 533 3784 aliis
553 3711 723 3784 machinis
748 3732 868 3784 eorum
890 3710 1011 3783 armati
1029 3719 1064 3782 et
1081 3709 1128 3782 ad
1146 3710 1274 3784 bellum
1297 3711 1471 3807 preparati
1488 3710 1535 3784 ad
1553 3723 1703 3786 castrum

282 3835 434 3910 Clavasii
451 3834 729 3932 expugnandum
751 3843 981 3930 perexerunt,
1002 3833 1089 3906 illud
1117 3834 1273 3928 undique
1295 3857 1374 3907 cum
1394 3837 1514 3929 gattis,
1538 3837 1704 3932 pontibus

281 3968 319 4031 et
335 3960 486 4032 castellis
504 3959 650 4032 viriliter
669 3967 925 4054 expugnantes.
947 3956 1176 4029 Alexandrini
1193 3979 1334 4052 quoque
1356 3959 1423 4032 viri
1444 3959 1703 4054 prudentissimi

281 4105 411 4178 magne
439 4083 580 4156 audatie
602 4091 742 4175 penum
770 4101 890 4152 eorum
913 4102 1026 4175 usque
1050 4081 1152 4154 castri
1174 4081 1303 4176 spados
1331 4099 1518 4176 posueruut
1541 4096 1576 4158 et
1599 4107 1705 4181 super

281 4210 400 4300 ipsum
422 4214 552 4276 stantes
578 4225 659 4275 cum
684 4203 832 4276 inimicis
854 4205 1059 4298 gravissime
1077 4215 1110 4276 et
1128 4206 1346 4299 iniquissime
1369 4229 1448 4279 cum
1477 4209 1555 4281 latis
1574 4211 1699 4304 spatis,

283 4325 410 4420 gladiis
429 4335 465 4398 et
482 4325 660 4422 lapidibus
685 4337 898 4422 pugnantes;
918 4337 952 4400 et
973 4327 1040 4400 nisi
1063 4349 1150 4422 pons
1173 4329 1310 4403 illorum
1335 4333 1464 4404 fractus
1486 4341 1521 4406 et
1544 4331 1704 4430 diruptus

321 4633 360 4704 (t)
379 4633 417 4688 Le
430 4633 532 4689 mmedi
544 4636 579 4691 28
590 4631 661 4701 juin.

322 4723 361 4796 (2)
380 4724 417 4780 Le
430 4727 464 4780 te
476 4725 564 4798 juillet
575 4725 642 4784 etait
655 4742 693 4784 un
706 4727 838 4785 marcradi
852 4743 886 4786 en
899 4729 980 4786 teat.
