4568 6064
793 640 835 700 IN
861 639 1002 700 lluttrt
1026 637 1178 700 ansuis,
1632 634 1693 698 ala

271 774 402 870 Anglia
424 776 721 869 consanguineum
751 797 954 871 germanum
976 775 1060 850 dicti
1081 773 1213 848 domini
1246 770 1424 846 Oddoardi
1445 771 1506 866 qui
1531 773 1695 848 veniebat

274 900 320 972 de
341 901 496 974 exercitu
526 900 716 995 Cartaginis
743 924 823 974 cum
848 923 931 996 rege
953 900 1112 983 Francie;
1138 907 1259 994 petens
1285 919 1306 969 a
1328 896 1469 970 domino
1496 919 1586 993 papa
1610 921 1694 972 suc-

273 1043 415 1096 cursum
434 1024 658 1119 prestandom
677 1025 779 1098 Terre
796 1027 939 1098 Sancte:
953 1046 1022 1120 que
1036 1033 1104 1096 tota
1120 1024 1221 1095 Terra
1233 1023 1356 1094 Sancta
1373 1019 1526 1094 lederata
1542 1032 1596 1094 est
1613 1043 1691 1094 cnm

272 1147 424 1221 Soldano
443 1169 557 1241 usque
576 1147 622 1220 ad
639 1148 672 1220 X
689 1169 799 1220 annos
824 1147 912 1220 dans
928 1149 962 1220 ei
979 1148 1146 1223 tributum
1165 1167 1228 1240 pro
1248 1153 1335 1217 testa
1351 1165 1461 1216 uuum
1483 1144 1689 1218 bisancium.

272 1272 340 1356 Qui
359 1271 523 1346 dominns
546 1271 755 1346 Oddoardus
776 1294 841 1344 rex
859 1271 985 1365 Anglie
1010 1269 1055 1344 de
1073 1289 1191 1341 mense
1209 1267 1287 1361 julii
1313 1266 1482 1340 transiens
1506 1289 1571 1363 per
1595 1269 1695 1341 Lom-

272 1394 431 1468 hardIam
451 1395 513 1467 ubi
536 1395 666 1492 recepit
682 1395 874 1468 maximum
895 1395 1063 1468 honorem
1085 1415 1107 1466 a
1134 1390 1355 1483 Lombardis‚
1384 1411 1545 1464 reversus
1569 1401 1621 1464 est
1647 1391 1694 1466 ad

272 1521 426 1614 propria.

322 1646 372 1716 De
388 1665 507 1716 mense
521 1663 606 1716 vero
623 1644 732 1717 madii
749 1643 936 1739 Papienses
952 1665 1016 1740 pro
1029 1642 1206 1716 communi
1222 1640 1415 1714 exercitum
1433 1643 1590 1714 lecerunt
1604 1641 1695 1715 circa

272 1767 464 1840 Valentiam
484 1766 705 1840 devastantes
723 1788 796 1839 cos.
1502 1828 1505 1834 ,

322 1891 372 1963 De
390 1889 514 1964 eodem
530 1911 649 1964 mense
669 1888 895 1964 Alexandrini
911 1889 1102 1964 exercitum
1120 1890 1277 1962 lecerunt
1301 1889 1392 1961 circa
1410 1888 1542 1962 Niciam
1563 1887 1694 1961 devas-

273 2023 385 2086 tantes
397 2015 543 2105 Niciam,
562 2013 658 2110 quod
672 2021 822 2086 castrum
838 2013 993 2086 marchio
1007 2011 1230 2086 Montislerati
1246 2020 1353 2085 tenet.
1369 2013 1420 2084 De
1437 2011 1560 2085 eodem
1574 2033 1694 2084 mense

270 2139 506 2211 Bononienses
533 2159 613 2210 cum
644 2137 712 2211 illis
750 2137 796 2211 de
825 2137 1003 2240 Romagna
1036 2137 1230 2210 exercitum
1259 2135 1415 2208 lecerunt
1442 2134 1490 2209 ad
1520 2135 1692 2208 civitatem

271 2262 424 2352 Forlini,
444 2283 550 2357 quam
569 2261 745 2335 civitatem
764 2261 1008 2334 deffendebant
1026 2259 1167 2332 Gibilini
1184 2259 1368 2332 extrinseci
1386 2267 1420 2332 et
1433 2259 1600 2332 Venetici.

322 2387 373 2458 Do
389 2407 508 2458 mense
522 2385 614 2478 junii
632 2385 787 2458 marchIo
806 2385 1029 2458 Montislerati
1058 2383 1155 2456 venit
1176 2383 1316 2478 Papiam
1341 2381 1586 2455 honorabiliter
1598 2391 1634 2454 et
1649 2380 1694 2455 de

273 2530 393 2582 meuse
409 2509 488 2600 julii
505 2508 727 2581 concordium
751 2517 787 2579 et
802 2519 904 2603 pacta
922 2516 957 2579 et
974 2507 1172 2579 socletatem
1196 2507 1276 2579 lecit
1293 2528 1373 2578 cum
1392 2507 1566 2580 communi
1589 2506 1694 2600 Papio

272 2641 310 2703 et
327 2653 409 2704 cum
426 2631 600 2702 communi
618 2628 683 2702 Ast
700 2656 708 2702 :
729 2629 825 2726 quod
844 2631 969 2702 Iactmu
987 2627 1164 2724 displicuit
1180 2617 1358 2723 aliquibus
1370 2629 1572 2703 Fallabrinis
1589 2629 1694 2725 Papio

272 2755 336 2850 qni
360 2755 473 2851 ipsum
502 2754 737 2828 marchionem
766 2753 924 2826 solebant
951 2751 1095 2846 diligere
1119 2759 1154 2824 et
1180 2749 1247 2823 hec
1276 2751 1391 2824 omnia
1420 2751 1549 2825 fiebant
1577 2762 1695 2826 contra

273 2900 392 2973 regem
420 2879 602 2972 Ilerdam,
621 2887 656 2951 et
684 2877 782 2952 dedit
809 2876 985 2950 communi
1010 2876 1116 2972 Papio
1136 2873 1143 2974 Ι
1164 2875 1360 2950 Pomarium
1388 2885 1423 2949 et
1447 2877 1691 2952 Olzimianum.

321 3003 384 3076 Die
402 3003 510 3076 XVIII
527 3003 656 3076 mensis
668 3001 747 3094 julii
763 3001 925 3076 dominus
945 2999 1150 3073 Plcnamons
1169 2999 1214 3072 de
1230 3001 1265 3074 Ia
1288 3000 1441 3074 Fontana
1466 3001 1555 3074 civis
1578 3011 1613 3074 et
1631 3023 1693 3098 po·

270 3132 376 3198 testas
403 3125 544 3198 Mantua
564 3147 644 3197 cum
670 3124 744 3196 suis
774 3124 984 3218 sequacibus
1010 3133 1044 3196 et
1076 3131 1174 3220 parte
1203 3145 1267 3196 sna
1290 3124 1426 3220 expulit
1448 3125 1624 3219 Lugarum
1648 3126 1694 3199 de

270 3250 416 3320 Summo
431 3249 476 3322 de
488 3249 655 3322 Cremona
670 3256 874 3344 potestatem
886 3249 1026 3320 Mantua
1043 3245 1088 3319 da
1106 3246 1245 3318 civitate
1263 3247 1405 3320 Mantus
1419 3257 1454 3320 et
1468 3247 1632 3320 Rufinum
1647 3249 1693 3323 de

269 3373 448 3444 Iauucalis
461 3381 496 3445 et
507 3380 640 3467 partem
655 3393 753 3446 suam
768 3371 814 3445 de
829 3371 967 3444 civitate
982 3371 1136 3460 Mantua,
1153 3367 1392 3444 interficiendo
1404 3373 1521 3468 plnres
1537 3373 1581 3446 de
1597 3383 1693 3469 parte

270 3496 329 3568 illa
347 3495 409 3591 qui
427 3517 465 3568 se
481 3493 698 3570 reduxerunt
713 3495 750 3566 in
767 3503 917 3568 castrum
929 3494 1131 3568 MarcharIc.

321 3620 372 3691 Ile
389 3618 512 3692 eodem
530 3641 649 3692 mense
669 3618 783 3692 illido
801 3629 912 3692 castro
930 3619 1110 3692 Olzlmiani
1128 3617 1190 3712 qui
1208 3617 1291 3691 odio
1309 3617 1439 3690 habent
1456 3617 1691 3692 marchionem

269 3742 518 3834 Montislerati,
536 3741 655 3814 habito
671 3735 847 3840 [tractatu]
866 3763 947 3816 cum
961 3739 1227 3833 Alexandrinis,
1253 3740 1369 3836 ipsum
1385 3741 1499 3814 locum
1520 3741 1692 3815 dederunt

269 3867 449 3938 communi
462 3864 686 3940 Alexandria.
706 3865 808 3938 Unde
823 3867 1008 3961 Papianses
1021 3867 1104 3938 illuc
1120 3865 1349 3938 communiter
1362 3874 1396 3938 et
1412 3865 1578 3940 hostiliter
1590 3868 1692 3962 equi·

270 3999 433 4062 taverunt
448 4000 481 4062 et
500 3997 669 4062 steterunt
683 4011 744 4084 per
760 3991 886 4062 multos
905 3989 979 4062 dies
997 3988 1047 4060 ibi
1070 4000 1105 4060 ct
1118 3988 1224 4060 nIchil
1245 3988 1408 4061 iacientes
1425 3989 1628 4062 reddierunt
1645 3991 1692 4093 ad

269 4113 430 4210 propria,
455 4121 595 4209 propter
617 4113 892 4186 Mediolanenses
915 4113 976 4208 qui
1005 4121 1218 4186 extraseraut
1239 4133 1359 4185 eorum
1386 4114 1571 4186 carrotium
1598 4115 1690 4188 invi·

270 4235 350 4310 tutis
374 4259 494 4310 eornm
514 4237 634 4310 amicis
655 4236 876 4310 adeundum
897 4257 977 4308 cum
1005 4236 1160 4308 exercitu
1181 4256 1288 4330 super
1309 4235 1493 4330 papienses
1519 4237 1556 4308 in
1574 4237 1693 4310 servi-

269 4359 364 4430 cium
392 4359 526 4432 domini
552 4359 645 4454 ragis
669 4357 800 4432 Karoli.
826 4359 891 4432 Die
912 4359 1002 4452 jovis
1027 4359 1120 4432 XVII
1144 4357 1284 4452 augusti
1311 4359 1501 4430 Iannenses
1523 4359 1692 4434 hostiliter

269 4493 435 4578 ceperunt
450 4491 486 4554 et
504 4483 703 4556 hahuerunt
725 4493 875 4556 castrum
891 4482 1025 4556 Godani
1044 4493 1078 4556 ct
1095 4482 1252 4556 homines
1276 4483 1337 4578 qui
1359 4505 1451 4580 unus
1469 4481 1517 4578 (a)
1533 4484 1688 4578 aderant,

313 4747 355 4828 (a)
378 4746 583 4810 verisimiliter
596 4745 754 4824 legendum
768 4745 859 4806 ictas.

1730 2874 1894 2922 Fab'ltrccto.
