4676 6066
608 603 629 666 8
1027 598 1270 664 CHRONICON
1294 599 1598 664 pescenninum.

607 757 671 832 per
686 736 764 831 plne
778 755 842 808 sex
864 733 1017 807 milibus.
1036 733 1168 808 Eodem
1191 758 1283 810 anuo
1299 736 1412 832 primo
1433 733 1491 808 die
1510 733 1776 830 quadragesima
1796 732 1950 807 bostium
1971 756 2026 808 ec·

609 859 711 933 clesie
723 858 815 932 beati
827 856 969 930 Antonii
986 859 1159 953 inceptum
1178 870 1243 932 est.

657 983 702 1056 M.
721 982 757 1054 C.
774 982 921 1074 LXXIII,
943 1003 1061 1056 mense
1073 983 1261 1080 septembri
1276 982 1448 1058 destructa
1465 983 1565 1056 Petra
1582 981 1702 1056 Sileria
1717 991 1752 1056 et
1774 980 1928 1056 Perduca
1945 983 2026 1056 iue-

612 1117 691 1179 ruut
705 1105 768 1202 (l).

658 1231 705 1302 Μ.
714 1229 751 1300 C.
762 1227 926 1322 LXXllll,
936 1229 972 1300 in
986 1229 1144 1304 kalendis
1157 1229 1264 1304 madii
1279 1229 1647 1304 domusCmcIatorum
1661 1229 1727 1300 luit
1737 1227 1921 1304 hedificata
1931 1229 2026 1326 apud

609 1352 757 1447 Argiuos
774 1350 840 1448 (2).
859 1351 987 1425 Eodem
1008 1373 1098 1426 anuo
1113 1375 1231 1428 mense
1248 1354 1433 1449 septembri
1456 1355 1640 1450 Imperator
1661 1351 1846 1428 Fodericns
1868 1376 2027 1430 reversus

610 1485 661 1550 eet
679 1477 715 1547 in
738 1475 978 1550 bombardiam
997 1497 1077 1550 cum
1093 1498 1221 1572 magno
1238 1477 1393 1550 exercitu
1416 1475 1743 1566 Theothouicorum,
1757 1477 1974 1550 Boemiorum
1993 1489 2027 1552 et

498 1678 499 1682 ,
610 1601 807 1674 Briezorum
818 1597 877 1696 (l).
896 1599 1027 1674 Eodem
1044 1609 1196 1696 tempore
1217 1623 1339 1674 omncs
1356 1601 1513 1676 civitates
1528 1601 1801 1674 bombardorum
1816 1611 1851 1674 et
1873 1603 2026 1676 marchio

610 1725 760 1798 asociate
770 1733 868 1796 amnt
881 1724 982 1796 simul
1000 1732 1119 1796 contra
1131 1724 1244 1818 ipsum
1259 1732 1485 1816 sacramento,
1499 1733 1535 1796 at
1546 1725 1641 1796 venit
1656 1725 1768 1820 primo
1778 1725 1824 1798 ad
1838 1725 2024 1820 quamdam

611 1849 873 1946 civitatemque
892 1846 1019 1920 dicitur
1032 1846 1107 1938 Ast,
1125 1847 1160 1918 in
1180 1869 1249 1940 qua
1266 1848 1366 1918 multi
1385 1869 1431 1919 ex
1453 1847 1771 1922 Mediolanensibus
1786 1857 1822 1922 et
1835 1851 2026 1924 brixiensi·

609 1971 677 2045 bus
692 1993 795 2044 causa
805 1971 962 2046 custodie
977 1970 1134 2045 aderant.
1152 1969 1318 2044 Asensee
1331 1991 1414 2044 vero
1429 1971 1557 2060 statim,
1575 1979 1615 2042 ut
1628 1969 1808 2044 traditores
1822 1983 1857 2045 et
1869 1970 2026 2050 homines

611 2095 746 2170 modice
763 2093 863 2184 fidei,
885 2093 1104 2168 concordiam
1122 2115 1203 2166 cum
1216 2117 1258 2168 co
1274 2095 1441 2168 fecerunt.
1452 2093 1520 2180 Qui
1534 2092 1617 2166 inde
1628 2115 1708 2166 cum
1724 2096 1797 2168 suis
1811 2107 1964 2170 semotus
1975 2097 2024 2194 (α)

609 2219 706 2292 venit
731 2217 777 2292 ad
802 2217 845 2314 (b)
868 2217 1043 2291 civilatem
1068 2240 1196 2291 novam
1221 2239 1291 2312 que
1312 2216 1524 2292 Alexandria
1543 2217 1683 2308 dicitur,
1700 2217 1759 2290 die
1783 2217 1957 2294 dominico
1981 2222 2025 2294 Vl

608 2339 775 2414 kalendas
790 2340 990 2413 novembris
1013 2337 1079 2434 (3),
1098 2360 1245 2432 eamque
1271 2361 1350 2411 cum
1368 2361 1496 2430 magna
1510 2338 1730 2414 multitudine
1745 2339 1886 2412 Istorum
1908 2341 2026 2416 Tbeo-

608 2464 824 2538 tbonicorum
848 2472 882 2534 et
908 2483 988 2534 cum
1012 2461 1140 2558 populo
1165 2470 1200 2534 et
1225 2483 1304 2532 cum
1331 2461 1528 2562 marchione
1556 2459 1601 2534 de
1623 2462 1846 2536 Monteferato
1873 2463 2022 2538 obsedit.

608 2589 731 2683 ibique
757 2587 838 2660 fecit
865 2595 977 2658 curtos
1007 2585 1101 2682 (ric),
1121 2606 1330 2680 manganos,
1350 2583 1528 2682 predarias
1561 2595 1596 2658 et
1625 2595 1735 2659 castra
1759 2586 1930 2680 lignorum
1961 2589 2025 2662 tria

405 2725 571 2772 1²⁰1·⁷²¹=0¹0·
609 2733 736 2804 magna
758 2712 905 2786 mirabili
928 2709 1033 2784 modo
1061 2719 1266 2782 constructa.
1293 2709 1390 2780 lutus
1413 2729 1498 2782 vcro
1521 2708 1633 2804 ipsam
1657 2708 1834 2780 civitatem
1858 2713 1904 2782 ad
1926 2710 1933 2806 1
1954 2723 2026 2784 erat

608 2837 753 2938 quidam
772 2837 920 2912 civitatis
935 2833 1108 2907 Placentia
1134 2853 1214 2905 cum
1235 2841 1372 2906 eentum
1397 2831 1651 2928 quinquaginta
1673 2830 1849 2927 peditibus
1868 2831 2025 2926 ejusdem

611 2961 760 3036 civitatis
790 2958 1024 3032 nobilissImus
1062 2957 1160 3029 miles
1191 2955 1331 3029 nomine
1353 2955 1537 3028 Anselmus
1568 2954 1742 3046 Medicus,
1776 2955 1833 3028 cui
1864 2965 2026 3052 precepto

611 3086 811 3162 conscilium
828 3083 929 3156 istius
951 3081 1101 3154 civitatis
1117 3077 1342 3176 pretendebat
1360 3078 1416 3176 (c).
1434 3079 1479 3150 Et
1496 3078 1626 3153 ibidem
1642 3079 1735 3151 stetit
1748 3079 1931 3174 imperator
1946 3101 2025 3152 cum

612 3211 686 3282 suis
711 3210 747 3280 in
774 3206 953 3280 obsidione
979 3225 1090 3299 usque
1117 3201 1164 3276 ad
1188 3203 1280 3276 diem
1304 3201 1438 3276 sabbati
1464 3201 1574 3275 sancti
1596 3201 1659 3296 qui
1687 3202 1752 3274 luit
1775 3201 1839 3274 XII
1860 3202 2026 3276 kalendas

613 3332 731 3430 aprilis
748 3329 814 3428 (l).

660 3457 709 3527 M.
719 3454 756 3526 C.
767 3453 900 3538 LXXV,
915 3461 1015 3524 nocte
1028 3471 1112 3524 vero
1128 3448 1355 3540 adveniente,
1366 3467 1493 3542 magna
1504 3445 1815 3520 Theotbonicorum
1829 3448 1931 3546 copia
1949 3448 2026 3544 pri-

612 3579 721 3654 vatim
739 3579 848 3673 ipsam
864 3576 1039 3648 civitatem
1054 3574 1278 3646 intraverant.
1287 3570 1515 3644 AlexandrIni
1527 3568 1580 3666 (5)
1595 3569 1712 3666 itaque
1725 3593 1804 3644 cum
1819 3571 2024 3646 Placentinis

652 3755 695 3834 (a)
716 3755 752 3815 In
766 3755 866 3815 codlce
878 3757 1013 3812 rancum.

655 3857 696 3939 (b)
718 3859 755 3920 In
768 3859 868 3922 ccdlce
881 3863 938 3918 uel.

656 3966 692 4046 (r)
719 3967 785 4041 sle,
799 3964 998 4026 verisimillter
1011 3977 1064 4040 pro
1077 3956 1252 4022 intrudebat.

615 4129 907 4144 *lot-m

648 4229 687 4302 (4)
705 4227 743 4285 Ge
753 4225 800 4284 luit
813 4231 855 4284 eet
865 4223 940 4298 place
952 4237 1003 4297 par
1014 4221 1082 4280 lcan
1093 4221 1127 4278 de
1137 4221 1236 4280 blaesis
1250 4221 1375 4278 entl'lt.

650 4327 686 4398 (2)
704 4325 740 4382 Ce
749 4323 798 4382 fait
809 4328 851 4380 est
861 4321 937 4396 place
949 4320 1017 4377 dans
1030 4319 1057 4376 la
1067 4318 1155 4376 meme
1165 4317 1311 4391 chronique
1320 4331 1355 4374 en
1365 4317 1444 4374 lllil.

651 4425 688 4497 (3)
706 4423 743 4480 be
755 4419 895 4478 dimunche
907 4417 1074 4478 aureuma.

650 4523 689 4592 (4)
708 4520 745 4577 be
756 4517 860 4576 eamedi
873 4517 988 4574 salnten
1001 4517 1072 4572 44744
1084 4511 1199 4571 tombuit
1217 4509 1243 4569 le
1261 4513 1295 4570 ⁴2
1315 4511 1392 4569 avril.
1405 4511 1478 4570 C’est
1495 4509 1565 4569 done
1580 4509 1716 4586 perenite
1727 4509 1809 4568 d’une
1827 4525 1922 4570 erreur
1933 4527 1986 4585 que
1999 4511 2026 4570 le

615 4625 672 4677 mot
682 4615 811 4674 kalendas
823 4619 865 4671 est
874 4613 962 4685 ajoute
974 4613 1042 4670 dans
1052 4612 1078 4670 le
1088 4611 1243 4668 manuscrit.

652 4713 687 4788 (44)
705 4714 728 4770 Α
742 4711 768 4771 la
779 4727 881 4786 mmge,
891 4711 937 4785 ily
947 4725 1026 4768 aune
1037 4715 1100 4768 note
1111 4709 1158 4784 qui
1167 4707 1255 4783 paralt
1263 4705 1345 4768 ecrite
1352 4721 1415 4768 vers
1422 4704 1449 4765 la
1457 4703 1494 4763 dn
1502 4705 1539 4763 du
1546 4705 1725 4780 quaemene
1732 4704 1897 4779 ribelmund
1906 4721 2022 4780 canpe:
