<?xml version="1.0" encoding="UTF-8"?>
<!DOCTYPE html PUBLIC "-//W3C//DTD XHTML 1.0 Transitional//EN"
    "http://www.w3.org/TR/xhtml1/DTD/xhtml1-transitional.dtd">
<html xmlns="http://www.w3.org/1999/xhtml" xml:lang="en" lang="en">
 <head>
  <title>
</title>
<meta http-equiv="Content-Type" content="text/html;charset=utf-8" />
  <meta name='ocr-system' content='tesseract 3.04.00' />
  <meta name='ocr-capabilities' content='ocr_page ocr_carea ocr_par ocr_line ocrx_word'/>
</head>
<body>
  <div class='ocr_page' id='page_1' title='image "./chroniconplacen00huilgoog_0309.png"; bbox 0 0 4554 6080; ppageno 0'>
   <div class='ocr_carea' id='block_1_1' title="bbox 571 675 1512 743">
    <p class='ocr_par' dir='ltr' id='par_1_1' title="bbox 571 675 1512 743">
     <span class='ocr_line' id='line_1_1' title="bbox 571 675 1512 743; baseline 0.002 -5"><span class='ocrx_word' id='word_1_1' title='bbox 571 675 633 738; x_wconf 77' lang='lat'><strong>250</strong></span> <span class='ocrx_word' id='word_1_2' title='bbox 1043 679 1282 743; x_wconf 82' lang='lat' dir='ltr'><strong>CHRONICON</strong></span> <span class='ocrx_word' id='word_1_3' title='bbox 1308 683 1360 742; x_wconf 78' lang='grc' dir='ltr'><strong>ΒΕ</strong></span> <span class='ocrx_word' id='word_1_4' title='bbox 1384 681 1512 742; x_wconf 75' lang='lat' dir='ltr'><strong>asbus</strong></span> 
     </span>
    </p>
   </div>
   <div class='ocr_carea' id='block_1_2' title="bbox 561 811 1982 3991">
    <p class='ocr_par' dir='ltr' id='par_1_2' title="bbox 570 811 1982 1161">
     <span class='ocr_line' id='line_1_2' title="bbox 572 811 1979 911; baseline 0.001 -27"><span class='ocrx_word' id='word_1_5' title='bbox 572 811 766 884; x_wconf 83' lang='lat' dir='ltr'>carceribus</span> <span class='ocrx_word' id='word_1_6' title='bbox 790 812 1045 886; x_wconf 82' lang='lat' dir='ltr'><strong>conduxerunt.</strong></span> <span class='ocrx_word' id='word_1_7' title='bbox 1066 817 1210 889; x_wconf 87' lang='lat' dir='ltr'><strong>Domum</strong></span> <span class='ocrx_word' id='word_1_8' title='bbox 1231 818 1475 890; x_wconf 89' lang='lat' dir='ltr'><strong>combuscruut</strong></span> <span class='ocrx_word' id='word_1_9' title='bbox 1493 815 1703 911; x_wconf 91' lang='lat' dir='ltr'><strong>Gropalum,</strong></span> <span class='ocrx_word' id='word_1_10' title='bbox 1722 813 1979 903; x_wconf 82' lang='lat' dir='ltr'><strong>Centenarium,</strong></span> 
     </span>
     <span class='ocr_line' id='line_1_3' title="bbox 571 935 1982 1035; baseline 0.003 -27"><span class='ocrx_word' id='word_1_11' title='bbox 571 935 715 1008; x_wconf 91' lang='lat' dir='ltr'><strong>Conium</strong></span> <span class='ocrx_word' id='word_1_12' title='bbox 731 945 765 1008; x_wconf 91' lang='lat' dir='ltr'><strong>et</strong></span> <span class='ocrx_word' id='word_1_13' title='bbox 777 937 841 1009; x_wconf 89' lang='lat' dir='ltr'><strong>alia</strong></span> <span class='ocrx_word' id='word_1_14' title='bbox 853 938 941 1028; x_wconf 88' lang='lat' dir='ltr'><strong>loca,</strong></span> <span class='ocrx_word' id='word_1_15' title='bbox 958 940 1204 1034; x_wconf 78' lang='lat' dir='ltr'><strong>Monteregium</strong></span> <span class='ocrx_word' id='word_1_16' title='bbox 1217 949 1251 1013; x_wconf 92' lang='lat' dir='ltr'><strong>et</strong></span> <span class='ocrx_word' id='word_1_17' title='bbox 1265 942 1520 1014; x_wconf 81' lang='lat' dir='ltr'><strong>Patroclauuam</strong></span> <span class='ocrx_word' id='word_1_18' title='bbox 1532 937 1581 1035; x_wconf 84' lang='lat' dir='ltr'><strong>(a)</strong></span> <span class='ocrx_word' id='word_1_19' title='bbox 1598 938 1837 1032; x_wconf 77' lang='lat' dir='ltr'><strong>guaruierunt.</strong></span> <span class='ocrx_word' id='word_1_20' title='bbox 1852 937 1982 1012; x_wconf 81' lang='lat' dir='ltr'><strong>Deinde</strong></span> 
     </span>
     <span class='ocr_line' id='line_1_4' title="bbox 570 1060 1669 1161; baseline 0.004 -30"><span class='ocrx_word' id='word_1_21' title='bbox 570 1061 663 1156; x_wconf 91' lang='lat' dir='ltr'><strong>ipsos</strong></span> <span class='ocrx_word' id='word_1_22' title='bbox 685 1063 909 1156; x_wconf 82' lang='lat' dir='ltr'><strong>prexouerios</strong></span> <span class='ocrx_word' id='word_1_23' title='bbox 931 1060 937 1161; x_wconf 86' lang='grc' dir='ltr'>Ι</span> <span class='ocrx_word' id='word_1_24' title='bbox 958 1084 1077 1137; x_wconf 89' lang='lat' dir='ltr'><strong>omues</strong></span> <span class='ocrx_word' id='word_1_25' title='bbox 1094 1075 1179 1161; x_wconf 92' lang='lat' dir='ltr'><strong>aput</strong></span> <span class='ocrx_word' id='word_1_26' title='bbox 1197 1066 1396 1139; x_wconf 81' lang='lat' dir='ltr'><strong>Cremonam</strong></span> <span class='ocrx_word' id='word_1_27' title='bbox 1414 1063 1669 1138; x_wconf 83' lang='lat' dir='ltr'><strong>conduxerunt.</strong></span> 
     </span>
    </p>

    <p class='ocr_par' dir='ltr' id='par_1_3' title="bbox 561 1185 1979 3379">
     <span class='ocr_line' id='line_1_5' title="bbox 618 1185 1978 1282; baseline 0 -25"><span class='ocrx_word' id='word_1_28' title='bbox 618 1185 748 1257; x_wconf 83' lang='lat' dir='ltr'><strong>Eodem</strong></span> <span class='ocrx_word' id='word_1_29' title='bbox 765 1195 917 1281; x_wconf 89' lang='lat' dir='ltr'><strong>tempore</strong></span> <span class='ocrx_word' id='word_1_30' title='bbox 935 1187 1139 1282; x_wconf 88' lang='lat' dir='ltr'><strong>inceperunt</strong></span> <span class='ocrx_word' id='word_1_31' title='bbox 1157 1191 1278 1262; x_wconf 90' lang='lat' dir='ltr'><strong>venire</strong></span> <span class='ocrx_word' id='word_1_32' title='bbox 1297 1191 1464 1264; x_wconf 79' lang='lat' dir='ltr'><strong>devemus</strong></span> <span class='ocrx_word' id='word_1_33' title='bbox 1480 1189 1621 1261; x_wconf 82' lang='lat' dir='ltr'><strong>Romam</strong></span> <span class='ocrx_word' id='word_1_34' title='bbox 1638 1187 1797 1260; x_wconf 88' lang='lat' dir='ltr'><strong>homiues</strong></span> <span class='ocrx_word' id='word_1_35' title='bbox 1813 1185 1899 1259; x_wconf 91' lang='lat' dir='ltr'><strong>nudi</strong></span> <span class='ocrx_word' id='word_1_36' title='bbox 1918 1187 1978 1281; x_wconf 90' lang='lat' dir='ltr'><strong>qui</strong></span> 
     </span>
     <span class='ocr_line' id='line_1_6' title="bbox 568 1307 1979 1408; baseline 0.001 -28"><span class='ocrx_word' id='word_1_37' title='bbox 568 1327 607 1380; x_wconf 88' lang='lat' dir='ltr'><strong>se</strong></span> <span class='ocrx_word' id='word_1_38' title='bbox 626 1307 670 1381; x_wconf 90' lang='lat' dir='ltr'><strong>de</strong></span> <span class='ocrx_word' id='word_1_39' title='bbox 682 1309 783 1380; x_wconf 91' lang='lat' dir='ltr'><strong>coriis</strong></span> <span class='ocrx_word' id='word_1_40' title='bbox 799 1309 1043 1403; x_wconf 85' lang='lat' dir='ltr'><strong>verberabant,</strong></span> <span class='ocrx_word' id='word_1_41' title='bbox 1063 1309 1265 1386; x_wconf 90' lang='lat' dir='ltr'><strong>invocantes</strong></span> <span class='ocrx_word' id='word_1_42' title='bbox 1281 1335 1400 1408; x_wconf 88' lang='lat' dir='ltr'><strong>paoem</strong></span> <span class='ocrx_word' id='word_1_43' title='bbox 1417 1321 1452 1386; x_wconf 91' lang='lat' dir='ltr'><strong>et</strong></span> <span class='ocrx_word' id='word_1_44' title='bbox 1468 1312 1603 1384; x_wconf 84' lang='lat' dir='ltr'><strong>beatam</strong></span> <span class='ocrx_word' id='word_1_45' title='bbox 1621 1311 1776 1399; x_wconf 88' lang='lat' dir='ltr'><strong>Mariam,</strong></span> <span class='ocrx_word' id='word_1_46' title='bbox 1797 1311 1859 1404; x_wconf 92' lang='lat' dir='ltr'><strong>qui</strong></span> <span class='ocrx_word' id='word_1_47' title='bbox 1873 1332 1979 1382; x_wconf 90' lang='lat' dir='ltr'><strong>vene·</strong></span> 
     </span>
     <span class='ocr_line' id='line_1_7' title="bbox 569 1433 1979 1530; baseline 0.001 -28"><span class='ocrx_word' id='word_1_48' title='bbox 569 1441 649 1503; x_wconf 91' lang='lat' dir='ltr'><strong>ruut</strong></span> <span class='ocrx_word' id='word_1_49' title='bbox 667 1454 779 1527; x_wconf 89' lang='lat' dir='ltr'><strong>usque</strong></span> <span class='ocrx_word' id='word_1_50' title='bbox 792 1433 993 1506; x_wconf 85' lang='lat' dir='ltr'><strong>Bononiam.</strong></span> <span class='ocrx_word' id='word_1_51' title='bbox 1014 1435 1090 1520; x_wconf 88' lang='lat' dir='ltr'><strong>Quo</strong></span> <span class='ocrx_word' id='word_1_52' title='bbox 1104 1436 1179 1508; x_wconf 93' lang='lat' dir='ltr'><strong>viso</strong></span> <span class='ocrx_word' id='word_1_53' title='bbox 1197 1437 1428 1510; x_wconf 80' lang='lat' dir='ltr'><strong>bononienses</strong></span> <span class='ocrx_word' id='word_1_54' title='bbox 1446 1442 1611 1530; x_wconf 90' lang='lat' dir='ltr'><strong>ceperunt</strong></span> <span class='ocrx_word' id='word_1_55' title='bbox 1622 1443 1656 1506; x_wconf 92' lang='lat' dir='ltr'><strong>et</strong></span> <span class='ocrx_word' id='word_1_56' title='bbox 1672 1433 1738 1529; x_wconf 89' lang='lat' dir='ltr'><strong>ipsi</strong></span> <span class='ocrx_word' id='word_1_57' title='bbox 1756 1433 1979 1506; x_wconf 89' lang='lat' dir='ltr'><strong>communiter</strong></span> 
     </span>
     <span class='ocr_line' id='line_1_8' title="bbox 568 1555 1978 1652; baseline 0.002 -26"><span class='ocrx_word' id='word_1_58' title='bbox 568 1562 637 1626; x_wconf 88' lang='lat' dir='ltr'><strong>tam</strong></span> <span class='ocrx_word' id='word_1_59' title='bbox 654 1555 778 1628; x_wconf 85' lang='lat' dir='ltr'><strong>milites</strong></span> <span class='ocrx_word' id='word_1_60' title='bbox 796 1579 901 1650; x_wconf 89' lang='lat' dir='ltr'><strong>quam</strong></span> <span class='ocrx_word' id='word_1_61' title='bbox 912 1557 1046 1652; x_wconf 86' lang='lat' dir='ltr'><strong>pedites</strong></span> <span class='ocrx_word' id='word_1_62' title='bbox 1058 1567 1093 1630; x_wconf 92' lang='lat' dir='ltr'><strong>et</strong></span> <span class='ocrx_word' id='word_1_63' title='bbox 1105 1559 1217 1632; x_wconf 90' lang='lat' dir='ltr'><strong>omnis</strong></span> <span class='ocrx_word' id='word_1_64' title='bbox 1232 1561 1332 1633; x_wconf 92' lang='lat' dir='ltr'><strong>turba</strong></span> <span class='ocrx_word' id='word_1_65' title='bbox 1345 1582 1383 1633; x_wconf 88' lang='lat' dir='ltr'><strong>se</strong></span> <span class='ocrx_word' id='word_1_66' title='bbox 1397 1559 1520 1633; x_wconf 89' lang='lat' dir='ltr'><strong>eodem</strong></span> <span class='ocrx_word' id='word_1_67' title='bbox 1533 1557 1638 1631; x_wconf 91' lang='lat' dir='ltr'><strong>modo</strong></span> <span class='ocrx_word' id='word_1_68' title='bbox 1655 1557 1836 1631; x_wconf 88' lang='lat' dir='ltr'><strong>verberare</strong></span> <span class='ocrx_word' id='word_1_69' title='bbox 1849 1566 1885 1630; x_wconf 92' lang='lat' dir='ltr'><strong>et</strong></span> <span class='ocrx_word' id='word_1_70' title='bbox 1894 1556 1978 1630; x_wconf 90' lang='lat' dir='ltr'><strong>iude</strong></span> 
     </span>
     <span class='ocr_line' id='line_1_9' title="bbox 569 1667 1977 1776; baseline 0.004 -28"><span class='ocrx_word' id='word_1_71' title='bbox 569 1689 738 1750; x_wconf 89' lang='lat' dir='ltr'><strong>venerunt</strong></span> <span class='ocrx_word' id='word_1_72' title='bbox 760 1680 991 1753; x_wconf 89' lang='lat' dir='ltr'><strong>Bononienses</strong></span> <span class='ocrx_word' id='word_1_73' title='bbox 1017 1703 1128 1776; x_wconf 86' lang='lat' dir='ltr'><strong>usquc</strong></span> <span class='ocrx_word' id='word_1_74' title='bbox 1152 1683 1332 1756; x_wconf 83' lang='lat' dir='ltr'><strong>Mutinam.</strong></span> <span class='ocrx_word' id='word_1_75' title='bbox 1358 1683 1520 1756; x_wconf 89' lang='lat' dir='ltr'><strong>Similiter</strong></span> <span class='ocrx_word' id='word_1_76' title='bbox 1540 1667 1753 1754; x_wconf 86' lang='lat' dir='ltr'><strong>lllutiuauses</strong></span> <span class='ocrx_word' id='word_1_77' title='bbox 1777 1679 1864 1752; x_wconf 90' lang='lat' dir='ltr'><strong>illud</strong></span> <span class='ocrx_word' id='word_1_78' title='bbox 1887 1680 1977 1754; x_wconf 90' lang='lat' dir='ltr'><strong>idam</strong></span> 
     </span>
     <span class='ocr_line' id='line_1_10' title="bbox 567 1801 1978 1898; baseline 0.004 -28"><span class='ocrx_word' id='word_1_79' title='bbox 567 1801 721 1873; x_wconf 87' lang='lat' dir='ltr'><strong>lecerunt</strong></span> <span class='ocrx_word' id='word_1_80' title='bbox 735 1803 908 1876; x_wconf 91' lang='lat' dir='ltr'><strong>veniendo</strong></span> <span class='ocrx_word' id='word_1_81' title='bbox 921 1826 1033 1898; x_wconf 86' lang='lat' dir='ltr'><strong>usque</strong></span> <span class='ocrx_word' id='word_1_82' title='bbox 1047 1805 1205 1898; x_wconf 81' lang='lat' dir='ltr'><strong>Regium.</strong></span> <span class='ocrx_word' id='word_1_83' title='bbox 1223 1807 1387 1879; x_wconf 87' lang='lat' dir='ltr'><strong>Similiter</strong></span> <span class='ocrx_word' id='word_1_84' title='bbox 1397 1805 1520 1898; x_wconf 79' lang='lat' dir='ltr'><strong>Regini</strong></span> <span class='ocrx_word' id='word_1_85' title='bbox 1535 1803 1621 1876; x_wconf 91' lang='lat' dir='ltr'><strong>illud</strong></span> <span class='ocrx_word' id='word_1_86' title='bbox 1638 1803 1734 1876; x_wconf 92' lang='lat' dir='ltr'><strong>idem</strong></span> <span class='ocrx_word' id='word_1_87' title='bbox 1750 1805 1903 1875; x_wconf 88' lang='lat' dir='ltr'><strong>lecerunt</strong></span> <span class='ocrx_word' id='word_1_88' title='bbox 1918 1823 1978 1876; x_wconf 91' lang='lat' dir='ltr'><strong>ve-</strong></span> 
     </span>
     <span class='ocr_line' id='line_1_11' title="bbox 566 1925 1979 2019; baseline 0.004 -25"><span class='ocrx_word' id='word_1_89' title='bbox 566 1925 698 1996; x_wconf 89' lang='lat' dir='ltr'><strong>nientes</strong></span> <span class='ocrx_word' id='word_1_90' title='bbox 714 1947 825 2019; x_wconf 92' lang='lat' dir='ltr'><strong>usque</strong></span> <span class='ocrx_word' id='word_1_91' title='bbox 844 1927 1013 2000; x_wconf 84' lang='lat' dir='ltr'><strong>Parmam.</strong></span> <span class='ocrx_word' id='word_1_92' title='bbox 1039 1928 1239 2002; x_wconf 91' lang='lat' dir='ltr'><strong>Parmenses</strong></span> <span class='ocrx_word' id='word_1_93' title='bbox 1257 1929 1343 2003; x_wconf 92' lang='lat' dir='ltr'><strong>illud</strong></span> <span class='ocrx_word' id='word_1_94' title='bbox 1361 1929 1455 2002; x_wconf 90' lang='lat' dir='ltr'><strong>idem</strong></span> <span class='ocrx_word' id='word_1_95' title='bbox 1480 1929 1635 2000; x_wconf 89' lang='lat' dir='ltr'><strong>iecerunt</strong></span> <span class='ocrx_word' id='word_1_96' title='bbox 1654 1926 1804 2000; x_wconf 90' lang='lat' dir='ltr'><strong>volendo</strong></span> <span class='ocrx_word' id='word_1_97' title='bbox 1820 1927 1870 1998; x_wconf 90' lang='lat' dir='ltr'><strong>irc</strong></span> <span class='ocrx_word' id='word_1_98' title='bbox 1890 1925 1979 1999; x_wconf 93' lang='lat' dir='ltr'><strong>Cre-</strong></span> 
     </span>
     <span class='ocr_line' id='line_1_12' title="bbox 567 2049 1979 2126; baseline 0.004 -9"><span class='ocrx_word' id='word_1_99' title='bbox 567 2067 716 2118; x_wconf 88' lang='lat' dir='ltr'><strong>monam.</strong></span> <span class='ocrx_word' id='word_1_100' title='bbox 732 2050 803 2121; x_wconf 87' lang='lat' dir='ltr'><strong>Hac</strong></span> <span class='ocrx_word' id='word_1_101' title='bbox 828 2051 944 2122; x_wconf 88' lang='lat' dir='ltr'><strong>omnia</strong></span> <span class='ocrx_word' id='word_1_102' title='bbox 967 2049 1095 2123; x_wconf 88' lang='lat' dir='ltr'><strong>fiebant</strong></span> <span class='ocrx_word' id='word_1_103' title='bbox 1111 2061 1149 2123; x_wconf 92' lang='lat' dir='ltr'><strong>ut</strong></span> <span class='ocrx_word' id='word_1_104' title='bbox 1172 2051 1346 2126; x_wconf 91' lang='lat' dir='ltr'><strong>discordia</strong></span> <span class='ocrx_word' id='word_1_105' title='bbox 1373 2061 1408 2125; x_wconf 91' lang='lat' dir='ltr'><strong>et</strong></span> <span class='ocrx_word' id='word_1_106' title='bbox 1430 2051 1560 2124; x_wconf 91' lang='lat' dir='ltr'><strong>malum</strong></span> <span class='ocrx_word' id='word_1_107' title='bbox 1584 2050 1730 2123; x_wconf 88' lang='lat' dir='ltr'><strong>oriretur</strong></span> <span class='ocrx_word' id='word_1_108' title='bbox 1751 2051 1787 2120; x_wconf 92' lang='lat' dir='ltr'><strong>iu</strong></span> <span class='ocrx_word' id='word_1_109' title='bbox 1813 2049 1979 2123; x_wconf 82' lang='lat' dir='ltr'><strong>Cremona</strong></span> 
     </span>
     <span class='ocr_line' id='line_1_13' title="bbox 565 2173 1979 2272; baseline 0.004 -31"><span class='ocrx_word' id='word_1_110' title='bbox 565 2181 604 2242; x_wconf 94' lang='lat' dir='ltr'><strong>ut</strong></span> <span class='ocrx_word' id='word_1_111' title='bbox 615 2173 766 2247; x_wconf 90' lang='lat' dir='ltr'><strong>marchio</strong></span> <span class='ocrx_word' id='word_1_112' title='bbox 776 2173 935 2269; x_wconf 85' lang='lat' dir='ltr'><strong>perderet</strong></span> <span class='ocrx_word' id='word_1_113' title='bbox 947 2175 1406 2251; x_wconf 84' lang='lat' dir='ltr'><strong>dominiumllerumtameu</strong></span> <span class='ocrx_word' id='word_1_114' title='bbox 1419 2178 1493 2272; x_wconf 87' lang='lat' dir='ltr'><strong>ipse</strong></span> <span class='ocrx_word' id='word_1_115' title='bbox 1505 2177 1594 2249; x_wconf 91' lang='lat' dir='ltr'><strong>sicut</strong></span> <span class='ocrx_word' id='word_1_116' title='bbox 1604 2177 1741 2271; x_wconf 88' lang='lat' dir='ltr'><strong>sapiens</strong></span> <span class='ocrx_word' id='word_1_117' title='bbox 1754 2175 1834 2248; x_wconf 89' lang='lat' dir='ltr'><strong>iecit</strong></span> <span class='ocrx_word' id='word_1_118' title='bbox 1847 2175 1979 2248; x_wconf 85' lang='lat' dir='ltr'><strong>fulchas</strong></span> 
     </span>
     <span class='ocr_line' id='line_1_14' title="bbox 563 2295 1978 2404; baseline 0.002 -37"><span class='ocrx_word' id='word_1_119' title='bbox 563 2295 599 2367; x_wconf 94' lang='lat' dir='ltr'><strong>iu</strong></span> <span class='ocrx_word' id='word_1_120' title='bbox 617 2297 758 2404; x_wconf 82' lang='lat' dir='ltr'><strong>introitu</strong></span> <span class='ocrx_word' id='word_1_121' title='bbox 781 2299 999 2394; x_wconf 86' lang='lat' dir='ltr'><strong>episcopatus</strong></span> <span class='ocrx_word' id='word_1_122' title='bbox 1018 2300 1184 2373; x_wconf 89' lang='lat' dir='ltr'><strong>Cremoue</strong></span> <span class='ocrx_word' id='word_1_123' title='bbox 1204 2299 1361 2394; x_wconf 92' lang='lat' dir='ltr'><strong>undique</strong></span> <span class='ocrx_word' id='word_1_124' title='bbox 1386 2299 1508 2390; x_wconf 86' lang='lat' dir='ltr'><strong>ficare,</strong></span> <span class='ocrx_word' id='word_1_125' title='bbox 1535 2299 1756 2395; x_wconf 87' lang='lat' dir='ltr'><strong>precipiendo</strong></span> <span class='ocrx_word' id='word_1_126' title='bbox 1777 2297 1874 2393; x_wconf 92' lang='lat' dir='ltr'><strong>quod</strong></span> <span class='ocrx_word' id='word_1_127' title='bbox 1899 2299 1978 2393; x_wconf 91' lang='lat' dir='ltr'><strong>qui·</strong></span> 
     </span>
     <span class='ocr_line' id='line_1_15' title="bbox 563 2419 1978 2520; baseline 0.001 -29"><span class='ocrx_word' id='word_1_128' title='bbox 563 2419 647 2493; x_wconf 93' lang='lat' dir='ltr'><strong>libet</strong></span> <span class='ocrx_word' id='word_1_129' title='bbox 670 2421 731 2516; x_wconf 90' lang='lat' dir='ltr'><strong>qui</strong></span> <span class='ocrx_word' id='word_1_130' title='bbox 760 2422 891 2494; x_wconf 90' lang='lat' dir='ltr'><strong>veniret</strong></span> <span class='ocrx_word' id='word_1_131' title='bbox 915 2444 952 2494; x_wconf 91' lang='lat' dir='ltr'><strong>se</strong></span> <span class='ocrx_word' id='word_1_132' title='bbox 977 2423 1195 2496; x_wconf 89' lang='lat' dir='ltr'><strong>verberatum</strong></span> <span class='ocrx_word' id='word_1_133' title='bbox 1224 2423 1314 2496; x_wconf 93' lang='lat' dir='ltr'><strong>illioo</strong></span> <span class='ocrx_word' id='word_1_134' title='bbox 1342 2424 1629 2520; x_wconf 74' lang='lat' dir='ltr'><strong>suspenderetur,</strong></span> <span class='ocrx_word' id='word_1_135' title='bbox 1652 2421 1748 2495; x_wconf 93' lang='lat' dir='ltr'><strong>unde</strong></span> <span class='ocrx_word' id='word_1_136' title='bbox 1767 2423 1884 2494; x_wconf 90' lang='lat' dir='ltr'><strong>nullus</strong></span> <span class='ocrx_word' id='word_1_137' title='bbox 1913 2423 1978 2494; x_wconf 86' lang='lat' dir='ltr'><strong>init</strong></span> 
     </span>
     <span class='ocr_line' id='line_1_16' title="bbox 562 2544 1977 2637; baseline -0.001 -19"><span class='ocrx_word' id='word_1_138' title='bbox 562 2565 669 2618; x_wconf 89' lang='lat' dir='ltr'><strong>ausus</strong></span> <span class='ocrx_word' id='word_1_139' title='bbox 687 2544 817 2618; x_wconf 89' lang='lat' dir='ltr'><strong>venire.</strong></span> <span class='ocrx_word' id='word_1_140' title='bbox 833 2545 967 2618; x_wconf 88' lang='lat' dir='ltr'><strong>Deinde</strong></span> <span class='ocrx_word' id='word_1_141' title='bbox 982 2547 1037 2618; x_wconf 90' lang='lat' dir='ltr'><strong>isti</strong></span> <span class='ocrx_word' id='word_1_142' title='bbox 1051 2547 1253 2620; x_wconf 89' lang='lat' dir='ltr'><strong>Parmausas</strong></span> <span class='ocrx_word' id='word_1_143' title='bbox 1269 2547 1437 2619; x_wconf 89' lang='lat' dir='ltr'><strong>miseruut</strong></span> <span class='ocrx_word' id='word_1_144' title='bbox 1450 2547 1657 2620; x_wconf 86' lang='lat' dir='ltr'><strong>Placentiam</strong></span> <span class='ocrx_word' id='word_1_145' title='bbox 1674 2547 1927 2637; x_wconf 87' lang='lat' dir='ltr'><strong>verberatores,</strong></span> <span class='ocrx_word' id='word_1_146' title='bbox 1941 2555 1977 2619; x_wconf 86' lang='lat' dir='ltr'><strong>et</strong></span> 
     </span>
     <span class='ocr_line' id='line_1_17' title="bbox 563 2667 1977 2766; baseline 0.001 -27"><span class='ocrx_word' id='word_1_147' title='bbox 563 2667 609 2740; x_wconf 89' lang='lat' dir='ltr'><strong>ita</strong></span> <span class='ocrx_word' id='word_1_148' title='bbox 625 2668 823 2760; x_wconf 88' lang='lat' dir='ltr'><strong>Placentini,</strong></span> <span class='ocrx_word' id='word_1_149' title='bbox 839 2669 897 2742; x_wconf 87' lang='lat' dir='ltr'><strong>alii</strong></span> <span class='ocrx_word' id='word_1_150' title='bbox 910 2691 972 2765; x_wconf 95' lang='lat' dir='ltr'><strong>pro</strong></span> <span class='ocrx_word' id='word_1_151' title='bbox 986 2669 1078 2742; x_wconf 92' lang='lat' dir='ltr'><strong>bono</strong></span> <span class='ocrx_word' id='word_1_152' title='bbox 1092 2679 1126 2742; x_wconf 92' lang='lat' dir='ltr'><strong>et</strong></span> <span class='ocrx_word' id='word_1_153' title='bbox 1143 2670 1202 2742; x_wconf 93' lang='lat' dir='ltr'><strong>alii</strong></span> <span class='ocrx_word' id='word_1_154' title='bbox 1220 2691 1283 2766; x_wconf 94' lang='lat' dir='ltr'><strong>pro</strong></span> <span class='ocrx_word' id='word_1_155' title='bbox 1299 2671 1390 2741; x_wconf 90' lang='lat' dir='ltr'><strong>malo</strong></span> <span class='ocrx_word' id='word_1_156' title='bbox 1409 2671 1569 2764; x_wconf 77' lang='lat' dir='ltr'><strong>ingenio,</strong></span> <span class='ocrx_word' id='word_1_157' title='bbox 1587 2669 1790 2763; x_wconf 90' lang='lat' dir='ltr'><strong>inceperunt</strong></span> <span class='ocrx_word' id='word_1_158' title='bbox 1803 2689 1842 2740; x_wconf 88' lang='lat' dir='ltr'><strong>se</strong></span> <span class='ocrx_word' id='word_1_159' title='bbox 1854 2668 1977 2741; x_wconf 90' lang='lat' dir='ltr'><strong>verbe-</strong></span> 
     </span>
     <span class='ocr_line' id='line_1_18' title="bbox 562 2790 1975 2888; baseline -0.002 -24"><span class='ocrx_word' id='word_1_160' title='bbox 562 2812 639 2864; x_wconf 86' lang='lat' dir='ltr'><strong>rare</strong></span> <span class='ocrx_word' id='word_1_161' title='bbox 654 2791 854 2864; x_wconf 90' lang='lat' dir='ltr'><strong>invocantes</strong></span> <span class='ocrx_word' id='word_1_162' title='bbox 874 2813 1012 2888; x_wconf 82' lang='lat' dir='ltr'><strong>paoem,</strong></span> <span class='ocrx_word' id='word_1_163' title='bbox 1029 2801 1064 2864; x_wconf 90' lang='lat' dir='ltr'><strong>et</strong></span> <span class='ocrx_word' id='word_1_164' title='bbox 1080 2793 1131 2865; x_wconf 91' lang='lat' dir='ltr'><strong>sic</strong></span> <span class='ocrx_word' id='word_1_165' title='bbox 1153 2793 1388 2866; x_wconf 89' lang='lat' dir='ltr'><strong>verberatores</strong></span> <span class='ocrx_word' id='word_1_166' title='bbox 1414 2795 1530 2888; x_wconf 90' lang='lat' dir='ltr'><strong>plures</strong></span> <span class='ocrx_word' id='word_1_167' title='bbox 1550 2792 1718 2865; x_wconf 92' lang='lat' dir='ltr'><strong>miserunt</strong></span> <span class='ocrx_word' id='word_1_168' title='bbox 1735 2791 1896 2885; x_wconf 90' lang='lat' dir='ltr'><strong>Papiam,</strong></span> <span class='ocrx_word' id='word_1_169' title='bbox 1914 2790 1975 2885; x_wconf 92' lang='lat' dir='ltr'><strong>qui</strong></span> 
     </span>
     <span class='ocr_line' id='line_1_19' title="bbox 561 2915 1975 3012; baseline -0.001 -24"><span class='ocrx_word' id='word_1_170' title='bbox 561 2915 745 3012; x_wconf 88' lang='lat' dir='ltr'><strong>Papieuses</strong></span> <span class='ocrx_word' id='word_1_171' title='bbox 766 2916 866 2988; x_wconf 86' lang='lat' dir='ltr'><strong>simili</strong></span> <span class='ocrx_word' id='word_1_172' title='bbox 885 2917 990 2990; x_wconf 94' lang='lat' dir='ltr'><strong>modo</strong></span> <span class='ocrx_word' id='word_1_173' title='bbox 1005 2939 1043 2989; x_wconf 91' lang='lat' dir='ltr'><strong>se</strong></span> <span class='ocrx_word' id='word_1_174' title='bbox 1057 2917 1338 2990; x_wconf 87' lang='lat' dir='ltr'><strong>verberaverunt.</strong></span> <span class='ocrx_word' id='word_1_175' title='bbox 1362 2915 1418 2989; x_wconf 80' lang='lat' dir='ltr'><strong>Ad</strong></span> <span class='ocrx_word' id='word_1_176' title='bbox 1437 2915 1669 2991; x_wconf 84' lang='lat' dir='ltr'><strong>Mediolanum</strong></span> <span class='ocrx_word' id='word_1_177' title='bbox 1688 2937 1771 2988; x_wconf 92' lang='lat' dir='ltr'><strong>vero</strong></span> <span class='ocrx_word' id='word_1_178' title='bbox 1786 2915 1870 3010; x_wconf 90' lang='lat' dir='ltr'><strong>quia</strong></span> <span class='ocrx_word' id='word_1_179' title='bbox 1886 2937 1975 2987; x_wconf 89' lang='lat' dir='ltr'><strong>mar·</strong></span> 
     </span>
     <span class='ocr_line' id='line_1_20' title="bbox 562 3037 1975 3132; baseline -0.001 -21"><span class='ocrx_word' id='word_1_180' title='bbox 562 3039 641 3112; x_wconf 94' lang='lat' dir='ltr'><strong>chio</strong></span> <span class='ocrx_word' id='word_1_181' title='bbox 658 3039 745 3113; x_wconf 91' lang='lat' dir='ltr'><strong>illud</strong></span> <span class='ocrx_word' id='word_1_182' title='bbox 768 3039 861 3113; x_wconf 92' lang='lat' dir='ltr'><strong>idem</strong></span> <span class='ocrx_word' id='word_1_183' title='bbox 885 3041 1010 3113; x_wconf 83' lang='lat' dir='ltr'><strong>lecerat</strong></span> <span class='ocrx_word' id='word_1_184' title='bbox 1028 3039 1074 3114; x_wconf 90' lang='lat' dir='ltr'><strong>de</strong></span> <span class='ocrx_word' id='word_1_185' title='bbox 1090 3041 1231 3131; x_wconf 89' lang='lat' dir='ltr'><strong>lulcbis,</strong></span> <span class='ocrx_word' id='word_1_186' title='bbox 1250 3042 1366 3114; x_wconf 92' lang='lat' dir='ltr'><strong>nullus</strong></span> <span class='ocrx_word' id='word_1_187' title='bbox 1389 3041 1454 3112; x_wconf 88' lang='lat' dir='ltr'><strong>luit</strong></span> <span class='ocrx_word' id='word_1_188' title='bbox 1468 3063 1576 3114; x_wconf 92' lang='lat' dir='ltr'><strong>ausus</strong></span> <span class='ocrx_word' id='word_1_189' title='bbox 1594 3041 1661 3132; x_wconf 87' lang='lat' dir='ltr'><strong>ira;</strong></span> <span class='ocrx_word' id='word_1_190' title='bbox 1684 3047 1719 3114; x_wconf 90' lang='lat' dir='ltr'><strong>at</strong></span> <span class='ocrx_word' id='word_1_191' title='bbox 1739 3039 1790 3111; x_wconf 93' lang='lat' dir='ltr'><strong>sic</strong></span> <span class='ocrx_word' id='word_1_192' title='bbox 1804 3039 1869 3110; x_wconf 94' lang='lat' dir='ltr'><strong>ivit</strong></span> <span class='ocrx_word' id='word_1_193' title='bbox 1883 3037 1975 3110; x_wconf 91' lang='lat' dir='ltr'><strong>istud</strong></span> 
     </span>
     <span class='ocr_line' id='line_1_21' title="bbox 563 3161 1976 3259; baseline -0.001 -26"><span class='ocrx_word' id='word_1_194' title='bbox 563 3163 690 3236; x_wconf 87' lang='lat' dir='ltr'><strong>luctum</strong></span> <span class='ocrx_word' id='word_1_195' title='bbox 707 3163 807 3258; x_wconf 88' lang='lat' dir='ltr'><strong>quasi</strong></span> <span class='ocrx_word' id='word_1_196' title='bbox 825 3185 886 3259; x_wconf 91' lang='lat' dir='ltr'><strong>per</strong></span> <span class='ocrx_word' id='word_1_197' title='bbox 909 3173 1017 3237; x_wconf 93' lang='lat' dir='ltr'><strong>lotum</strong></span> <span class='ocrx_word' id='word_1_198' title='bbox 1034 3163 1217 3236; x_wconf 91' lang='lat' dir='ltr'><strong>muudum.</strong></span> <span class='ocrx_word' id='word_1_199' title='bbox 1238 3166 1482 3236; x_wconf 88' lang='lat' dir='ltr'><strong>Verumtamen</strong></span> <span class='ocrx_word' id='word_1_200' title='bbox 1502 3173 1640 3259; x_wconf 92' lang='lat' dir='ltr'><strong>propter</strong></span> <span class='ocrx_word' id='word_1_201' title='bbox 1665 3162 1731 3234; x_wconf 90' lang='lat' dir='ltr'><strong>boc</strong></span> <span class='ocrx_word' id='word_1_202' title='bbox 1749 3161 1856 3234; x_wconf 93' lang='lat' dir='ltr'><strong>multe</strong></span> <span class='ocrx_word' id='word_1_203' title='bbox 1878 3181 1976 3256; x_wconf 88' lang='lat' dir='ltr'><strong>paces</strong></span> 
     </span>
     <span class='ocr_line' id='line_1_22' title="bbox 562 3283 1708 3379; baseline -0.003 -21"><span class='ocrx_word' id='word_1_204' title='bbox 562 3285 651 3359; x_wconf 90' lang='lat' dir='ltr'><strong>iuter</strong></span> <span class='ocrx_word' id='word_1_205' title='bbox 667 3285 899 3360; x_wconf 87' lang='lat' dir='ltr'><strong>discordantes</strong></span> <span class='ocrx_word' id='word_1_206' title='bbox 916 3288 1004 3359; x_wconf 86' lang='lat' dir='ltr'><strong>lacte</strong></span> <span class='ocrx_word' id='word_1_207' title='bbox 1023 3287 1161 3358; x_wconf 86' lang='lat' dir='ltr'><strong>fuerunt</strong></span> <span class='ocrx_word' id='word_1_208' title='bbox 1177 3295 1211 3359; x_wconf 93' lang='lat' dir='ltr'><strong>et</strong></span> <span class='ocrx_word' id='word_1_209' title='bbox 1227 3288 1335 3359; x_wconf 89' lang='lat' dir='ltr'><strong>multa</strong></span> <span class='ocrx_word' id='word_1_210' title='bbox 1352 3287 1446 3359; x_wconf 90' lang='lat' dir='ltr'><strong>bona</strong></span> <span class='ocrx_word' id='word_1_211' title='bbox 1458 3295 1534 3359; x_wconf 91' lang='lat' dir='ltr'><strong>acta</strong></span> <span class='ocrx_word' id='word_1_212' title='bbox 1549 3294 1630 3357; x_wconf 89' lang='lat' dir='ltr'><strong>suut</strong></span> <span class='ocrx_word' id='word_1_213' title='bbox 1643 3283 1708 3379; x_wconf 82' lang='lat' dir='ltr'><strong>(l).</strong></span> 
     </span>
    </p>

    <p class='ocr_par' dir='ltr' id='par_1_4' title="bbox 562 3403 1978 3991">
     <span class='ocr_line' id='line_1_23' title="bbox 610 3403 1977 3502; baseline -0.004 -20"><span class='ocrx_word' id='word_1_214' title='bbox 610 3410 673 3483; x_wconf 89' lang='lat' dir='ltr'><strong>Dia</strong></span> <span class='ocrx_word' id='word_1_215' title='bbox 687 3411 770 3482; x_wconf 90' lang='lat' dir='ltr'><strong>lune</strong></span> <span class='ocrx_word' id='word_1_216' title='bbox 782 3411 840 3483; x_wconf 87' lang='lat' dir='ltr'><strong>vll</strong></span> <span class='ocrx_word' id='word_1_217' title='bbox 853 3411 982 3482; x_wconf 90' lang='lat' dir='ltr'><strong>mensis</strong></span> <span class='ocrx_word' id='word_1_218' title='bbox 997 3409 1174 3501; x_wconf 82' lang='lat' dir='ltr'><strong>februarii,</strong></span> <span class='ocrx_word' id='word_1_219' title='bbox 1190 3409 1352 3482; x_wconf 82' lang='lat' dir='ltr'><strong>Albartus</strong></span> <span class='ocrx_word' id='word_1_220' title='bbox 1370 3409 1416 3482; x_wconf 90' lang='lat' dir='ltr'><strong>da</strong></span> <span class='ocrx_word' id='word_1_221' title='bbox 1429 3411 1585 3482; x_wconf 86' lang='lat' dir='ltr'><strong>Fuutaua</strong></span> <span class='ocrx_word' id='word_1_222' title='bbox 1599 3407 1660 3502; x_wconf 90' lang='lat' dir='ltr'><strong>qui</strong></span> <span class='ocrx_word' id='word_1_223' title='bbox 1675 3405 1869 3479; x_wconf 91' lang='lat' dir='ltr'><strong>dominium</strong></span> <span class='ocrx_word' id='word_1_224' title='bbox 1888 3403 1977 3477; x_wconf 90' lang='lat' dir='ltr'><strong>illius</strong></span> 
     </span>
     <span class='ocr_line' id='line_1_24' title="bbox 563 3527 1976 3628; baseline -0.006 -23"><span class='ocrx_word' id='word_1_225' title='bbox 563 3533 710 3606; x_wconf 88' lang='lat' dir='ltr'><strong>civitatis</strong></span> <span class='ocrx_word' id='word_1_226' title='bbox 722 3555 802 3605; x_wconf 90' lang='lat' dir='ltr'><strong>cum</strong></span> <span class='ocrx_word' id='word_1_227' title='bbox 815 3555 878 3606; x_wconf 92' lang='lat' dir='ltr'><strong>sua</strong></span> <span class='ocrx_word' id='word_1_228' title='bbox 893 3532 1055 3606; x_wconf 89' lang='lat' dir='ltr'><strong>societate</strong></span> <span class='ocrx_word' id='word_1_229' title='bbox 1071 3535 1236 3605; x_wconf 90' lang='lat' dir='ltr'><strong>cumunie</strong></span> <span class='ocrx_word' id='word_1_230' title='bbox 1252 3531 1327 3628; x_wconf 84' lang='lat' dir='ltr'><strong>(sio)</strong></span> <span class='ocrx_word' id='word_1_231' title='bbox 1338 3531 1533 3623; x_wconf 90' lang='lat' dir='ltr'><strong>obtinebat,</strong></span> <span class='ocrx_word' id='word_1_232' title='bbox 1549 3541 1701 3626; x_wconf 88' lang='lat' dir='ltr'><strong>tempore</strong></span> <span class='ocrx_word' id='word_1_233' title='bbox 1712 3527 1845 3601; x_wconf 92' lang='lat' dir='ltr'><strong>domini</strong></span> <span class='ocrx_word' id='word_1_234' title='bbox 1858 3527 1976 3598; x_wconf 87' lang='lat' dir='ltr'><strong>Cathe-</strong></span> 
     </span>
     <span class='ocr_line' id='line_1_25' title="bbox 562 3651 1976 3748; baseline -0.004 -22"><span class='ocrx_word' id='word_1_235' title='bbox 562 3655 632 3726; x_wconf 91' lang='lat' dir='ltr'><strong>laui</strong></span> <span class='ocrx_word' id='word_1_236' title='bbox 643 3654 774 3728; x_wconf 92' lang='lat' dir='ltr'><strong>domiui</strong></span> <span class='ocrx_word' id='word_1_237' title='bbox 785 3655 953 3729; x_wconf 89' lang='lat' dir='ltr'><strong>Guidouis</strong></span> <span class='ocrx_word' id='word_1_238' title='bbox 967 3655 1011 3728; x_wconf 91' lang='lat' dir='ltr'><strong>de</strong></span> <span class='ocrx_word' id='word_1_239' title='bbox 1025 3655 1170 3729; x_wconf 90' lang='lat' dir='ltr'><strong>Domina</strong></span> <span class='ocrx_word' id='word_1_240' title='bbox 1182 3655 1275 3727; x_wconf 92' lang='lat' dir='ltr'><strong>Ostia</strong></span> <span class='ocrx_word' id='word_1_241' title='bbox 1286 3656 1373 3728; x_wconf 90' lang='lat' dir='ltr'><strong>civis</strong></span> <span class='ocrx_word' id='word_1_242' title='bbox 1387 3655 1541 3728; x_wconf 86' lang='lat' dir='ltr'><strong>Bononia</strong></span> <span class='ocrx_word' id='word_1_243' title='bbox 1554 3653 1728 3748; x_wconf 85' lang='lat' dir='ltr'><strong>potestatis</strong></span> <span class='ocrx_word' id='word_1_244' title='bbox 1738 3651 1924 3738; x_wconf 80' lang='lat' dir='ltr'><strong>Placentia,</strong></span> <span class='ocrx_word' id='word_1_245' title='bbox 1940 3651 1976 3721; x_wconf 92' lang='lat' dir='ltr'><strong>in</strong></span> 
     </span>
     <span class='ocr_line' id='line_1_26' title="bbox 563 3775 1977 3873; baseline -0.004 -23"><span class='ocrx_word' id='word_1_246' title='bbox 563 3799 640 3850; x_wconf 89' lang='lat' dir='ltr'><strong>sero</strong></span> <span class='ocrx_word' id='word_1_247' title='bbox 657 3779 872 3873; x_wconf 81' lang='lat' dir='ltr'><strong>congregatis</strong></span> <span class='ocrx_word' id='word_1_248' title='bbox 890 3779 975 3852; x_wconf 94' lang='lat' dir='ltr'><strong>viris</strong></span> <span class='ocrx_word' id='word_1_249' title='bbox 994 3779 1212 3851; x_wconf 90' lang='lat' dir='ltr'><strong>consortibus</strong></span> <span class='ocrx_word' id='word_1_250' title='bbox 1229 3799 1292 3849; x_wconf 93' lang='lat' dir='ltr'><strong>sue</strong></span> <span class='ocrx_word' id='word_1_251' title='bbox 1311 3777 1473 3872; x_wconf 91' lang='lat' dir='ltr'><strong>nequicie</strong></span> <span class='ocrx_word' id='word_1_252' title='bbox 1490 3777 1526 3847; x_wconf 92' lang='lat' dir='ltr'><strong>iu</strong></span> <span class='ocrx_word' id='word_1_253' title='bbox 1548 3785 1657 3848; x_wconf 90' lang='lat' dir='ltr'><strong>totum</strong></span> <span class='ocrx_word' id='word_1_254' title='bbox 1676 3775 1798 3846; x_wconf 89' lang='lat' dir='ltr'><strong>volans</strong></span> <span class='ocrx_word' id='word_1_255' title='bbox 1816 3793 1977 3867; x_wconf 89' lang='lat' dir='ltr'><strong>superare</strong></span> 
     </span>
     <span class='ocr_line' id='line_1_27' title="bbox 563 3895 1978 3991; baseline -0.005 -18"><span class='ocrx_word' id='word_1_256' title='bbox 563 3901 751 3991; x_wconf 84' lang='lat' dir='ltr'><strong>civitatem,</strong></span> <span class='ocrx_word' id='word_1_257' title='bbox 765 3911 895 3974; x_wconf 89' lang='lat' dir='ltr'><strong>armata</strong></span> <span class='ocrx_word' id='word_1_258' title='bbox 910 3924 1015 3973; x_wconf 90' lang='lat' dir='ltr'><strong>mauu</strong></span> <span class='ocrx_word' id='word_1_259' title='bbox 1030 3901 1094 3974; x_wconf 94' lang='lat' dir='ltr'><strong>ivit</strong></span> <span class='ocrx_word' id='word_1_260' title='bbox 1107 3903 1153 3974; x_wconf 92' lang='lat' dir='ltr'><strong>ad</strong></span> <span class='ocrx_word' id='word_1_261' title='bbox 1167 3903 1332 3972; x_wconf 90' lang='lat' dir='ltr'><strong>Sanctum</strong></span> <span class='ocrx_word' id='word_1_262' title='bbox 1344 3902 1567 3988; x_wconf 88' lang='lat' dir='ltr'><strong>Salvatorem,</strong></span> <span class='ocrx_word' id='word_1_263' title='bbox 1582 3920 1661 3970; x_wconf 91' lang='lat' dir='ltr'><strong>cum</strong></span> <span class='ocrx_word' id='word_1_264' title='bbox 1676 3897 1875 3970; x_wconf 90' lang='lat' dir='ltr'><strong>bominibus</strong></span> <span class='ocrx_word' id='word_1_265' title='bbox 1887 3895 1978 3966; x_wconf 90' lang='lat' dir='ltr'><strong>illius</strong></span> 
     </span>
    </p>
   </div>
   <div class='ocr_carea' id='block_1_3' title="bbox 564 4019 1980 4365">
    <p class='ocr_par' dir='ltr' id='par_1_5' title="bbox 564 4019 1980 4365">
     <span class='ocr_line' id='line_1_28' title="bbox 564 4019 1979 4118; baseline -0.005 -21"><span class='ocrx_word' id='word_1_266' title='bbox 564 4033 737 4097; x_wconf 90' lang='lat' dir='ltr'><strong>contracte</strong></span> <span class='ocrx_word' id='word_1_267' title='bbox 754 4023 960 4097; x_wconf 88' lang='lat' dir='ltr'><strong>debellando</strong></span> <span class='ocrx_word' id='word_1_268' title='bbox 974 4033 1008 4096; x_wconf 91' lang='lat' dir='ltr'><strong>et</strong></span> <span class='ocrx_word' id='word_1_269' title='bbox 1021 4023 1136 4118; x_wconf 77' lang='lat' dir='ltr'><strong>ignem</strong></span> <span class='ocrx_word' id='word_1_270' title='bbox 1150 4024 1185 4095; x_wconf 92' lang='lat' dir='ltr'><strong>in</strong></span> <span class='ocrx_word' id='word_1_271' title='bbox 1199 4023 1360 4096; x_wconf 91' lang='lat' dir='ltr'><strong>domibus</strong></span> <span class='ocrx_word' id='word_1_272' title='bbox 1376 4021 1585 4118; x_wconf 89' lang='lat' dir='ltr'><strong>imponendo</strong></span> <span class='ocrx_word' id='word_1_273' title='bbox 1598 4033 1633 4094; x_wconf 93' lang='lat' dir='ltr'><strong>et</strong></span> <span class='ocrx_word' id='word_1_274' title='bbox 1651 4019 1807 4094; x_wconf 88' lang='lat' dir='ltr'><strong>robando</strong></span> <span class='ocrx_word' id='word_1_275' title='bbox 1821 4019 1979 4091; x_wconf 90' lang='lat' dir='ltr'><strong>homiues</strong></span> 
     </span>
     <span class='ocr_line' id='line_1_29' title="bbox 564 4141 1979 4242; baseline -0.007 -22"><span class='ocrx_word' id='word_1_276' title='bbox 564 4147 657 4220; x_wconf 92' lang='lat' dir='ltr'><strong>illius</strong></span> <span class='ocrx_word' id='word_1_277' title='bbox 668 4155 832 4220; x_wconf 87' lang='lat' dir='ltr'><strong>contrata.</strong></span> <span class='ocrx_word' id='word_1_278' title='bbox 848 4147 950 4234; x_wconf 88' lang='lat' dir='ltr'><strong>Quod</strong></span> <span class='ocrx_word' id='word_1_279' title='bbox 963 4147 1082 4242; x_wconf 90' lang='lat' dir='ltr'><strong>utique</strong></span> <span class='ocrx_word' id='word_1_280' title='bbox 1093 4148 1250 4220; x_wconf 89' lang='lat' dir='ltr'><strong>senciens</strong></span> <span class='ocrx_word' id='word_1_281' title='bbox 1264 4146 1425 4220; x_wconf 91' lang='lat' dir='ltr'><strong>domiuus</strong></span> <span class='ocrx_word' id='word_1_282' title='bbox 1439 4145 1595 4241; x_wconf 90' lang='lat' dir='ltr'><strong>Philipus</strong></span> <span class='ocrx_word' id='word_1_283' title='bbox 1604 4145 1664 4217; x_wconf 87' lang='lat' dir='ltr'><strong>Dei</strong></span> <span class='ocrx_word' id='word_1_284' title='bbox 1678 4143 1787 4238; x_wconf 79' lang='lat' dir='ltr'><strong>gralia</strong></span> <span class='ocrx_word' id='word_1_285' title='bbox 1798 4141 1979 4238; x_wconf 87' lang='lat' dir='ltr'><strong>episeopus</strong></span> 
     </span>
     <span class='ocr_line' id='line_1_30' title="bbox 564 4260 1980 4365; baseline -0.007 -22"><span class='ocrx_word' id='word_1_286' title='bbox 564 4271 781 4346; x_wconf 88' lang='lat' dir='ltr'><strong>Placentinus</strong></span> <span class='ocrx_word' id='word_1_287' title='bbox 792 4281 826 4344; x_wconf 92' lang='lat' dir='ltr'><strong>et</strong></span> <span class='ocrx_word' id='word_1_288' title='bbox 842 4271 1004 4344; x_wconf 92' lang='lat' dir='ltr'><strong>dominus</strong></span> <span class='ocrx_word' id='word_1_289' title='bbox 1014 4271 1161 4344; x_wconf 89' lang='lat' dir='ltr'><strong>Ubertus</strong></span> <span class='ocrx_word' id='word_1_290' title='bbox 1176 4270 1346 4365; x_wconf 80' lang='lat' dir='ltr'><strong>Caguolus</strong></span> <span class='ocrx_word' id='word_1_291' title='bbox 1358 4269 1619 4342; x_wconf 86' lang='lat' dir='ltr'><strong>archidiaconus</strong></span> <span class='ocrx_word' id='word_1_292' title='bbox 1632 4265 1805 4340; x_wconf 86' lang='lat' dir='ltr'><strong>Placentia</strong></span> <span class='ocrx_word' id='word_1_293' title='bbox 1815 4260 1980 4356; x_wconf 88' lang='lat' dir='ltr'><strong>asumplis</strong></span> 
     </span>
    </p>
   </div>
   <div class='ocr_carea' id='block_1_4' title="bbox 600 4473 1678 4554">
    <p class='ocr_par' dir='ltr' id='par_1_6' title="bbox 600 4473 1678 4554">
     <span class='ocr_line' id='line_1_31' title="bbox 600 4473 1678 4554; baseline -0.002 -18"><span class='ocrx_word' id='word_1_294' title='bbox 600 4478 643 4554; x_wconf 70' lang='lat' dir='ltr'><strong>(a)</strong></span> <span class='ocrx_word' id='word_1_295' title='bbox 658 4478 703 4538; x_wconf 81' lang='lat' dir='ltr'><strong>ltx</strong></span> <span class='ocrx_word' id='word_1_296' title='bbox 716 4476 786 4537; x_wconf 84' lang='lat' dir='ltr'><strong>Job.</strong></span> <span class='ocrx_word' id='word_1_297' title='bbox 796 4476 834 4536; x_wconf 89' lang='lat' dir='ltr'><strong>de</strong></span> <span class='ocrx_word' id='word_1_298' title='bbox 847 4476 956 4538; x_wconf 80' lang='lat' dir='ltr'><strong>Musula</strong></span> <span class='ocrx_word' id='word_1_299' title='bbox 969 4475 1173 4537; x_wconf 83' lang='lat' dir='ltr'><strong>emendamus.</strong></span> <span class='ocrx_word' id='word_1_300' title='bbox 1189 4475 1225 4536; x_wconf 90' lang='lat' dir='ltr'><strong>Iu</strong></span> <span class='ocrx_word' id='word_1_301' title='bbox 1239 4475 1339 4537; x_wconf 87' lang='lat' dir='ltr'><strong>codice</strong></span> <span class='ocrx_word' id='word_1_302' title='bbox 1348 4480 1484 4554; x_wconf 81' lang='lat' dir='ltr'><strong>pretereo</strong></span> <span class='ocrx_word' id='word_1_303' title='bbox 1495 4473 1678 4535; x_wconf 75' lang='lat' dir='ltr'><strong>Emessam.</strong></span> 
     </span>
    </p>
   </div>
   <div class='ocr_carea' id='block_1_5' title="bbox 1542 4657 1974 4676">
    <p class='ocr_par' dir='ltr' id='par_1_7' title="bbox 1542 4657 1974 4676">
     <span class='ocr_line' id='line_1_32' title="bbox 1542 4657 1974 4676; baseline -0.012 0"><span class='ocrx_word' id='word_1_304' title='bbox 1542 4669 1595 4676; x_wconf 59' lang='grc' dir='ltr'><em>--ω-</em></span> <span class='ocrx_word' id='word_1_305' title='bbox 1602 4669 1682 4676; x_wconf 76' lang='lat'><strong>.-....</strong></span> <span class='ocrx_word' id='word_1_306' title='bbox 1688 4664 1840 4674; x_wconf 72' lang='lat'><strong>-----—.-·--·-</strong></span> <span class='ocrx_word' id='word_1_307' title='bbox 1846 4657 1974 4672; x_wconf 66' lang='lat' dir='ltr'><strong>-tu-—c-C</strong></span> 
     </span>
    </p>
   </div>
   <div class='ocr_carea' id='block_1_6' title="bbox 572 4668 1538 4680">
    <p class='ocr_par' dir='ltr' id='par_1_8' title="bbox 572 4668 1538 4680">
     <span class='ocr_line' id='line_1_33' title="bbox 572 4668 1538 4680; baseline -0.004 0"><span class='ocrx_word' id='word_1_308' title='bbox 572 4668 746 4680; x_wconf 57' lang='grc' dir='ltr'>...πη-..ι-</span> <span class='ocrx_word' id='word_1_309' title='bbox 753 4671 832 4678; x_wconf 59' lang='grc' dir='ltr'><strong>-σ-ο-οι</strong></span> <span class='ocrx_word' id='word_1_310' title='bbox 840 4672 844 4677; x_wconf 74' lang='grc' dir='ltr'>ι</span> <span class='ocrx_word' id='word_1_311' title='bbox 854 4673 861 4677; x_wconf 95' lang='grc'>-</span> <span class='ocrx_word' id='word_1_312' title='bbox 869 4669 1289 4678; x_wconf 49' lang='grc' dir='ltr'>--ς--κ--ι--ιη-ισ---ι--ῌ--ι</span> <span class='ocrx_word' id='word_1_313' title='bbox 1298 4671 1312 4676; x_wconf 82' lang='lat'><strong>--</strong></span> <span class='ocrx_word' id='word_1_314' title='bbox 1323 4671 1360 4676; x_wconf 78' lang='grc' dir='ltr'>..ι-</span> <span class='ocrx_word' id='word_1_315' title='bbox 1370 4671 1372 4675; x_wconf 93' lang='grc'>.</span> <span class='ocrx_word' id='word_1_316' title='bbox 1382 4671 1420 4677; x_wconf 71' lang='lat' dir='ltr'><strong>--u</strong></span> <span class='ocrx_word' id='word_1_317' title='bbox 1432 4669 1538 4677; x_wconf 63' lang='grc' dir='ltr'>...ι--.-</span> 
     </span>
    </p>
   </div>
   <div class='ocr_carea' id='block_1_7' title="bbox 602 4790 1568 4868">
    <p class='ocr_par' dir='ltr' id='par_1_9' title="bbox 602 4790 1568 4868">
     <span class='ocr_line' id='line_1_34' title="bbox 602 4790 1568 4868; baseline -0.001 -20"><span class='ocrx_word' id='word_1_318' title='bbox 602 4791 638 4866; x_wconf 82' lang='lat' dir='ltr'><strong>(tl</strong></span> <span class='ocrx_word' id='word_1_319' title='bbox 656 4792 725 4851; x_wconf 82' lang='lat' dir='ltr'><strong>&#39;loul</strong></span> <span class='ocrx_word' id='word_1_320' title='bbox 734 4807 766 4851; x_wconf 86' lang='lat' dir='ltr'><strong>ca</strong></span> <span class='ocrx_word' id='word_1_321' title='bbox 777 4792 888 4852; x_wconf 89' lang='lat' dir='ltr'><strong>curiaux</strong></span> <span class='ocrx_word' id='word_1_322' title='bbox 895 4807 1008 4868; x_wconf 79' lang='lat' dir='ltr'><strong>passage</strong></span> <span class='ocrx_word' id='word_1_323' title='bbox 1019 4797 1061 4852; x_wconf 88' lang='lat' dir='ltr'><strong>ast</strong></span> <span class='ocrx_word' id='word_1_324' title='bbox 1072 4792 1125 4851; x_wconf 82' lang='lat' dir='ltr'><strong>fort</strong></span> <span class='ocrx_word' id='word_1_325' title='bbox 1138 4790 1237 4867; x_wconf 77' lang='lat' dir='ltr'><strong>abrtgt</strong></span> <span class='ocrx_word' id='word_1_326' title='bbox 1250 4792 1317 4851; x_wconf 88' lang='lat' dir='ltr'><strong>dans</strong></span> <span class='ocrx_word' id='word_1_327' title='bbox 1334 4791 1402 4850; x_wconf 85' lang='lat' dir='ltr'><strong>lanu</strong></span> <span class='ocrx_word' id='word_1_328' title='bbox 1415 4792 1450 4851; x_wconf 86' lang='lat' dir='ltr'><strong>da</strong></span> <span class='ocrx_word' id='word_1_329' title='bbox 1460 4790 1568 4851; x_wconf 86' lang='lat' dir='ltr'><strong>lllossis.</strong></span> 
     </span>
    </p>
   </div>
   <div class='ocr_carea' id='block_1_8' title="bbox 0 0 2280 6080">
    <p class='ocr_par' dir='ltr' id='par_1_10' title="bbox 0 0 2280 6080">
     <span class='ocr_line' id='line_1_35' title="bbox 0 0 2280 6080; baseline 0 0"><span class='ocrx_word' id='word_1_330' title='bbox 0 0 2280 6080; x_wconf 95' lang='lat' dir='ltr'><strong> </strong></span> 
     </span>
    </p>
   </div>
  </div>
 </body>
</html>
