4568 6064
601 615 663 676 362
1075 619 1315 682 CllllONlCOM
1340 619 1393 680 DE
1417 617 1545 678 ausos

600 749 686 822 riam
711 748 842 822 domini
867 773 957 847 pape
977 763 1011 825 et
1025 751 1156 827 domini
1179 756 1269 848 regis
1285 755 1402 827 Karoli
1425 775 1507 827 scos
1530 753 1737 849 sollempnes
1758 755 2014 827 ambaxatores.

649 874 700 945 De
715 894 835 946 mense
854 896 936 949 vero
959 879 1078 951 marcii
1102 878 1396 966 Mediolanenses,
1423 879 1624 974 Papieuses,
1653 879 1916 974 Pergomasehi,
1945 878 2019 948 Cu-

599 995 711 1082 mani,
737 997 951 1090 Laudenses,
986 1001 1198 1092 Cremasehi,
1227 1003 1439 1092 lundenses,
1469 999 1655 1087 Astexani,
1687 1001 1881 1091 Alhexani,
1911 999 2018 1071 Turi-

600 1140 742 1209 nenses,
775 1123 1031 1212 Vercellcnses,
1061 1125 1312 1216 Novarienses,
1344 1123 1550 1214 llallentini,
1585 1122 1781 1196 Brixienses
1808 1121 2016 1213 extrinseci,

600 1240 834 1316 Terdononses
849 1247 1053 1336 extrinseci,
1073 1248 1306 1336 Veronenses,
1328 1246 1524 1332 Mantuani,
1547 1245 1792 1319 Cremonenses
1812 1245 2014 1334 extrinseci,

599 1362 827 1438 Alexandrini
839 1369 1040 1460 extrinseci,
1057 1369 1255 1454 Laudenses
1270 1369 1475 1461 extrinseci,
1492 1370 1694 1442 Parmenses
1711 1368 1913 1461 extrinseci,
1929 1390 2019 1448 mar,-

600 1487 679 1560 ehio
695 1489 918 1564 Montislerati
933 1493 968 1564 in
986 1493 1125 1566 civitate
1143 1494 1248 1589 Papie
1264 1493 1514 1588 parlamentum
1535 1514 1702 1586 magnum
1721 1493 1879 1565 lecerunt
1892 1493 1927 1562 in
1945 1511 2017 1585 quo

598 1611 850 1686 ordinaverunt
863 1637 901 1688 se
915 1615 961 1688 ad
972 1617 1119 1690 invicem
1135 1627 1359 1690 manutenere
1375 1628 1410 1689 et
1428 1615 1627 1688 deffendere
1640 1623 1675 1688 ot
1691 1615 1845 1688 exaltare
1864 1624 2016 1687 sanctam

598 1733 785 1808 Romanam
810 1739 998 1812 Ecclesiam
1025 1750 1059 1811 et
1088 1740 1269 1813 dominum
1296 1739 1482 1813 lindulfum
1510 1739 1742 1812 Romanorum
1774 1738 2016 1833 imperatorem

597 1858 674 1931 sive
689 1881 825 1952 regem,
845 1870 879 1933 et
897 1861 1173 1936 Mediolanenses
1189 1885 1271 1936 suos
1289 1864 1532 1936 ambaxatores
1552 1863 1599 1935 ad
1614 1859 1795 1934 Summum
1816 1861 2014 1933 Pontificem

597 1983 860 2054 transmiserunt
876 1985 936 2056 llll
953 1983 1157 2058 honorilice.

646 2106 693 2176 M.
707 2104 769 2178 CC.
786 2107 951 2200 LXXVII,
969 2109 1157 2182 indictione
1169 2109 1214 2199 V,
1232 2111 1267 2182 in
1287 2110 1458 2207 principio
1475 2109 1605 2182 mensis
1620 2110 1751 2203 aprilis,
1766 2109 1954 2204 Papieuses
1972 2106 2016 2180 de

597 2228 737 2302 civitate
763 2251 843 2301 oum
870 2251 991 2302 eorum
1016 2231 1136 2304 amicis
1155 2233 1285 2304 scilicet
1308 2255 1388 2304 oum
1410 2232 1491 2305 DCC
1512 2233 1680 2305 militibus
1706 2231 1910 2321 Mediolani,
1937 2251 2015 2302 eum

595 2351 763 2424 militibus
771 2353 931 2442 Novaria,
941 2355 1189 2447 vercellarum,
1198 2355 1261 2426 Ast
1269 2365 1303 2426 et
1313 2355 1511 2428 marchione
1527 2356 1749 2428 Montislerati
1761 2365 1795 2428 et
1807 2355 1884 2427 aliis
1896 2376 2015 2426 eorum

595 2473 716 2545 amicis
740 2474 908 2548 hostiliter
925 2476 1089 2550 exierunt
1108 2499 1189 2548 oum
1213 2477 1389 2549 trabuchis
1405 2486 1439 2549 et
1462 2478 1644 2571 manganis
1668 2488 1768 2551 extra
1791 2479 1967 2548 civitatem
1983 2487 2016 2548 et

594 2595 730 2669 vadunt
753 2597 799 2670 ad
822 2609 933 2672 castra
951 2598 1083 2672 domini
1108 2599 1281 2672 Guillelmi
1307 2600 1352 2672 de
1373 2599 1474 2672 Petra
1494 2609 1529 2670 et
1548 2599 1693 2672 aliorum
1709 2600 1930 2695 Papiensium
1953 2600 2014 2693 qui

593 2718 778 2792 Fallabrini
798 2721 961 2794 dicuntur
982 2723 1044 2815 qui
1065 2732 1146 2794 sunt
1167 2731 1266 2794 extra
1283 2722 1330 2794 Pa
1351 2719 1357 2818 1
1380 2721 1490 2816 piam,
1509 2729 1543 2793 et
1564 2720 1623 2795 die
1641 2723 1777 2794 veneris
1794 2723 1871 2794 lllll
1888 2721 2015 2792 mensis

593 2843 714 2936 aprilis
732 2845 871 2916 iverunt
886 2847 921 2915 in
940 2845 1210 2918 obscidicionem
1230 2845 1333 2917 castri
1343 2845 1441 2916 Petre
1460 2844 1590 2917 domini
1602 2845 1775 2916 Guillelmi
1786 2844 1882 2938 quod
1900 2845 2014 2916 muni-

594 2976 667 3038 tum
689 2979 741 3040 est
764 2991 824 3062 per
846 2969 961 3064 ipsum
987 2968 1165 3042 dominum
1194 2969 1414 3048 Guillelmum
1441 2977 1476 3041 et
1497 2968 1622 3040 milites
1643 2969 1751 3064 Papie
1773 2969 1897 3041 melius
1920 2967 2014 3063 quod

593 3101 763 3184 poterant.
783 3092 821 3162 ln
840 3113 1044 3164 succursum
1062 3093 1209 3164 militum
1228 3093 1332 3188 Papia
1349 3094 1623 3165 extrinsecorum
1645 3101 1816 3164 venerunt
1834 3093 1961 3164 milites
1981 3102 2016 3165 et

592 3216 744 3310 populus
756 3238 835 3287 cum
854 3216 994 3289 carretis
1009 3225 1044 3288 et
1057 3216 1208 3288 navibus
1222 3216 1388 3290 Cremona
1403 3226 1438 3288 et
1450 3218 1541 3288 eirca
1556 3217 1616 3288 LX
1635 3217 1757 3288 milites
1771 3217 1888 3288 Brixia
1903 3227 1938 3288 et
1953 3237 2013 3312 pe·

590 3347 695 3412 tostas
717 3348 752 3412 et
767 3339 891 3412 milites
905 3339 1026 3412 Parme
1043 3350 1078 3411 et
1095 3339 1120 3410 C
1137 3339 1263 3410 milites
1281 3340 1412 3413 Mutine
1433 3348 1468 3412 et
1486 3339 1650 3411 Caxonm
1668 3339 1713 3412 de
1730 3340 1856 3410 Lature
1875 3361 1956 3410 oum
1991 3341 2015 3410 L

592 3462 775 3534 militibus.
796 3463 923 3534 Omnes
941 3471 1023 3534 sunt
1046 3462 1082 3533 in
1098 3463 1288 3554 Placentia,
1312 3473 1428 3535 tamen
1441 3463 1634 3536 Placentini
1653 3463 1775 3535 nolunt
1790 3483 1828 3534 se
1846 3461 2014 3534 intromit-

592 3560 675 3676 tere,
696 3594 731 3657 et
743 3584 801 3658 die
814 3587 897 3660 lune
914 3586 958 3656 lll
975 3586 1104 3658 mensis
1121 3585 1227 3658 madii
1247 3607 1367 3658 omnes
1384 3586 1439 3659 isti
1458 3587 1652 3658 diviserunt
1664 3607 1703 3658 se
1722 3585 1768 3658 de
1783 3585 1955 3656 Placentia
1969 3583 2014 3657 ad

591 3709 731 3804 propria
748 3708 978 3792 reddeuntes;
996 3709 1041 3781 de
1057 3730 1127 3802 quo
1142 3710 1289 3781 multum
1308 3711 1497 3782 contristati
1516 3720 1598 3780 snut
1611 3709 1796 3804 Papieuses
1813 3707 2011 3780 extrinseci.

591 3833 863 3906 Mediolanenses
890 3841 1111 3904 extraserunt
1135 3853 1255 3904 eorum
1278 3834 1452 3906 carecinm
1475 3843 1510 3905 et
1536 3854 1617 3904 oum
1642 3832 1700 3902 illo
1723 3831 1828 3925 Papie
1849 3831 1946 3902 venit
1969 3829 2014 3902 ad

592 3955 783 4026 exercitum
802 3977 913 4050 usque
935 3955 983 4028 ad
1000 3956 1142 4027 Bronas.
1162 3957 1224 4028 Die
1242 3955 1417 4028 dominico
1434 3957 1526 4029 llllll
1543 3954 1673 4028 mensis
1692 3953 1800 4026 madii
1822 3951 2015 4026 diviserunt

593 4099 631 4150 se
646 4078 921 4158 Mediolanenses
938 4089 973 4150 et
989 4079 1173 4174 Papieuses
1195 4079 1241 4151 de
1264 4080 1438 4172 exercitu,
1464 4079 1548 4174 quia
1572 4078 1620 4150 ibi
1644 4087 1734 4154 stare
1759 4098 1828 4150 non
1857 4087 2015 4172 poterant

592 4210 732 4296 propter
750 4202 931 4296 penuriam
955 4223 1070 4275 rerum
1097 4201 1300 4274 victualium
1318 4211 1353 4274 et
1376 4203 1490 4274 locum
1508 4201 1636 4274 habere
1657 4223 1726 4272 non
1749 4207 1905 4294 poterant
1930 4197 2013 4292 quia

592 4324 684 4396 bona
701 4333 736 4396 et
752 4325 861 4398 multa
876 4320 1025 4423 [militia]
1041 4333 1116 4397 erat
1133 4325 1227 4396 intus
1248 4324 1294 4398 de
1310 4325 1508 4397 Placentina
1524 4334 1558 4397 et
1575 4324 1620 4397 de
1635 4335 1723 4396 terra
1738 4323 1854 4417 Papie.
1875 4322 1960 4392 ltem
1977 4320 2012 4392 in

591 4468 795 4520 succursum
818 4448 1014 4520 eommunis
1042 4449 1147 4544 Papie
1173 4459 1342 4521 venerunt
1369 4447 1470 4520 CCCC
1496 4449 1624 4520 milites
1654 4445 1832 4540 cohoperti
1860 4444 1906 4516 de
1933 4442 2009 4514 Ast.

590 4571 716 4644 littere
729 4573 926 4644 transmisso
941 4569 1115 4644 adomino
1129 4570 1278 4645 liedulfo
1291 4573 1525 4644 Romanorum
1538 4593 1621 4664 rege
1636 4570 1798 4664 episcopo
1813 4565 2008 4638 Brixiensi:

645 4695 848 4769 allodullus
864 4696 927 4768 Dei
940 4698 1052 4791 gratia
1068 4699 1302 4772 Romanorum
1326 4717 1388 4770 rex
1407 4707 1442 4770 et
1462 4717 1596 4792 semper
1613 4704 1801 4788 augustos,
1823 4691 2011 4764 venerabili
