4534 6074
590 645 649 708 132
1059 649 1301 714 cflaoutcort
1325 652 1377 714 bn
1400 651 1529 713 REBUS

586 781 684 873 leges
697 780 791 854 iltius
806 782 957 856 civitatis
973 783 1062 858 inira
1077 785 1168 860 duos
1186 808 1321 860 menses
1338 809 1359 860 a
1379 784 1627 860 contestatione
1642 783 1712 855 litis
1730 782 1787 856 vel
1807 804 1829 854 a
1846 791 2000 875 tempora

586 907 826 1002 appellationis
852 919 1006 1005 recepte,
1041 911 1107 984 nisi
1130 915 1224 1005 justo
1255 911 1503 1005 impedimento
1535 909 1593 978 vel
1620 925 1790 978 eonsensn
1820 905 2001 999 utriusque

588 1031 695 1123 partis
711 1033 925 1104 remanserit.
946 1032 1112 1104 Consules
1128 1034 1189 1125 qni
1205 1033 1242 1102 in
1258 1031 1458 1104 civitatibus
1473 1029 1723 1102 constituentur
1745 1027 1831 1100 tales
1849 1027 1919 1098 eint
1940 1027 2001 1122 qui

587 1151 786 1224 fidelitatem
796 1153 897 1225 nobis
908 1153 1051 1228 iecerint
1061 1155 1117 1227 vel
1129 1156 1448 1249 taciantanteqnam
1459 1153 1675 1226 consulatum
1683 1149 1861 1244 recipiant.
1875 1150 2002 1221 vasalli

587 1275 694 1346 nostri
717 1296 740 1346 a
763 1275 864 1346 nobis
890 1275 1128 1349 investituram
1149 1277 1317 1372 recipiant
1334 1287 1369 1348 et
1394 1277 1484 1350 sieut
1497 1275 1619 1348 vasalli
1640 1271 1839 1346 fidelitatem
1856 1271 1998 1362 faeiaut3

587 1397 692 1468 aeteri
707 1397 927 1469 omneseicut
939 1398 1035 1472 cives
1047 1422 1067 1471 a
1081 1397 1270 1500 xvtannis
1281 1421 1393 1494 usque
1409 1399 1456 1472 nd
1473 1399 1577 1488 LXX,
1589 1396 1657 1470 nisi
1675 1396 1745 1468 sint
1757 1396 1842 1469 tales
1858 1414 2002 1489 persone

587 1519 717 1612 quihus
732 1519 842 1614 possit
856 1529 892 1592 et
907 1520 1035 1594 debeat
1052 1533 1305 1595 sacramentum
1322 1525 1398 1596 sine
1410 1520 1533 1595 fraude
1545 1519 1685 1594 remitti.
1697 1518 1826 1592 vasalli
1843 1517 1904 1611 qui
1920 1527 2002 1590 tem·

588 1663 672 1737 pore
686 1663 810 1735 guerre
825 1663 888 1714 seu
906 1653 1027 1737 treuge
1038 1665 1107 1716 nou
1118 1645 1383 1740 postulaverunt
1397 1644 1636 1718 investituram
1653 1641 1710 1714 vel
1727 1640 1845 1714 debita
1856 1639 2001 1712 servicia

587 1767 689 1838 nohis
702 1767 1006 1858 nonexibnerunt,
1018 1769 1084 1840 hae
1097 1767 1278 1841 occasione
1290 1767 1436 1841 lendum
1448 1789 1518 1840 non
1529 1767 1686 1838 amittant
1698 1761 1757 1860 (o).
1771 1761 2001 1856 Libellarie(b)

587 1897 623 1960 et
634 1889 786 1984 preearie
801 1890 837 1960 in
854 1881 919 1962 suo
934 1899 1025 1961 statu
1040 1900 1263 1984 permaneant
1275 1889 1468 1964 secundnm
1483 1887 1769 1962 consuetudinem
1783 1885 2001 1976 uniuscujus-

588 2031 659 2103 que
675 2011 840 2101 eivitatis,
860 2033 929 2085 uon
948 2011 1107 2084 obstante
1122 2014 1200 2106 lege
1223 2023 1338 2086 nostra
1351 2033 1421 2108 que
1438 2012 1566 2086 dicitur
1582 2010 1799 2106 imperatoris
1813 2007 1999 2082 Frederici.

587 2135 744 2229 Dampna
754 2135 870 2207 omnia
884 2145 918 2208 et
934 2135 1049 2208 ablata
1060 2135 1249 2227 etinjuriae
1259 2157 1350 2230 quas
1364 2157 1428 2208 nos
1444 2157 1506 2231 per
1521 2156 1586 2208 vos
1598 2144 1633 2207 et
1650 2155 1713 2229 per
1724 2142 1857 2206 vestros
1870 2131 1916 2203 ab
1927 2131 2003 2202 nni·

587 2259 753 2330 versitate
776 2259 949 2331 societatis
968 2258 1023 2330 vel
1041 2259 1222 2353 abaliquo
1242 2258 1288 2331 de
1302 2259 1467 2333 societate
1486 2259 1544 2331 vel
1558 2257 1819 2350 ooadjutoribus
1833 2255 2004 2327 societatis

587 2380 852 2470 substinuimus,
864 2402 925 2474 per
939 2401 1003 2453 nos
1016 2391 1051 2453 et
1062 2391 1212 2454 nostram
1225 2391 1356 2475 partem
1367 2382 1474 2471 matie
1485 2380 1691 2466 remitimus,
1703 2389 1739 2451 et
1752 2375 2004 2470 plenitudinem

587 2505 697 2598 gretie
722 2511 838 2576 nostre
866 2503 917 2575 eis
943 2503 1080 2575 damus.
1101 2504 1232 2576 Moram
1259 2503 1471 2598 superiluam
1492 2501 1529 2572 in
1554 2499 1695 2572 civitate
1722 2496 1781 2569 vel
1805 2494 2003 2588 episcopatu

586 2649 651 2723 pm
666 2627 819 2722 dampno
837 2624 987 2698 civitatis
1001 2647 1071 2699 non
1086 2627 1264 2700 faciemus.
1285 2624 1449 2699 Civitates
1470 2623 1608 2696 munire
1624 2619 1670 2718 (c)
1690 2615 1752 2716 [et]
1774 2625 1874 2690 extra
1890 2613 2004 2686 muni·

588 2752 700 2824 tiones
713 2752 826 2824 tacere
845 2771 916 2823 nou
928 2749 1029 2822 lineat
1042 2747 1107 2846 (d).
1124 2751 1302 2824 Paetiones
1317 2750 1439 2821 timore
1457 2757 1575 2820 nostro
1595 2744 1653 2818 val
1669 2763 1730 2839 per
1744 2738 2004 2836 impressionem

589 2875 796 2945 nunciorum
812 2881 1005 2945 nostrorum
1030 2873 1119 2944 teate
1136 2894 1200 2968 pro
1226 2873 1363 2944 intectis
1384 2871 1593 2959 habeantur,
1610 2887 1676 2939 nee
1698 2861 1788 2962 [pro]
1804 2863 1856 2936 eie
1871 2859 2006 2954 aliquid

591 2995 766 3087 exigatur,
784 3003 886 3090 paeta
900 2995 1097 3068 Placentina
1114 2993 1161 3090 (a)
1176 2995 1307 3068 scilieet
1319 3003 1458 3090 pactum
1473 2993 1588 3088 pontis
1605 3001 1640 3064 et
1653 2989 1824 3082 regalium
1839 2995 1873 3059 et
1885 2985 2006 3058 datum

591 3129 626 3192 et
647 3127 787 3213 pactum
805 3117 903 3212 quod
924 3118 1109 3214 episcopus
1123 3119 1227 3211 flego
1244 3119 1325 3192 fecit
1346 3118 1391 3191 de
1410 3127 1522 3190 castro
1537 3115 1712 3209 Arquat03
1731 3122 1766 3184 et
1788 3110 1818 3184 ai
1841 3131 1912 3203 qua
1937 3107 2006 3180 alia

592 3240 720 3314 similia
737 3241 826 3312 iacta
847 3248 930 3312 snut
950 3240 996 3312 ab
1013 3241 1089 3335 ipso
1106 3241 1268 3336 episeopo
1283 3241 1340 3315 vel
1363 3261 1385 3312 a
1403 3237 1579 3313 communi
1596 3239 1652 3309 vel
1668 3236 1715 3308 ab
1729 3234 1808 3307 aliis
1830 3231 1876 3305 de
1896 3229 2007 3304 socie·

591 3375 661 3438 tate
684 3365 866 3438 nobiseum
895 3364 954 3436 vel
974 3367 1102 3437 nuncio
1128 3373 1264 3457 nostro,
1292 3365 1370 3460 ipso
1389 3374 1494 3460 ponte
1514 3369 1714 3434 remanente
1738 3377 1819 3430 oum
1845 3353 2011 3428 omnibns

592 3489 665 3561 suis
690 3489 894 3560 utilitatibus
920 3487 1145 3579 Placentinis3
1173 3489 1221 3561 ita
1248 3499 1364 3562 tamen
1391 3486 1487 3582 quod
1517 3493 1699 3558 teneantur
1727 3481 1862 3554 solvere
1888 3476 2007 3548 fictum

593 3611 767 3684 abbatisse
780 3611 904 3683 Sancte
921 3611 1010 3682 Julie
1027 3610 1072 3682 de
1088 3611 1220 3703 Brixia,
1239 3619 1274 3684 et
1286 3611 1317 3682 si
1334 3631 1405 3705 qne
1421 3617 1503 3682 eunt
1520 3607 1661 3680 similes.
1679 3599 2026 3692 Senteneiequoque·

592 3756 664 3828 que
694 3732 841 3824 dejure
867 3741 903 3805 et
926 3733 1119 3805 seeundum
1150 3735 1247 3826 leges
1274 3743 1310 3806 et
1335 3730 1605 3806 eonsuetudines
1632 3735 1751 3800 eontra
1776 3723 1929 3816 aliquem
1951 3717 2009 3790 vel

593 3857 728 3950 aliquos
745 3856 790 3928 de
805 3855 966 3930 societate
981 3857 1050 3928 late
1064 3865 1144 3928 sunt
1161 3865 1319 3949 teneant,
1339 3857 1368 3928 si
1383 3867 1498 3929 tamen
1516 3865 1634 3926 contra
1656 3869 1717 3924 eos
1736 3847 1782 3922 de
1796 3848 1875 3940 jure
1889 3851 2009 3916 tenen-

595 3991 653 4052 tur
669 3979 730 4075 ·(s)
757 3979 787 4052 ei
815 3979 960 4074 gratiam
989 3990 1140 4052 nostram
1172 3980 1386 4054 habuissent.
1414 3981 1490 4066 Que
1515 3997 1600 4052 vem
1630 3983 1751 4048 eontra
1773 3971 1925 4064 aliquem
1953 3964 2011 4037 vel

637 4209 680 4288 (a)
701 4209 738 4270 In
751 4208 852 4270 codiee
865 4205 1022 4268 odmimnt.

639 4313 679 4394 (b)
702 4317 739 4376 In
749 4315 850 4375 codiee
863 4310 1008 4374 eluar-e.

639 4421 677 4500 (c)
703 4420 739 4480 m
752 4419 852 4481 metu
860 4420 981 4480 muso.

638 4525 683 4606 (tl)
704 4527 751 4586 Ibi
765 4542 884 4604 qnoque
896 4525 1038 4587 mucules
1051 4524 1134 4586 deest
1145 4527 1199 4603 qul
1212 4523 1293 4602 apud
1305 4523 1392 4584 Pertz
1405 4517 1461 4582 aab
1474 4529 1507 4579 n⁰
1523 4527 1560 4579 to
1574 4513 1741 4578 exhibetur.

639 4631 678 4711 (e)
703 4635 762 4709 Ap.
777 4631 863 4692 Parta
870 4637 948 4712 puto
961 4627 1207 4693 Phacelina-ram.

639 4736 689 4818 (f)
705 4739 760 4814 Ap.
775 4738 860 4800 Perta
875 4743 1015 4800 tenuent.
