<?xml version="1.0" encoding="UTF-8"?>
<!DOCTYPE html PUBLIC "-//W3C//DTD XHTML 1.0 Transitional//EN"
    "http://www.w3.org/TR/xhtml1/DTD/xhtml1-transitional.dtd">
<html xmlns="http://www.w3.org/1999/xhtml" xml:lang="en" lang="en">
 <head>
  <title>
</title>
<meta http-equiv="Content-Type" content="text/html;charset=utf-8" />
  <meta name='ocr-system' content='tesseract 3.04.00' />
  <meta name='ocr-capabilities' content='ocr_page ocr_carea ocr_par ocr_line ocrx_word'/>
</head>
<body>
  <div class='ocr_page' id='page_1' title='image "./chroniconplacen00huilgoog_0183.png"; bbox 0 0 4534 6074; ppageno 0'>
   <div class='ocr_carea' id='block_1_1' title="bbox 602 613 1548 677">
    <p class='ocr_par' dir='ltr' id='par_1_1' title="bbox 602 613 1548 677">
     <span class='ocr_line' id='line_1_1' title="bbox 602 613 1548 677; baseline 0.002 -3"><span class='ocrx_word' id='word_1_1' title='bbox 602 613 661 674; x_wconf 76' lang='lat' dir='ltr'>lat</span> <span class='ocrx_word' id='word_1_2' title='bbox 1079 613 1320 677; x_wconf 82' lang='lat' dir='ltr'>cltaolllcolt</span> <span class='ocrx_word' id='word_1_3' title='bbox 1344 615 1396 676; x_wconf 79' lang='lat' dir='ltr'>hl:</span> <span class='ocrx_word' id='word_1_4' title='bbox 1420 615 1548 677; x_wconf 82' lang='lat' dir='ltr'>REBUS</span> 
     </span>
    </p>
   </div>
   <div class='ocr_carea' id='block_1_2' title="bbox 400 748 2016 3064">
    <p class='ocr_par' dir='ltr' id='par_1_2' title="bbox 400 748 2016 1089">
     <span class='ocr_line' id='line_1_2' title="bbox 599 748 2016 846; baseline 0.002 -26"><span class='ocrx_word' id='word_1_5' title='bbox 599 757 634 820; x_wconf 89' lang='lat' dir='ltr'>et</span> <span class='ocrx_word' id='word_1_6' title='bbox 646 749 763 822; x_wconf 91' lang='lat' dir='ltr'>omnia</span> <span class='ocrx_word' id='word_1_7' title='bbox 776 748 876 843; x_wconf 89' lang='lat' dir='ltr'>sigua</span> <span class='ocrx_word' id='word_1_8' title='bbox 890 757 925 822; x_wconf 87' lang='lat' dir='ltr'>ct</span> <span class='ocrx_word' id='word_1_9' title='bbox 936 749 1038 822; x_wconf 91' lang='lat' dir='ltr'>tubas</span> <span class='ocrx_word' id='word_1_10' title='bbox 1049 750 1202 841; x_wconf 90' lang='lat' dir='ltr'>retinuit,</span> <span class='ocrx_word' id='word_1_11' title='bbox 1218 772 1308 844; x_wconf 91' lang='lat' dir='ltr'>quos</span> <span class='ocrx_word' id='word_1_12' title='bbox 1321 751 1446 824; x_wconf 87' lang='lat' dir='ltr'>milites</span> <span class='ocrx_word' id='word_1_13' title='bbox 1460 751 1555 824; x_wconf 82' lang='lat' dir='ltr'><strong>misit</strong></span> <span class='ocrx_word' id='word_1_14' title='bbox 1565 751 1707 846; x_wconf 87' lang='lat' dir='ltr'>Papiam</span> <span class='ocrx_word' id='word_1_15' title='bbox 1719 749 1817 822; x_wconf 93' lang='lat' dir='ltr'>utihi</span> <span class='ocrx_word' id='word_1_16' title='bbox 1834 749 2016 844; x_wconf 77' lang='lat' dir='ltr'>diligenter</span> 
     </span>
     <span class='ocr_line' id='line_1_3' title="bbox 400 869 2016 969; baseline -0.001 -23"><span class='ocrx_word' id='word_1_17' title='bbox 400 899 563 949; x_wconf 65' lang='lat' dir='ltr'>retrusas.</span> <span class='ocrx_word' id='word_1_18' title='bbox 597 871 708 944; x_wconf 91' lang='lat' dir='ltr'>incar</span> <span class='ocrx_word' id='word_1_19' title='bbox 730 869 737 969; x_wconf 87' lang='grc' dir='ltr'>Ι</span> <span class='ocrx_word' id='word_1_20' title='bbox 758 873 896 945; x_wconf 86' lang='lat' dir='ltr'>ceribus</span> <span class='ocrx_word' id='word_1_21' title='bbox 917 873 1185 947; x_wconf 77' lang='lat' dir='ltr'>custodirentur.</span> <span class='ocrx_word' id='word_1_22' title='bbox 1203 875 1283 946; x_wconf 85' lang='lat' dir='ltr'>Post</span> <span class='ocrx_word' id='word_1_23' title='bbox 1294 874 1360 946; x_wconf 89' lang='lat' dir='ltr'>hoc</span> <span class='ocrx_word' id='word_1_24' title='bbox 1377 875 1532 969; x_wconf 87' lang='lat' dir='ltr'>precepit</span> <span class='ocrx_word' id='word_1_25' title='bbox 1548 883 1588 946; x_wconf 91' lang='lat' dir='ltr'>ut</span> <span class='ocrx_word' id='word_1_26' title='bbox 1605 873 1730 945; x_wconf 86' lang='lat' dir='ltr'>civitas</span> <span class='ocrx_word' id='word_1_27' title='bbox 1749 872 1925 966; x_wconf 85' lang='lat' dir='ltr'>usquead</span> <span class='ocrx_word' id='word_1_28' title='bbox 1941 881 2016 944; x_wconf 90' lang='lat' dir='ltr'>octo</span> 
     </span>
     <span class='ocr_line' id='line_1_4' title="bbox 597 993 2016 1089; baseline 0.001 -23"><span class='ocrx_word' id='word_1_29' title='bbox 597 994 674 1067; x_wconf 84' lang='lat' dir='ltr'>dies</span> <span class='ocrx_word' id='word_1_30' title='bbox 695 1003 935 1068; x_wconf 75' lang='lat' dir='ltr'>evacuaretur.</span> <span class='ocrx_word' id='word_1_31' title='bbox 950 997 998 1068; x_wconf 89' lang='lat' dir='ltr'>M.</span> <span class='ocrx_word' id='word_1_32' title='bbox 1014 997 1051 1068; x_wconf 89' lang='lat' dir='ltr'>C.</span> <span class='ocrx_word' id='word_1_33' title='bbox 1073 997 1180 1085; x_wconf 84' lang='lat' dir='ltr'>LXII,</span> <span class='ocrx_word' id='word_1_34' title='bbox 1206 997 1265 1066; x_wconf 87' lang='lat' dir='ltr'>Vll</span> <span class='ocrx_word' id='word_1_35' title='bbox 1284 997 1342 1068; x_wconf 89' lang='lat' dir='ltr'>die</span> <span class='ocrx_word' id='word_1_36' title='bbox 1362 1007 1442 1068; x_wconf 87' lang='lat' dir='ltr'>aute</span> <span class='ocrx_word' id='word_1_37' title='bbox 1455 993 1623 1068; x_wconf 75' lang='lat' dir='ltr'><strong>kalendas</strong></span> <span class='ocrx_word' id='word_1_38' title='bbox 1640 995 1775 1089; x_wconf 80' lang='lat' dir='ltr'>aprilis,</span> <span class='ocrx_word' id='word_1_39' title='bbox 1793 995 1954 1067; x_wconf 85' lang='lat' dir='ltr'>exierunt</span> <span class='ocrx_word' id='word_1_40' title='bbox 1972 994 2016 1068; x_wconf 90' lang='lat' dir='ltr'>de</span> 
     </span>
    </p>

    <p class='ocr_par' dir='ltr' id='par_1_3' title="bbox 483 1118 2015 1336">
     <span class='ocr_line' id='line_1_5' title="bbox 483 1118 2014 1214; baseline 0.001 -26"><span class='ocrx_word' id='word_1_41' title='bbox 483 1136 485 1142; x_wconf 77' lang='grc'>’</span> <span class='ocrx_word' id='word_1_42' title='bbox 595 1119 735 1192; x_wconf 88' lang='lat' dir='ltr'>civitate</span> <span class='ocrx_word' id='word_1_43' title='bbox 762 1140 843 1190; x_wconf 93' lang='lat' dir='ltr'>cum</span> <span class='ocrx_word' id='word_1_44' title='bbox 871 1119 977 1190; x_wconf 89' lang='lat' dir='ltr'>rshos</span> <span class='ocrx_word' id='word_1_45' title='bbox 998 1139 1222 1212; x_wconf 86' lang='lat' dir='ltr'>eorumquae</span> <span class='ocrx_word' id='word_1_46' title='bbox 1248 1127 1385 1212; x_wconf 89' lang='lat' dir='ltr'>portare</span> <span class='ocrx_word' id='word_1_47' title='bbox 1406 1127 1608 1214; x_wconf 88' lang='lat' dir='ltr'>potuerunt,</span> <span class='ocrx_word' id='word_1_48' title='bbox 1626 1118 1907 1212; x_wconf 81' lang='lat' dir='ltr'>derelinquentes</span> <span class='ocrx_word' id='word_1_49' title='bbox 1928 1119 2014 1190; x_wconf 88' lang='lat' dir='ltr'>civi-</span> 
     </span>
     <span class='ocr_line' id='line_1_6' title="bbox 595 1241 2015 1336; baseline 0.001 -25"><span class='ocrx_word' id='word_1_50' title='bbox 595 1249 717 1332; x_wconf 89' lang='lat' dir='ltr'>tatem;</span> <span class='ocrx_word' id='word_1_51' title='bbox 738 1251 774 1313; x_wconf 88' lang='lat' dir='ltr'>st</span> <span class='ocrx_word' id='word_1_52' title='bbox 797 1250 880 1312; x_wconf 91' lang='lat' dir='ltr'>tunc</span> <span class='ocrx_word' id='word_1_53' title='bbox 897 1241 1178 1336; x_wconf 82' lang='lat' dir='ltr'>archiepiscopus</span> <span class='ocrx_word' id='word_1_54' title='bbox 1200 1250 1236 1313; x_wconf 90' lang='lat' dir='ltr'>et</span> <span class='ocrx_word' id='word_1_55' title='bbox 1259 1241 1523 1315; x_wconf 79' lang='lat' dir='ltr'>archidiaconus</span> <span class='ocrx_word' id='word_1_56' title='bbox 1540 1241 1576 1314; x_wconf 86' lang='lat' dir='ltr'>el</span> <span class='ocrx_word' id='word_1_57' title='bbox 1601 1241 1814 1313; x_wconf 86' lang='lat' dir='ltr'>cimiliarcha</span> <span class='ocrx_word' id='word_1_58' title='bbox 1831 1241 2015 1314; x_wconf 85' lang='lat' dir='ltr'>Mediolani</span> 
     </span>
    </p>

    <p class='ocr_par' dir='ltr' id='par_1_4' title="bbox 594 1363 2013 1583">
     <span class='ocr_line' id='line_1_7' title="bbox 595 1363 2013 1438; baseline 0.001 -3"><span class='ocrx_word' id='word_1_59' title='bbox 595 1385 675 1435; x_wconf 89' lang='lat' dir='ltr'>curn</span> <span class='ocrx_word' id='word_1_60' title='bbox 704 1363 822 1435; x_wconf 91' lang='lat' dir='ltr'>mullis</span> <span class='ocrx_word' id='word_1_61' title='bbox 848 1365 980 1436; x_wconf 89' lang='lat' dir='ltr'>clericis</span> <span class='ocrx_word' id='word_1_62' title='bbox 1004 1364 1050 1436; x_wconf 90' lang='lat' dir='ltr'>ad</span> <span class='ocrx_word' id='word_1_63' title='bbox 1080 1365 1254 1436; x_wconf 90' lang='lat' dir='ltr'>civilatem</span> <span class='ocrx_word' id='word_1_64' title='bbox 1282 1365 1512 1436; x_wconf 90' lang='lat' dir='ltr'>castrametati</span> <span class='ocrx_word' id='word_1_65' title='bbox 1539 1374 1622 1438; x_wconf 88' lang='lat' dir='ltr'>suut</span> <span class='ocrx_word' id='word_1_66' title='bbox 1647 1365 1741 1436; x_wconf 90' lang='lat' dir='ltr'>intus</span> <span class='ocrx_word' id='word_1_67' title='bbox 1769 1364 2013 1437; x_wconf 87' lang='lat' dir='ltr'>monasterium</span> 
     </span>
     <span class='ocr_line' id='line_1_8' title="bbox 594 1487 2011 1583; baseline 0.001 -25"><span class='ocrx_word' id='word_1_68' title='bbox 594 1487 710 1558; x_wconf 90' lang='lat' dir='ltr'>Sancti</span> <span class='ocrx_word' id='word_1_69' title='bbox 720 1488 913 1576; x_wconf 91' lang='lat' dir='ltr'>Vincencii,</span> <span class='ocrx_word' id='word_1_70' title='bbox 931 1488 1050 1582; x_wconf 92' lang='lat' dir='ltr'>inqua</span> <span class='ocrx_word' id='word_1_71' title='bbox 1068 1488 1208 1561; x_wconf 90' lang='lat' dir='ltr'>civitate</span> <span class='ocrx_word' id='word_1_72' title='bbox 1220 1487 1383 1560; x_wconf 91' lang='lat' dir='ltr'>dominus</span> <span class='ocrx_word' id='word_1_73' title='bbox 1396 1489 1606 1583; x_wconf 90' lang='lat' dir='ltr'>apostolicus</span> <span class='ocrx_word' id='word_1_74' title='bbox 1616 1487 1815 1561; x_wconf 83' lang='lat' dir='ltr'>Alexander</span> <span class='ocrx_word' id='word_1_75' title='bbox 1824 1487 2011 1576; x_wconf 77' lang='lat' dir='ltr'>residebat,</span> 
     </span>
    </p>

    <p class='ocr_par' dir='ltr' id='par_1_5' title="bbox 594 1610 2016 1707">
     <span class='ocr_line' id='line_1_9' title="bbox 594 1610 2016 1707; baseline 0 -25"><span class='ocrx_word' id='word_1_76' title='bbox 594 1621 629 1682; x_wconf 90' lang='lat' dir='ltr'>et</span> <span class='ocrx_word' id='word_1_77' title='bbox 645 1610 790 1704; x_wconf 79' lang='lat' dir='ltr'>digressi</span> <span class='ocrx_word' id='word_1_78' title='bbox 817 1620 899 1682; x_wconf 91' lang='lat' dir='ltr'>sunt</span> <span class='ocrx_word' id='word_1_79' title='bbox 914 1620 1012 1683; x_wconf 84' lang='lat' dir='ltr'>extra</span> <span class='ocrx_word' id='word_1_80' title='bbox 1039 1612 1210 1684; x_wconf 88' lang='lat' dir='ltr'>civitatem</span> <span class='ocrx_word' id='word_1_81' title='bbox 1236 1611 1285 1707; x_wconf 85' lang='lat' dir='ltr'>(l)</span> <span class='ocrx_word' id='word_1_82' title='bbox 1301 1611 1397 1706; x_wconf 89' lang='lat' dir='ltr'>apud</span> <span class='ocrx_word' id='word_1_83' title='bbox 1416 1614 1579 1684; x_wconf 90' lang='lat' dir='ltr'>Sanctum</span> <span class='ocrx_word' id='word_1_84' title='bbox 1591 1611 1729 1684; x_wconf 89' lang='lat' dir='ltr'>Celsum</span> <span class='ocrx_word' id='word_1_85' title='bbox 1745 1621 1780 1684; x_wconf 90' lang='lat' dir='ltr'>et</span> <span class='ocrx_word' id='word_1_86' title='bbox 1801 1610 1898 1706; x_wconf 89' lang='lat' dir='ltr'>apud</span> <span class='ocrx_word' id='word_1_87' title='bbox 1914 1613 2016 1682; x_wconf 82' lang='lat' dir='ltr'>Sanc</span> 
     </span>
    </p>

    <p class='ocr_par' dir='ltr' id='par_1_6' title="bbox 592 1734 2014 2198">
     <span class='ocr_line' id='line_1_10' title="bbox 594 1734 2011 1830; baseline 0 -26"><span class='ocrx_word' id='word_1_88' title='bbox 594 1745 667 1804; x_wconf 90' lang='lat' dir='ltr'>tum</span> <span class='ocrx_word' id='word_1_89' title='bbox 687 1734 891 1830; x_wconf 82' lang='lat' dir='ltr'>Dyonisium</span> <span class='ocrx_word' id='word_1_90' title='bbox 917 1744 951 1807; x_wconf 91' lang='lat' dir='ltr'>et</span> <span class='ocrx_word' id='word_1_91' title='bbox 976 1734 1023 1806; x_wconf 94' lang='lat' dir='ltr'>ad</span> <span class='ocrx_word' id='word_1_92' title='bbox 1047 1737 1210 1807; x_wconf 90' lang='lat' dir='ltr'>Sanctum</span> <span class='ocrx_word' id='word_1_93' title='bbox 1234 1735 1498 1830; x_wconf 83' lang='lat' dir='ltr'>simplicianum</span> <span class='ocrx_word' id='word_1_94' title='bbox 1515 1745 1550 1808; x_wconf 90' lang='lat' dir='ltr'>et</span> <span class='ocrx_word' id='word_1_95' title='bbox 1571 1735 1617 1808; x_wconf 89' lang='lat' dir='ltr'>ad</span> <span class='ocrx_word' id='word_1_96' title='bbox 1637 1736 1802 1806; x_wconf 88' lang='lat' dir='ltr'>Sanctum</span> <span class='ocrx_word' id='word_1_97' title='bbox 1826 1735 2011 1806; x_wconf 84' lang='lat' dir='ltr'>Victorem.</span> 
     </span>
     <span class='ocr_line' id='line_1_11' title="bbox 593 1857 2013 1953; baseline 0.001 -26"><span class='ocrx_word' id='word_1_98' title='bbox 593 1857 713 1929; x_wconf 90' lang='lat' dir='ltr'>Postea</span> <span class='ocrx_word' id='word_1_99' title='bbox 730 1879 813 1930; x_wconf 90' lang='lat' dir='ltr'>vero</span> <span class='ocrx_word' id='word_1_100' title='bbox 832 1859 1017 1953; x_wconf 89' lang='lat' dir='ltr'>imperator</span> <span class='ocrx_word' id='word_1_101' title='bbox 1035 1859 1252 1952; x_wconf 84' lang='lat' dir='ltr'>congregatis</span> <span class='ocrx_word' id='word_1_102' title='bbox 1268 1857 1527 1948; x_wconf 81' lang='lat' dir='ltr'>laudensibus,</span> <span class='ocrx_word' id='word_1_103' title='bbox 1541 1858 1847 1945; x_wconf 88' lang='lat' dir='ltr'>Cremonensibus,</span> <span class='ocrx_word' id='word_1_104' title='bbox 1866 1857 2013 1953; x_wconf 81' lang='lat' dir='ltr'>Papian-</span> 
     </span>
     <span class='ocr_line' id='line_1_12' title="bbox 592 1981 2014 2078; baseline 0 -25"><span class='ocrx_word' id='word_1_105' title='bbox 592 1981 711 2073; x_wconf 91' lang='lat' dir='ltr'>sihoe,</span> <span class='ocrx_word' id='word_1_106' title='bbox 735 1981 1025 2072; x_wconf 89' lang='lat' dir='ltr'>Novariensihus,</span> <span class='ocrx_word' id='word_1_107' title='bbox 1042 1983 1221 2072; x_wconf 87' lang='lat' dir='ltr'>Comanis,</span> <span class='ocrx_word' id='word_1_108' title='bbox 1248 1981 1499 2078; x_wconf 89' lang='lat' dir='ltr'>Sepereusihus</span> <span class='ocrx_word' id='word_1_109' title='bbox 1516 1991 1551 2054; x_wconf 90' lang='lat' dir='ltr'>et</span> <span class='ocrx_word' id='word_1_110' title='bbox 1572 1981 1806 2054; x_wconf 87' lang='lat' dir='ltr'>hlartexauuis</span> <span class='ocrx_word' id='word_1_111' title='bbox 1827 1981 2014 2075; x_wconf 89' lang='lat' dir='ltr'>multisque</span> 
     </span>
     <span class='ocr_line' id='line_1_13' title="bbox 592 2103 2014 2198; baseline 0.001 -22"><span class='ocrx_word' id='word_1_112' title='bbox 592 2106 682 2193; x_wconf 88' lang='lat' dir='ltr'>aliis,</span> <span class='ocrx_word' id='word_1_113' title='bbox 700 2105 796 2177; x_wconf 88' lang='lat' dir='ltr'>venit</span> <span class='ocrx_word' id='word_1_114' title='bbox 813 2107 1060 2179; x_wconf 85' lang='lat' dir='ltr'>Mediolanum.</span> <span class='ocrx_word' id='word_1_115' title='bbox 1076 2107 1189 2178; x_wconf 91' lang='lat' dir='ltr'>Primo</span> <span class='ocrx_word' id='word_1_116' title='bbox 1208 2107 1388 2178; x_wconf 89' lang='lat' dir='ltr'>universas</span> <span class='ocrx_word' id='word_1_117' title='bbox 1404 2106 1525 2178; x_wconf 90' lang='lat' dir='ltr'>domos</span> <span class='ocrx_word' id='word_1_118' title='bbox 1540 2104 1739 2195; x_wconf 89' lang='lat' dir='ltr'>succendit,</span> <span class='ocrx_word' id='word_1_119' title='bbox 1756 2113 1875 2198; x_wconf 89' lang='lat' dir='ltr'>postea</span> <span class='ocrx_word' id='word_1_120' title='bbox 1892 2103 2014 2178; x_wconf 87' lang='lat' dir='ltr'>domos</span> 
     </span>
    </p>

    <p class='ocr_par' dir='ltr' id='par_1_7' title="bbox 590 2229 2013 2567">
     <span class='ocr_line' id='line_1_14' title="bbox 593 2229 2012 2324; baseline 0 -24"><span class='ocrx_word' id='word_1_121' title='bbox 593 2239 628 2300; x_wconf 90' lang='lat' dir='ltr'>et</span> <span class='ocrx_word' id='word_1_122' title='bbox 650 2239 762 2300; x_wconf 89' lang='lat' dir='ltr'>turres</span> <span class='ocrx_word' id='word_1_123' title='bbox 786 2229 960 2301; x_wconf 79' lang='lat' dir='ltr'>destruxit</span> <span class='ocrx_word' id='word_1_124' title='bbox 985 2239 1020 2302; x_wconf 91' lang='lat' dir='ltr'>et</span> <span class='ocrx_word' id='word_1_125' title='bbox 1036 2251 1174 2300; x_wconf 91' lang='lat' dir='ltr'>murum</span> <span class='ocrx_word' id='word_1_126' title='bbox 1203 2230 1353 2302; x_wconf 85' lang='lat' dir='ltr'>civitatis</span> <span class='ocrx_word' id='word_1_127' title='bbox 1376 2230 1564 2324; x_wconf 91' lang='lat' dir='ltr'>plurimum</span> <span class='ocrx_word' id='word_1_128' title='bbox 1585 2229 1633 2301; x_wconf 95' lang='lat' dir='ltr'>ad</span> <span class='ocrx_word' id='word_1_129' title='bbox 1658 2238 1784 2300; x_wconf 87' lang='lat' dir='ltr'>terram</span> <span class='ocrx_word' id='word_1_130' title='bbox 1813 2229 2012 2323; x_wconf 89' lang='lat' dir='ltr'>prostravit.</span> 
     </span>
     <span class='ocr_line' id='line_1_15' title="bbox 590 2351 2013 2446; baseline -0.001 -22"><span class='ocrx_word' id='word_1_131' title='bbox 590 2355 833 2446; x_wconf 81' lang='lat' dir='ltr'>steteruntque</span> <span class='ocrx_word' id='word_1_132' title='bbox 851 2353 899 2424; x_wconf 88' lang='lat' dir='ltr'>ibi</span> <span class='ocrx_word' id='word_1_133' title='bbox 924 2354 1086 2446; x_wconf 90' lang='lat' dir='ltr'>usquein</span> <span class='ocrx_word' id='word_1_134' title='bbox 1115 2352 1272 2425; x_wconf 87' lang='lat' dir='ltr'>kalendis</span> <span class='ocrx_word' id='word_1_135' title='bbox 1291 2354 1424 2446; x_wconf 89' lang='lat' dir='ltr'>aprilis.</span> <span class='ocrx_word' id='word_1_136' title='bbox 1438 2355 1481 2423; x_wconf 86' lang='lat' dir='ltr'>Et</span> <span class='ocrx_word' id='word_1_137' title='bbox 1504 2353 1623 2444; x_wconf 87' lang='lat' dir='ltr'>itaque</span> <span class='ocrx_word' id='word_1_138' title='bbox 1645 2373 1738 2423; x_wconf 92' lang='lat' dir='ltr'>anno</span> <span class='ocrx_word' id='word_1_139' title='bbox 1763 2351 1839 2445; x_wconf 92' lang='lat' dir='ltr'>ipso</span> <span class='ocrx_word' id='word_1_140' title='bbox 1866 2351 2013 2444; x_wconf 89' lang='lat' dir='ltr'>predicti</span> 
     </span>
     <span class='ocr_line' id='line_1_16' title="bbox 591 2471 2013 2567; baseline -0.003 -20"><span class='ocrx_word' id='word_1_141' title='bbox 591 2478 701 2548; x_wconf 89' lang='lat' dir='ltr'>tribus</span> <span class='ocrx_word' id='word_1_142' title='bbox 716 2476 856 2547; x_wconf 90' lang='lat' dir='ltr'>vicibus</span> <span class='ocrx_word' id='word_1_143' title='bbox 875 2484 1045 2546; x_wconf 86' lang='lat' dir='ltr'>venerunt</span> <span class='ocrx_word' id='word_1_144' title='bbox 1067 2475 1244 2546; x_wconf 88' lang='lat' dir='ltr'>destruere</span> <span class='ocrx_word' id='word_1_145' title='bbox 1262 2473 1436 2546; x_wconf 87' lang='lat' dir='ltr'>civitatem</span> <span class='ocrx_word' id='word_1_146' title='bbox 1459 2475 1494 2544; x_wconf 81' lang='lat' dir='ltr'>e&#39;t</span> <span class='ocrx_word' id='word_1_147' title='bbox 1516 2473 1705 2567; x_wconf 84' lang='lat' dir='ltr'>explanare</span> <span class='ocrx_word' id='word_1_148' title='bbox 1730 2473 1871 2542; x_wconf 83' lang='lat' dir='ltr'>fossata.</span> <span class='ocrx_word' id='word_1_149' title='bbox 1892 2471 2013 2543; x_wconf 86' lang='lat' dir='ltr'>Postea</span> 
     </span>
    </p>

    <p class='ocr_par' dir='ltr' id='par_1_8' title="bbox 591 2594 2013 2688">
     <span class='ocr_line' id='line_1_17' title="bbox 591 2594 2013 2688; baseline -0.004 -17"><span class='ocrx_word' id='word_1_150' title='bbox 591 2622 675 2672; x_wconf 86' lang='lat' dir='ltr'>vcro</span> <span class='ocrx_word' id='word_1_151' title='bbox 692 2599 785 2672; x_wconf 89' lang='lat' dir='ltr'>circa</span> <span class='ocrx_word' id='word_1_152' title='bbox 805 2597 972 2670; x_wconf 88' lang='lat' dir='ltr'>kalendas</span> <span class='ocrx_word' id='word_1_153' title='bbox 995 2597 1121 2688; x_wconf 91' lang='lat' dir='ltr'>madii,</span> <span class='ocrx_word' id='word_1_154' title='bbox 1144 2596 1248 2670; x_wconf 86' lang='lat' dir='ltr'>datus</span> <span class='ocrx_word' id='word_1_155' title='bbox 1265 2597 1315 2670; x_wconf 89' lang='lat' dir='ltr'>eis</span> <span class='ocrx_word' id='word_1_156' title='bbox 1340 2607 1392 2670; x_wconf 92' lang='lat' dir='ltr'>est</span> <span class='ocrx_word' id='word_1_157' title='bbox 1413 2595 1583 2668; x_wconf 84' lang='lat' dir='ltr'>henricus</span> <span class='ocrx_word' id='word_1_158' title='bbox 1610 2594 1810 2666; x_wconf 89' lang='lat' dir='ltr'>Leodisnsis</span> <span class='ocrx_word' id='word_1_159' title='bbox 1826 2594 2013 2688; x_wconf 88' lang='lat' dir='ltr'>episcopus</span> 
     </span>
    </p>

    <p class='ocr_par' dir='ltr' id='par_1_9' title="bbox 590 2717 2015 3064">
     <span class='ocr_line' id='line_1_18' title="bbox 591 2717 2014 2818; baseline -0.004 -24"><span class='ocrx_word' id='word_1_160' title='bbox 591 2733 631 2794; x_wconf 91' lang='lat' dir='ltr'>ut</span> <span class='ocrx_word' id='word_1_161' title='bbox 647 2724 698 2795; x_wconf 91' lang='lat' dir='ltr'>eis</span> <span class='ocrx_word' id='word_1_162' title='bbox 712 2731 864 2818; x_wconf 91' lang='lat' dir='ltr'>preesset</span> <span class='ocrx_word' id='word_1_163' title='bbox 876 2732 911 2794; x_wconf 89' lang='lat' dir='ltr'>et</span> <span class='ocrx_word' id='word_1_164' title='bbox 923 2732 962 2793; x_wconf 89' lang='lat' dir='ltr'>nt</span> <span class='ocrx_word' id='word_1_165' title='bbox 974 2731 1125 2815; x_wconf 90' lang='lat' dir='ltr'>quatuor</span> <span class='ocrx_word' id='word_1_166' title='bbox 1140 2723 1215 2795; x_wconf 91' lang='lat' dir='ltr'>loca</span> <span class='ocrx_word' id='word_1_167' title='bbox 1224 2722 1276 2793; x_wconf 88' lang='lat' dir='ltr'>eis</span> <span class='ocrx_word' id='word_1_168' title='bbox 1291 2719 1338 2794; x_wconf 89' lang='lat' dir='ltr'>ad</span> <span class='ocrx_word' id='word_1_169' title='bbox 1351 2719 1579 2792; x_wconf 88' lang='lat' dir='ltr'>habitandum</span> <span class='ocrx_word' id='word_1_170' title='bbox 1594 2718 1802 2811; x_wconf 83' lang='lat' dir='ltr'>designaret.</span> <span class='ocrx_word' id='word_1_171' title='bbox 1812 2717 2014 2810; x_wconf 86' lang='lat' dir='ltr'>Desiguavit</span> 
     </span>
     <span class='ocr_line' id='line_1_19' title="bbox 591 2839 2015 2942; baseline -0.004 -25"><span class='ocrx_word' id='word_1_172' title='bbox 591 2856 707 2918; x_wconf 89' lang='lat' dir='ltr'>autem</span> <span class='ocrx_word' id='word_1_173' title='bbox 720 2857 818 2942; x_wconf 88' lang='lat' dir='ltr'>porte</span> <span class='ocrx_word' id='word_1_174' title='bbox 835 2848 988 2918; x_wconf 87' lang='lat' dir='ltr'>Romane</span> <span class='ocrx_word' id='word_1_175' title='bbox 1011 2847 1099 2916; x_wconf 84' lang='lat' dir='ltr'>iuter</span> <span class='ocrx_word' id='word_1_176' title='bbox 1122 2845 1279 2916; x_wconf 85' lang='lat' dir='ltr'>Casinam</span> <span class='ocrx_word' id='word_1_177' title='bbox 1303 2843 1502 2916; x_wconf 89' lang='lat' dir='ltr'>Plasmundi</span> <span class='ocrx_word' id='word_1_178' title='bbox 1520 2839 1582 2940; x_wconf 88' lang='lat' dir='ltr'>[st]</span> <span class='ocrx_word' id='word_1_179' title='bbox 1603 2839 1809 2914; x_wconf 82' lang='lat' dir='ltr'>Noxendam</span> <span class='ocrx_word' id='word_1_180' title='bbox 1826 2839 1892 2936; x_wconf 80' lang='lat' dir='ltr'>(a),</span> <span class='ocrx_word' id='word_1_181' title='bbox 1917 2849 2015 2934; x_wconf 87' lang='lat' dir='ltr'>porte</span> 
     </span>
     <span class='ocr_line' id='line_1_20' title="bbox 590 2965 2014 3064; baseline -0.004 -23"><span class='ocrx_word' id='word_1_182' title='bbox 590 2971 764 3042; x_wconf 87' lang='lat' dir='ltr'>Ticinensi</span> <span class='ocrx_word' id='word_1_183' title='bbox 791 2971 839 3042; x_wconf 93' lang='lat' dir='ltr'>ibi</span> <span class='ocrx_word' id='word_1_184' title='bbox 859 2991 967 3064; x_wconf 90' lang='lat' dir='ltr'>prope</span> <span class='ocrx_word' id='word_1_185' title='bbox 991 2969 1025 3039; x_wconf 93' lang='lat' dir='ltr'>in</span> <span class='ocrx_word' id='word_1_186' title='bbox 1049 2967 1217 3041; x_wconf 85' lang='lat' dir='ltr'>territorio</span> <span class='ocrx_word' id='word_1_187' title='bbox 1243 2967 1288 3040; x_wconf 90' lang='lat' dir='ltr'>de</span> <span class='ocrx_word' id='word_1_188' title='bbox 1314 2967 1513 3062; x_wconf 83' lang='lat' dir='ltr'>Vegiatino,</span> <span class='ocrx_word' id='word_1_189' title='bbox 1534 2975 1633 3061; x_wconf 90' lang='lat' dir='ltr'>porlc</span> <span class='ocrx_word' id='word_1_190' title='bbox 1659 2965 1824 3038; x_wconf 87' lang='lat' dir='ltr'>Orientali</span> <span class='ocrx_word' id='word_1_191' title='bbox 1853 2973 1889 3037; x_wconf 90' lang='lat' dir='ltr'>st</span> <span class='ocrx_word' id='word_1_192' title='bbox 1917 2973 2014 3058; x_wconf 90' lang='lat' dir='ltr'>porte</span> 
     </span>
    </p>
   </div>
   <div class='ocr_carea' id='block_1_3' title="bbox 590 3087 2015 3909">
    <p class='ocr_par' dir='ltr' id='par_1_10' title="bbox 590 3087 2015 3909">
     <span class='ocr_line' id='line_1_21' title="bbox 590 3087 2013 3188; baseline -0.006 -21"><span class='ocrx_word' id='word_1_193' title='bbox 590 3096 689 3167; x_wconf 88' lang='lat' dir='ltr'>Nove</span> <span class='ocrx_word' id='word_1_194' title='bbox 715 3093 762 3167; x_wconf 91' lang='lat' dir='ltr'>ad</span> <span class='ocrx_word' id='word_1_195' title='bbox 788 3088 998 3181; x_wconf 81' lang='lat' dir='ltr'>Lambrate,</span> <span class='ocrx_word' id='word_1_196' title='bbox 1019 3102 1118 3188; x_wconf 87' lang='lat' dir='ltr'>porte</span> <span class='ocrx_word' id='word_1_197' title='bbox 1145 3093 1298 3165; x_wconf 87' lang='lat' dir='ltr'>Cumano</span> <span class='ocrx_word' id='word_1_198' title='bbox 1329 3091 1377 3164; x_wconf 91' lang='lat' dir='ltr'>ad</span> <span class='ocrx_word' id='word_1_199' title='bbox 1399 3089 1595 3163; x_wconf 86' lang='lat' dir='ltr'>Carcariam</span> <span class='ocrx_word' id='word_1_200' title='bbox 1619 3088 1687 3184; x_wconf 76' lang='lat' dir='ltr'>(l),</span> <span class='ocrx_word' id='word_1_201' title='bbox 1710 3097 1808 3184; x_wconf 86' lang='lat' dir='ltr'>porte</span> <span class='ocrx_word' id='word_1_202' title='bbox 1832 3087 2013 3160; x_wconf 85' lang='lat' dir='ltr'>Vercellae</span> 
     </span>
     <span class='ocr_line' id='line_1_22' title="bbox 590 3209 2013 3312; baseline -0.008 -21"><span class='ocrx_word' id='word_1_203' title='bbox 590 3218 638 3290; x_wconf 94' lang='lat' dir='ltr'>ad</span> <span class='ocrx_word' id='word_1_204' title='bbox 657 3221 820 3290; x_wconf 87' lang='lat' dir='ltr'>Sanctum</span> <span class='ocrx_word' id='word_1_205' title='bbox 845 3217 971 3288; x_wconf 88' lang='lat' dir='ltr'>Yrrum</span> <span class='ocrx_word' id='word_1_206' title='bbox 998 3215 1045 3288; x_wconf 91' lang='lat' dir='ltr'>ad</span> <span class='ocrx_word' id='word_1_207' title='bbox 1072 3237 1235 3312; x_wconf 85' lang='lat' dir='ltr'>vesperas</span> <span class='ocrx_word' id='word_1_208' title='bbox 1255 3214 1312 3309; x_wconf 70' lang='lat' dir='ltr'>(c).</span> <span class='ocrx_word' id='word_1_209' title='bbox 1333 3215 1376 3286; x_wconf 86' lang='lat' dir='ltr'>Et</span> <span class='ocrx_word' id='word_1_210' title='bbox 1402 3215 1452 3286; x_wconf 91' lang='lat' dir='ltr'>sic</span> <span class='ocrx_word' id='word_1_211' title='bbox 1483 3221 1649 3307; x_wconf 91' lang='lat' dir='ltr'>ceperunt</span> <span class='ocrx_word' id='word_1_212' title='bbox 1672 3210 1862 3282; x_wconf 87' lang='lat' dir='ltr'>hedificare</span> <span class='ocrx_word' id='word_1_213' title='bbox 1882 3209 2013 3304; x_wconf 86' lang='lat' dir='ltr'>burgos</span> 
     </span>
     <span class='ocr_line' id='line_1_23' title="bbox 591 3333 2013 3434; baseline -0.006 -22"><span class='ocrx_word' id='word_1_214' title='bbox 591 3341 746 3414; x_wconf 89' lang='lat' dir='ltr'>secundo</span> <span class='ocrx_word' id='word_1_215' title='bbox 764 3341 821 3412; x_wconf 90' lang='lat' dir='ltr'>die</span> <span class='ocrx_word' id='word_1_216' title='bbox 840 3339 970 3412; x_wconf 89' lang='lat' dir='ltr'>mensis</span> <span class='ocrx_word' id='word_1_217' title='bbox 994 3338 1114 3411; x_wconf 89' lang='lat' dir='ltr'>madii.</span> <span class='ocrx_word' id='word_1_218' title='bbox 1131 3341 1318 3434; x_wconf 87' lang='lat' dir='ltr'>Imperator</span> <span class='ocrx_word' id='word_1_219' title='bbox 1339 3359 1418 3410; x_wconf 91' lang='lat' dir='ltr'>cum</span> <span class='ocrx_word' id='word_1_220' title='bbox 1435 3336 1645 3432; x_wconf 86' lang='lat' dir='ltr'>precepisset</span> <span class='ocrx_word' id='word_1_221' title='bbox 1666 3335 1712 3408; x_wconf 91' lang='lat' dir='ltr'>de</span> <span class='ocrx_word' id='word_1_222' title='bbox 1734 3333 1917 3406; x_wconf 88' lang='lat' dir='ltr'>obsidibus</span> <span class='ocrx_word' id='word_1_223' title='bbox 1936 3333 2013 3405; x_wconf 90' lang='lat' dir='ltr'>hle-</span> 
     </span>
     <span class='ocr_line' id='line_1_24' title="bbox 592 3457 2014 3559; baseline -0.006 -23"><span class='ocrx_word' id='word_1_224' title='bbox 592 3465 722 3537; x_wconf 91' lang='lat' dir='ltr'>diolaui</span> <span class='ocrx_word' id='word_1_225' title='bbox 743 3467 804 3559; x_wconf 91' lang='lat' dir='ltr'>qui</span> <span class='ocrx_word' id='word_1_226' title='bbox 825 3475 922 3536; x_wconf 88' lang='lat' dir='ltr'>crant</span> <span class='ocrx_word' id='word_1_227' title='bbox 937 3463 1040 3558; x_wconf 86' lang='lat' dir='ltr'>Papia</span> <span class='ocrx_word' id='word_1_228' title='bbox 1057 3473 1196 3535; x_wconf 85' lang='lat' dir='ltr'>ceolum</span> <span class='ocrx_word' id='word_1_229' title='bbox 1217 3460 1432 3534; x_wconf 89' lang='lat' dir='ltr'>solummodo</span> <span class='ocrx_word' id='word_1_230' title='bbox 1448 3459 1586 3531; x_wconf 87' lang='lat' dir='ltr'>retineri</span> <span class='ocrx_word' id='word_1_231' title='bbox 1613 3467 1649 3530; x_wconf 90' lang='lat' dir='ltr'>at</span> <span class='ocrx_word' id='word_1_232' title='bbox 1668 3458 1817 3551; x_wconf 82' lang='lat' dir='ltr'>siugulis</span> <span class='ocrx_word' id='word_1_233' title='bbox 1833 3457 2014 3528; x_wconf 89' lang='lat' dir='ltr'>mensibus</span> 
     </span>
     <span class='ocr_line' id='line_1_25' title="bbox 592 3580 2013 3684; baseline -0.006 -24"><span class='ocrx_word' id='word_1_234' title='bbox 592 3589 792 3684; x_wconf 87' lang='lat' dir='ltr'>permutari,</span> <span class='ocrx_word' id='word_1_235' title='bbox 808 3585 975 3660; x_wconf 83' lang='lat' dir='ltr'>recedens</span> <span class='ocrx_word' id='word_1_236' title='bbox 991 3586 1076 3658; x_wconf 89' lang='lat' dir='ltr'>abiit</span> <span class='ocrx_word' id='word_1_237' title='bbox 1089 3586 1135 3658; x_wconf 90' lang='lat' dir='ltr'>ad</span> <span class='ocrx_word' id='word_1_238' title='bbox 1152 3585 1271 3656; x_wconf 91' lang='lat' dir='ltr'>horam</span> <span class='ocrx_word' id='word_1_239' title='bbox 1285 3584 1332 3681; x_wconf 77' lang='lat' dir='ltr'>(l)</span> <span class='ocrx_word' id='word_1_240' title='bbox 1343 3584 1404 3655; x_wconf 91' lang='lat' dir='ltr'>uhi</span> <span class='ocrx_word' id='word_1_241' title='bbox 1420 3584 1486 3654; x_wconf 88' lang='lat' dir='ltr'>luit</span> <span class='ocrx_word' id='word_1_242' title='bbox 1497 3584 1533 3654; x_wconf 94' lang='lat' dir='ltr'>in</span> <span class='ocrx_word' id='word_1_243' title='bbox 1548 3584 1634 3654; x_wconf 89' lang='lat' dir='ltr'>lesto</span> <span class='ocrx_word' id='word_1_244' title='bbox 1647 3581 1756 3654; x_wconf 87' lang='lat' dir='ltr'>sancti</span> <span class='ocrx_word' id='word_1_245' title='bbox 1768 3581 1936 3652; x_wconf 85' lang='lat' dir='ltr'>Iohannis</span> <span class='ocrx_word' id='word_1_246' title='bbox 1949 3580 2013 3653; x_wconf 92' lang='lat' dir='ltr'>de·</span> 
     </span>
     <span class='ocr_line' id='line_1_26' title="bbox 592 3702 2015 3803; baseline -0.006 -20"><span class='ocrx_word' id='word_1_247' title='bbox 592 3712 706 3784; x_wconf 89' lang='lat' dir='ltr'>collati</span> <span class='ocrx_word' id='word_1_248' title='bbox 728 3721 767 3783; x_wconf 91' lang='lat' dir='ltr'>ut</span> <span class='ocrx_word' id='word_1_249' title='bbox 790 3711 838 3782; x_wconf 92' lang='lat' dir='ltr'>ihi</span> <span class='ocrx_word' id='word_1_250' title='bbox 861 3709 1072 3803; x_wconf 90' lang='lat' dir='ltr'>colloquium</span> <span class='ocrx_word' id='word_1_251' title='bbox 1097 3730 1177 3780; x_wconf 91' lang='lat' dir='ltr'>cum</span> <span class='ocrx_word' id='word_1_252' title='bbox 1205 3729 1287 3801; x_wconf 89' lang='lat' dir='ltr'>rege</span> <span class='ocrx_word' id='word_1_253' title='bbox 1310 3708 1454 3779; x_wconf 85' lang='lat' dir='ltr'>Francis</span> <span class='ocrx_word' id='word_1_254' title='bbox 1481 3715 1516 3780; x_wconf 90' lang='lat' dir='ltr'>et</span> <span class='ocrx_word' id='word_1_255' title='bbox 1538 3705 1725 3801; x_wconf 92' lang='lat' dir='ltr'>apostolico</span> <span class='ocrx_word' id='word_1_256' title='bbox 1749 3702 1949 3776; x_wconf 85' lang='lat' dir='ltr'>Alexandro</span> <span class='ocrx_word' id='word_1_257' title='bbox 1978 3713 2015 3775; x_wconf 90' lang='lat' dir='ltr'>et</span> 
     </span>
     <span class='ocr_line' id='line_1_27' title="bbox 592 3825 2013 3909; baseline -0.009 -1"><span class='ocrx_word' id='word_1_258' title='bbox 592 3836 781 3909; x_wconf 87' lang='lat' dir='ltr'>Octaviano</span> <span class='ocrx_word' id='word_1_259' title='bbox 798 3833 843 3907; x_wconf 93' lang='lat' dir='ltr'>de</span> <span class='ocrx_word' id='word_1_260' title='bbox 858 3855 979 3906; x_wconf 90' lang='lat' dir='ltr'>eorum</span> <span class='ocrx_word' id='word_1_261' title='bbox 1003 3831 1171 3905; x_wconf 89' lang='lat' dir='ltr'>electione</span> <span class='ocrx_word' id='word_1_262' title='bbox 1185 3831 1340 3904; x_wconf 90' lang='lat' dir='ltr'>haberet.</span> <span class='ocrx_word' id='word_1_263' title='bbox 1364 3831 1434 3904; x_wconf 88' lang='lat' dir='ltr'>Sed</span> <span class='ocrx_word' id='word_1_264' title='bbox 1454 3828 1656 3902; x_wconf 82' lang='lat' dir='ltr'>Alexander</span> <span class='ocrx_word' id='word_1_265' title='bbox 1673 3847 1743 3900; x_wconf 90' lang='lat' dir='ltr'>non</span> <span class='ocrx_word' id='word_1_266' title='bbox 1765 3827 1878 3899; x_wconf 88' lang='lat' dir='ltr'>alluit.</span> <span class='ocrx_word' id='word_1_267' title='bbox 1900 3827 1944 3896; x_wconf 87' lang='lat' dir='ltr'>El</span> <span class='ocrx_word' id='word_1_268' title='bbox 1961 3825 2013 3896; x_wconf 91' lang='lat' dir='ltr'>sic</span> 
     </span>
    </p>
   </div>
   <div class='ocr_carea' id='block_1_4' title="bbox 635 3991 1448 4288">
    <p class='ocr_par' dir='ltr' id='par_1_11' title="bbox 635 3991 1448 4288">
     <span class='ocr_line' id='line_1_28' title="bbox 635 3991 1036 4077; baseline -0.005 -21"><span class='ocrx_word' id='word_1_269' title='bbox 635 3996 676 4077; x_wconf 87' lang='lat' dir='ltr'>(a)</span> <span class='ocrx_word' id='word_1_270' title='bbox 698 3999 733 4059; x_wconf 90' lang='lat' dir='ltr'>In</span> <span class='ocrx_word' id='word_1_271' title='bbox 747 3997 850 4058; x_wconf 86' lang='lat' dir='ltr'>codlce</span> <span class='ocrx_word' id='word_1_272' title='bbox 861 3991 1036 4058; x_wconf 79' lang='lat' dir='ltr'>Nocmdom.</span> 
     </span>
     <span class='ocr_line' id='line_1_29' title="bbox 636 4097 1154 4182; baseline -0.008 -20"><span class='ocrx_word' id='word_1_273' title='bbox 636 4101 675 4182; x_wconf 84' lang='lat' dir='ltr'>(l)</span> <span class='ocrx_word' id='word_1_274' title='bbox 697 4103 733 4162; x_wconf 88' lang='lat' dir='ltr'>In</span> <span class='ocrx_word' id='word_1_275' title='bbox 745 4101 811 4162; x_wconf 87' lang='lat' dir='ltr'>cod.</span> <span class='ocrx_word' id='word_1_276' title='bbox 823 4103 917 4162; x_wconf 84' lang='lat' dir='ltr'>Paris.</span> <span class='ocrx_word' id='word_1_277' title='bbox 933 4097 974 4159; x_wconf 84' lang='lat' dir='ltr'>ad</span> <span class='ocrx_word' id='word_1_278' title='bbox 988 4099 1154 4160; x_wconf 63' lang='lat' dir='ltr'>Cannam.</span> 
     </span>
     <span class='ocr_line' id='line_1_30' title="bbox 635 4201 1448 4288; baseline -0.002 -21"><span class='ocrx_word' id='word_1_279' title='bbox 635 4209 670 4288; x_wconf 82' lang='lat' dir='ltr'>(c)</span> <span class='ocrx_word' id='word_1_280' title='bbox 696 4209 732 4270; x_wconf 93' lang='lat' dir='ltr'>In</span> <span class='ocrx_word' id='word_1_281' title='bbox 745 4208 813 4269; x_wconf 91' lang='lat' dir='ltr'>cod.</span> <span class='ocrx_word' id='word_1_282' title='bbox 826 4209 919 4270; x_wconf 87' lang='lat' dir='ltr'>Parls.</span> <span class='ocrx_word' id='word_1_283' title='bbox 936 4203 978 4267; x_wconf 83' lang='lat' dir='ltr'>ad</span> <span class='ocrx_word' id='word_1_284' title='bbox 989 4205 1131 4266; x_wconf 80' lang='lat' dir='ltr'>Scortum</span> <span class='ocrx_word' id='word_1_285' title='bbox 1144 4204 1247 4266; x_wconf 76' lang='lat' dir='ltr'>dirum</span> <span class='ocrx_word' id='word_1_286' title='bbox 1259 4201 1301 4263; x_wconf 85' lang='lat' dir='ltr'>ad</span> <span class='ocrx_word' id='word_1_287' title='bbox 1317 4203 1448 4265; x_wconf 77' lang='lat' dir='ltr'>Vror-cm.</span> 
     </span>
    </p>
   </div>
   <div class='ocr_carea' id='block_1_5' title="bbox 1031 4357 1247 4371">
    <p class='ocr_par' dir='ltr' id='par_1_12' title="bbox 1031 4357 1247 4371">
     <span class='ocr_line' id='line_1_31' title="bbox 1031 4357 1247 4371; baseline -0.019 0"><span class='ocrx_word' id='word_1_288' title='bbox 1031 4359 1047 4371; x_wconf 72' lang='grc'>11</span> <span class='ocrx_word' id='word_1_289' title='bbox 1053 4357 1231 4370; x_wconf 48' lang='lat' dir='ltr'>nnec-mn-</span> <span class='ocrx_word' id='word_1_290' title='bbox 1240 4357 1247 4367; x_wconf 82' lang='grc' dir='ltr'>ι</span> 
     </span>
    </p>
   </div>
   <div class='ocr_carea' id='block_1_6' title="bbox 593 4425 2012 4612">
    <p class='ocr_par' dir='ltr' id='par_1_13' title="bbox 593 4425 2012 4612">
     <span class='ocr_line' id='line_1_32' title="bbox 629 4425 2012 4520; baseline -0.014 -19"><span class='ocrx_word' id='word_1_291' title='bbox 629 4445 667 4520; x_wconf 88' lang='lat' dir='ltr'>(l)</span> <span class='ocrx_word' id='word_1_292' title='bbox 686 4446 723 4502; x_wconf 85' lang='lat' dir='ltr'>le</span> <span class='ocrx_word' id='word_1_293' title='bbox 735 4449 810 4502; x_wconf 86' lang='lat' dir='ltr'>texts</span> <span class='ocrx_word' id='word_1_294' title='bbox 819 4449 861 4502; x_wconf 88' lang='lat' dir='ltr'>est</span> <span class='ocrx_word' id='word_1_295' title='bbox 875 4459 972 4502; x_wconf 88' lang='lat' dir='ltr'>encore</span> <span class='ocrx_word' id='word_1_296' title='bbox 985 4443 1068 4501; x_wconf 75' lang='lat' dir='ltr'>altere</span> <span class='ocrx_word' id='word_1_297' title='bbox 1080 4443 1114 4499; x_wconf 88' lang='lat' dir='ltr'>ici</span> <span class='ocrx_word' id='word_1_298' title='bbox 1129 4457 1179 4516; x_wconf 85' lang='lat' dir='ltr'>par</span> <span class='ocrx_word' id='word_1_299' title='bbox 1192 4443 1219 4498; x_wconf 88' lang='lat' dir='ltr'>la</span> <span class='ocrx_word' id='word_1_300' title='bbox 1232 4439 1387 4514; x_wconf 77' lang='lat' dir='ltr'>negligence</span> <span class='ocrx_word' id='word_1_301' title='bbox 1403 4439 1439 4496; x_wconf 92' lang='lat' dir='ltr'>du</span> <span class='ocrx_word' id='word_1_302' title='bbox 1453 4437 1556 4510; x_wconf 87' lang='lat' dir='ltr'>copiste</span> <span class='ocrx_word' id='word_1_303' title='bbox 1568 4443 1597 4494; x_wconf 89' lang='lat' dir='ltr'>et</span> <span class='ocrx_word' id='word_1_304' title='bbox 1609 4435 1665 4493; x_wconf 89' lang='lat' dir='ltr'>doit</span> <span class='ocrx_word' id='word_1_305' title='bbox 1678 4433 1736 4491; x_wconf 73' lang='lat' dir='ltr'>stre</span> <span class='ocrx_word' id='word_1_306' title='bbox 1746 4429 1857 4489; x_wconf 80' lang='lat' dir='ltr'>restitue</span> <span class='ocrx_word' id='word_1_307' title='bbox 1869 4427 1937 4484; x_wconf 87' lang='lat' dir='ltr'>ainsi</span> <span class='ocrx_word' id='word_1_308' title='bbox 1947 4425 2012 4500; x_wconf 86' lang='lat' dir='ltr'>qu&#39;rl</span> 
     </span>
     <span class='ocr_line' id='line_1_33' title="bbox 593 4522 2011 4612; baseline -0.013 -12"><span class='ocrx_word' id='word_1_309' title='bbox 593 4544 647 4601; x_wconf 79' lang='lat' dir='ltr'>sarit</span> <span class='ocrx_word' id='word_1_310' title='bbox 660 4561 668 4599; x_wconf 76' lang='lat' dir='ltr'>r</span> <span class='ocrx_word' id='word_1_311' title='bbox 683 4541 720 4598; x_wconf 90' lang='lat' dir='ltr'>od</span> <span class='ocrx_word' id='word_1_312' title='bbox 733 4543 871 4599; x_wconf 82' lang='lat' dir='ltr'>clctlutcm</span> <span class='ocrx_word' id='word_1_313' title='bbox 882 4543 1003 4599; x_wconf 77' lang='lat' dir='ltr'>Iussum</span> <span class='ocrx_word' id='word_1_314' title='bbox 1016 4543 1124 4597; x_wconf 70' lang='lat' dir='ltr'>lcouul</span> <span class='ocrx_word' id='word_1_315' title='bbox 1137 4542 1170 4596; x_wconf 81' lang='lat' dir='ltr'>r&#39;o</span> <span class='ocrx_word' id='word_1_316' title='bbox 1182 4555 1238 4612; x_wconf 83' lang='lat' dir='ltr'>quo</span> <span class='ocrx_word' id='word_1_317' title='bbox 1256 4539 1369 4595; x_wconf 82' lang='lat' dir='ltr'>cloltcts</span> <span class='ocrx_word' id='word_1_318' title='bbox 1381 4535 1506 4592; x_wconf 71' lang='lat' dir='ltr'>domlom</span> <span class='ocrx_word' id='word_1_319' title='bbox 1524 4531 1685 4606; x_wconf 78' lang='lat' dir='ltr'>apostolicus</span> <span class='ocrx_word' id='word_1_320' title='bbox 1700 4525 1854 4588; x_wconf 59' lang='lat' dir='ltr'>Alcanor</span> <span class='ocrx_word' id='word_1_321' title='bbox 1866 4522 2011 4582; x_wconf 78' lang='lat' dir='ltr'>recidebat.</span> 
     </span>
    </p>
   </div>
   <div class='ocr_carea' id='block_1_7' title="bbox 592 4619 2012 4810">
    <p class='ocr_par' dir='ltr' id='par_1_14' title="bbox 592 4619 2012 4810">
     <span class='ocr_line' id='line_1_34' title="bbox 593 4619 2012 4714; baseline -0.015 -16"><span class='ocrx_word' id='word_1_322' title='bbox 593 4641 714 4714; x_wconf 69' lang='lat' dir='ltr'>digressi</span> <span class='ocrx_word' id='word_1_323' title='bbox 725 4640 818 4714; x_wconf 78' lang='lat' dir='ltr'>itaqua</span> <span class='ocrx_word' id='word_1_324' title='bbox 830 4645 910 4698; x_wconf 62' lang='lat' dir='ltr'>aaa</span> <span class='ocrx_word' id='word_1_325' title='bbox 922 4641 1062 4698; x_wconf 82' lang='lat' dir='ltr'>clvltutcm</span> <span class='ocrx_word' id='word_1_326' title='bbox 1074 4637 1262 4696; x_wconf 72' lang='lat' dir='ltr'>custraoelutr‘</span> <span class='ocrx_word' id='word_1_327' title='bbox 1276 4640 1340 4692; x_wconf 82' lang='lat' dir='ltr'>suut</span> <span class='ocrx_word' id='word_1_328' title='bbox 1351 4635 1425 4690; x_wconf 82' lang='lat' dir='ltr'>totus</span> <span class='ocrx_word' id='word_1_329' title='bbox 1437 4632 1631 4689; x_wconf 75' lang='lat' dir='ltr'>monasteriem</span> <span class='ocrx_word' id='word_1_330' title='bbox 1645 4628 1743 4688; x_wconf 71' lang='lat' dir='ltr'>surdi</span> <span class='ocrx_word' id='word_1_331' title='bbox 1754 4625 1889 4682; x_wconf 74' lang='lat' dir='ltr'>Vincentia·</span> <span class='ocrx_word' id='word_1_332' title='bbox 1901 4628 1927 4678; x_wconf 82' lang='lat' dir='ltr'>st</span> <span class='ocrx_word' id='word_1_333' title='bbox 1938 4619 2012 4695; x_wconf 79' lang='lat' dir='ltr'>apud</span> 
     </span>
     <span class='ocr_line' id='line_1_35' title="bbox 592 4737 917 4810; baseline -0.003 -15"><span class='ocrx_word' id='word_1_334' title='bbox 592 4745 719 4797; x_wconf 79' lang='lat' dir='ltr'>accolam</span> <span class='ocrx_word' id='word_1_335' title='bbox 731 4737 847 4810; x_wconf 75' lang='lat' dir='ltr'>dolrem,</span> <span class='ocrx_word' id='word_1_336' title='bbox 863 4741 917 4794; x_wconf 88' lang='lat' dir='ltr'>etc.</span> 
     </span>
    </p>
   </div>
   <div class='ocr_carea' id='block_1_8' title="bbox 0 0 2272 6071">
    <p class='ocr_par' dir='ltr' id='par_1_15' title="bbox 0 0 2272 6071">
     <span class='ocr_line' id='line_1_36' title="bbox 0 0 2272 6071; baseline 0 0"><span class='ocrx_word' id='word_1_337' title='bbox 0 0 2272 6071; x_wconf 95' lang='lat' dir='ltr'> </span> 
     </span>
    </p>
   </div>
  </div>
 </body>
</html>
