4554 6080
847 716 891 776 IN
914 715 1054 776 trulla
1078 713 1227 776 uusrts.
1683 709 1745 771 329

329 847 477 919 Tristani
490 849 602 920 fratris
611 849 665 921 sui
681 859 715 922 et
731 871 809 923 ossa
824 852 945 924 uxoris
958 875 1021 924 sue
1034 861 1070 925 et
1084 873 1162 924 ossa
1178 848 1313 922 comitis
1324 848 1370 921 de
1381 850 1516 922 Navara
1533 849 1670 944 cognati
1687 851 1744 922 sui

328 979 365 1044 et
379 993 458 1044 ossa
473 970 591 1046 Amici
607 972 668 1044 filii
684 973 830 1047 condam
846 976 980 1048 comitis
992 976 1125 1048 Rizardi
1136 973 1383 1068 consanguinei
1399 973 1553 1068 germani
1570 975 1624 1046 sui
1638 995 1744 1068 quam

329 1094 545 1167 interiecerat
560 1096 674 1168 Guido
688 1097 733 1170 de
747 1099 935 1186 Moriens,
954 1109 989 1171 et
1006 1101 1113 1171 multa
1136 1100 1203 1170 alia
1220 1120 1299 1170 ossa
1322 1099 1508 1186 baronum,
1527 1097 1690 1170 comitum
1710 1109 1745 1171 et

328 1217 566 1290 marchionum
588 1222 649 1314 qui
671 1221 705 1291 in
722 1222 876 1293 exercitu
893 1223 1082 1314 Cartaginis
1099 1223 1277 1310 obierunt,
1298 1221 1388 1292 sicut
1405 1242 1479 1294 rnos
1491 1229 1555 1292 est.
1576 1221 1744 1295 Dominus

327 1342 639 1416 vero'Oddoardus
663 1343 756 1418 filius
778 1345 869 1440 regis
884 1345 1010 1440 Anglis
1031 1369 1112 1420 cum
1136 1367 1261 1440 magua
1282 1343 1444 1420 comitiva
1471 1346 1618 1418 militum
1642 1368 1743 1420 cruce

327 1466 542 1559 signatorum
564 1477 598 1540 et
621 1491 742 1550 comes¹
761 1470 857 1565 Piyto
879 1472 982 1544 frater
999 1471 1145 1544 condam
1167 1470 1258 1561 regis
1282 1470 1425 1542 Francia
1450 1491 1530 1542 cum
1553 1481 1655 1564 gente
1677 1493 1743 1544 sua

327 1610 434 1663 causa
460 1592 663 1665 transeundi
687 1593 776 1666 ultra
801 1615 896 1666 mare
917 1595 952 1665 iu
984 1595 1241 1689 recuperatione
1267 1595 1371 1666 Terre
1393 1593 1518 1666 Sancte
1538 1591 1587 1689 (a)
1608 1603 1644 1666 et
1667 1592 1743 1666 siue

328 1713 409 1787 fallo
432 1716 643 1805 transibunt,
665 1717 732 1788 nisi
760 1719 962 1790 remanserit
986 1739 1048 1813 pro
1070 1727 1181 1789 morte
1203 1699 1321 1788 Aurini
1351 1715 1412 1788 filii
1442 1717 1576 1788 comitis
1604 1716 1741 1789 ltizardi

326 1835 372 1909 de
396 1835 522 1932 Anglia
548 1841 610 1934 qui
635 1850 707 1913 erat
734 1842 1011 1936 consanguineus
1036 1863 1221 1935 germanus
1245 1839 1329 1912 dicti
1353 1839 1484 1913 domini
1507 1838 1684 1912 Oddoardi
1707 1849 1742 1912 et

325 1983 432 2055 quem
456 1962 618 2036 dominus
640 1963 849 2037 Oddoardus
872 1965 1175 2038 recomendaverat
1203 1951 1346 2036 domiuow
1370 1962 1503 2058 Philipo
1530 1962 1603 2056 regi
1627 1963 1742 2035 Frau-

325 2107 461 2158 corum.

378 2208 569 2284 «Aliorsus
585 2213 647 2284 Dei
664 2213 774 2306 gratia
789 2215 1022 2286 Romanorum
1034 2234 1098 2285 rex
1109 2234 1246 2309 semper
1257 2222 1426 2306 augustus
1438 2221 1473 2284 et
1483 2211 1641 2300 Castolle,
1656 2211 1741 2284 Tho

324 2332 402 2425 leti,
423 2334 600 2428 Legionis,
622 2335 767 2424 Calicis,
795 2338 929 2424 sibilie,
963 2337 1140 2426 Cordube,
1166 2337 1319 2424 ltlurcie,
1345 2335 1509 2408 lobouuis
1529 2344 1562 2407 et
1586 2334 1741 2429 Algarbii

323 2476 406 2546 rex,
425 2459 566 2552 egregio
592 2459 667 2531 viro
693 2461 808 2532 comiti
832 2459 995 2532 Ubertino
1016 2459 1061 2532 da
1084 2461 1202 2533 Laudo
1226 2459 1402 2532 carissimo
1426 2459 1556 2530 vasallo
1576 2480 1640 2532 suo
1662 2481 1753 2554 gra.

324 2579 408 2652 tiam
432 2603 531 2654 suam
560 2591 595 2654 et
619 2583 886 2656 omnebonum.
914 2583 1164 2656 Sollicitudiuis
1186 2594 1220 2654 et
1238 2583 1400 2656 ferventis
1425 2582 1505 2655 lidei
1532 2592 1592 2654 tue
1616 2583 1739 2655 zellum

324 2725 428 2798 quem
452 2705 579 2780 babere
599 2707 769 2802 probabili
785 2707 1022 2802 experimento
1040 2717 1074 2780 te
1092 2708 1254 2780 novimus
1272 2707 1318 2780 ad
1334 2708 1591 2802 procurandum
1609 2719 1644 2780 et
1660 2709 1741 2782 totis

324 2827 394 2900 tuis
411 2829 547 2902 viribus
563 2827 844 2925 prosequendum
862 2831 967 2902 nostri
994 2831 1242 2925 promotionem
1263 2831 1413 2902 nominis
1435 2843 1469 2902 et
1491 2831 1649 2924 honoris,
1679 2854 1740 2908 oo-

323 2953 459 3044 gnoscit
484 2964 600 3026 nostra
623 2953 788 3025 serenitas
807 2953 1003 3043 evidenter;
1026 2975 1073 3026 ex
1097 2975 1168 3048 quo
1185 2955 1236 3026 sic
1252 2963 1286 3025 te
1303 2955 1471 3027 habemus
1490 2957 1526 3028 iu
1550 2965 1739 3052 conspectu

324 3085 441 3148 nostro
468 3079 590 3151 merito
613 3080 807 3172 graciosum
829 3087 869 3149 ut
891 3077 937 3150 de
958 3088 991 3149 te
1012 3087 1176 3173 tauquam
1197 3077 1242 3151 de
1265 3081 1432 3175 precipuo
1446 3090 1480 3152 et
1503 3081 1629 3155 dilecto
1643 3081 1738 3174 fideli

322 3209 441 3272 nostro
460 3201 495 3271 in
522 3201 645 3272 nostris
670 3209 704 3272 et
729 3199 861 3294 imperii
887 3200 1033 3294 agendis
1055 3201 1232 3295 potissime
1254 3200 1473 3276 confidimus.
1497 3204 1611 3288 Quare
1629 3202 1738 3278 dilec-

323 3321 451 3394 tiouem
477 3331 572 3394 tuam
592 3331 745 3394 urtamus
771 3332 806 3394 et
831 3323 1054 3394 sollicitamus
1075 3333 1202 3395 attente
1224 3333 1397 3418 quatenus
1425 3326 1613 3400 adventum
1640 3349 1738 3400 nou-

322 3443 456 3516 ciorum
475 3459 509 3517 et
531 3445 745 3518 sindicorum
772 3445 1010 3516 communium
1033 3459 1068 3518 et
1090 3447 1237 3540 partium
1262 3447 1395 3544 imperii
1424 3449 1627 3522 lombardie
1648 3473 1737 3545 quos

321 3567 556 3641 intelleximus
569 3569 615 3642 ad
632 3579 782 3642 nostram
796 3571 1001 3664 presentiam
1022 3591 1221 3642 accessuros
1240 3581 1279 3642 ut
1297 3571 1398 3644 nobis
1423 3573 1549 3646 iaciant
1564 3573 1737 3648 fidelitatis

322 3689 439 3764 debite
452 3693 663 3783 juramenta,
682 3693 884 3764 accellerare
895 3713 1069 3786 procures,
1091 3703 1128 3764 ut
1146 3694 1245 3766 nobis
1258 3697 1316 3787 jus
1329 3699 1443 3792 ipsum
1458 3696 1553 3791 quod
1568 3700 1736 3774 habemus

320 3815 357 3886 in
383 3815 526 3910 imperio
553 3815 839 3910 prosequentibus
863 3837 942 3886 oum
968 3817 1106 3908 effectu,
1136 3818 1371 3892 dillaceratum
1398 3821 1600 3895 reformetur
1623 3825 1734 3921 impe·

320 3939 432 4028 rium,
455 3939 611 4011 civitates
635 3939 672 4008 in
696 3939 797 4034 plena
820 3939 953 4030 justitia
979 3941 1175 4030 foveantur,
1198 3943 1408 4016 honorentur
1432 3946 1584 4038 nobiles,
1612 3949 1735 4022 vivant

320 4059 357 4131 iu
370 4061 501 4133 unitate
510 4061 629 4156 populi
651 4058 658 4156 Ι
679 4069 714 4132 ct
725 4069 839 4156 optata
854 4061 972 4154 quiete
990 4063 1165 4156 gaudeant
1177 4065 1395 4160 singulariter
1406 4069 1536 4162 singuli
1547 4073 1732 4148 etunivcr·
1759 4079 1924 4128 ‘dotum-

319 4184 436 4256 solitar
456 4183 621 4256 universi.
644 4185 687 4255 Et
714 4205 794 4257 eece
817 4185 884 4255 viri
910 4185 1042 4258 nobiles
1065 4185 1208 4282 Agonus
1230 4191 1445 4286 Martsllinus
1468 4203 1503 4265 et
1530 4195 1732 4270 Guillalmus

317 4307 448 4379 Burrus
479 4307 721 4380 ambaxatores
748 4306 855 4402 partis
881 4309 1074 4382 extrinsece
1103 4312 1308 4402 Mediolani,
1339 4315 1463 4388 latores
1494 4321 1726 4413 presentium,

318 4427 438 4502 fideles
461 4429 585 4522 nostri,
614 4438 728 4502 nostre
752 4430 937 4504 voluntatis
959 4441 994 4504 et
1015 4435 1181 4529 propositi
1204 4433 1253 4532 (b)
1271 4437 1306 4508 iu
1332 4438 1496 4532 predictis
1518 4441 1580 4512 tibi
1604 4444 1730 4518 clarius

358 4679 403 4762 (a)
425 4683 469 4744 lbl
483 4683 628 4762 quaedam
642 4684 743 4746 deesse
756 4685 904 4748 videntur.

359 4787 399 4868 (t)
422 4787 468 4850 Ibl
482 4805 601 4869 qnoque
614 4791 730 4852 lacuna.
