4594 6066
793 669 836 732 IN
860 668 1001 751 lTllLlll
1025 667 1192 730 trusels:
1638 673 1696 735 19¹1

269 807 341 882 dici
363 833 372 879 ε
394 832 413 878 ι
433 807 515 880 Dies
530 806 610 896 illa,
628 803 705 878 dies
723 803 794 897 ire,
812 804 889 880 dies
905 802 1153 895 tribulationis,
1176 799 1252 874 dies
1266 801 1470 874 calamitatis
1485 813 1520 876 et
1540 807 1693 892 miserie,

268 931 347 1006 dias
361 954 490 1026 magna
507 939 544 1004 et
555 950 674 1004 amara
689 930 807 1003 nimie.
827 955 846 1000 n
865 931 1028 1003 Preterea
1043 925 1164 1000 nuncii
1180 937 1215 1000 et
1229 935 1467 1023 procuratores
1483 930 1576 1023 regis
1591 932 1697 1004 Fran·

267 1077 409 1147 corum,
442 1055 538 1146 regis
564 1053 774 1148 Anglorum,
803 1055 1020 1148 aliorumque
1048 1073 1171 1148 regum
1203 1050 1469 1124 occidentalium
1501 1053 1697 1128 insistentes

268 1179 514 1274 supplicabant
541 1177 683 1252 domiuo
708 1201 799 1274 pape
827 1189 866 1250 ut
891 1180 1001 1274 ipsam
1032 1176 1170 1250 differet
1196 1175 1422 1248 contanciam.
1449 1176 1611 1251 Similiter
1635 1201 1698 1274 pa-

267 1301 689 1397 triarcharlquilegieusis
713 1300 805 1374 dixit
828 1301 970 1376 domino
986 1323 1076 1397 pape
1092 1300 1188 1396 quod
1210 1301 1281 1374 due
1306 1302 1489 1395 columpne
1509 1310 1607 1374 erant
1629 1324 1699 1397 que

268 1426 443 1500 mundum
466 1425 726 1519 substinebant,
748 1425 879 1500 scilicet
896 1426 1042 1500 ecclesia
1059 1447 1130 1498 uua
1146 1433 1180 1496 et
1203 1423 1389 1520 imperium
1412 1423 1492 1496 alia.
1509 1425 1610 1498 Unde
1631 1425 1698 1498 do-

268 1551 388 1623 minus
406 1571 496 1646 papa
516 1549 607 1622 dixit
623 1549 835 1645 patriarche,
862 1559 901 1620 ut
923 1558 1072 1640 taceret,
1092 1547 1246 1641 alioquin
1266 1547 1411 1619 aulierat
1430 1547 1462 1620 ai
1481 1549 1638 1620 anulum.
1656 1548 1698 1622 Et

267 1674 318 1748 ita
335 1673 499 1748 dominus
517 1694 610 1770 papa
623 1673 803 1746 voluntate
825 1672 918 1745 illius
936 1671 1073 1745 concilii
1090 1671 1292 1743 clericorum
1312 1679 1346 1743 et
1359 1671 1512 1744 maxime
1529 1671 1699 1766 instigan-

269 1795 358 1866 tium
383 1804 417 1867 et
443 1795 607 1888 instigatu
630 1794 680 1890 (a)
698 1795 950 1891 archiepiscopi
973 1794 1101 1867 Galicie
1125 1803 1160 1866 et
1184 1793 1387 1866 clericorum
1401 1793 1572 1888 Yspanie,
1588 1796 1698 1869 Lom-

267 1917 478 2008 bardorum,
509 1918 727 2012 aliarumque
749 1919 918 2013 partium,
945 1917 1156 1991 sentenciam
1181 1917 1407 2013 depositionis
1431 1929 1551 1990 contra
1578 1919 1696 2015 impe-

266 2051 417 2116 ratorem
433 2039 606 2136 pmtullit‚
631 2051 671 2114 ut
688 2043 834 2116 inlerius
849 2043 1056 2117 denotatur:

321 2189 341 2234 a
360 2165 583 2238 Innocentius
601 2167 805 2262 episeopus,
822 2188 946 2240 servus
963 2186 1141 2240 servorum
1157 2165 1234 2250 Dei,
1255 2185 1353 2236 sacro
1370 2173 1529 2259 presente
1548 2165 1694 2239 concilio

267 2287 315 2362 ad
329 2289 381 2362 rei
402 2287 605 2362 memoriam
629 2291 888 2386 sempiternam.
909 2288 966 2362 Ad
988 2289 1174 2386 apostolice
1197 2287 1375 2382 diguitatis
1393 2287 1526 2383 apicem
1545 2285 1595 2385 (b)
1613 2289 1693 2363 licet

267 2410 405 2507 indigni
433 2412 638 2504 dignatione
668 2413 789 2488 divine
818 2413 1007 2508 majestatis
1032 2411 1206 2508 asumpti‚
1240 2411 1395 2484 omnium
1426 2409 1691 2486 christianorum

267 2558 386 2609 curam
406 2537 505 2630 vigili
529 2536 722 2631 sedulaque
747 2538 892 2611 solercia
918 2557 1039 2632 gerere
1064 2557 1106 2608 ιο
1132 2535 1252 2606 intime
1281 2533 1566 2606 considerationis
1589 2538 1691 2610 oculo

266 2659 485 2754 singulorum
515 2659 711 2732 discernere
743 2659 866 2732 merita
890 2669 925 2732 et
953 2659 1100 2753 provide
1127 2657 1383 2730 deliberationis
1410 2665 1536 2730 statera
1566 2659 1691 2732 librare

268 2779 456 2872 debemus3
477 2788 517 2852 ut
531 2803 620 2875 quos
634 2782 719 2875 justi
738 2781 839 2876 vigor
856 2781 1052 2875 exagminis
1070 2781 1197 2874 dignos
1220 2779 1422 2871 ostenderit,
1445 2781 1608 2873 congruis
1625 2803 1691 2854 ac-

267 2903 429 2977 tollamus
459 2904 657 2996 favoribus3
684 2926 773 2998 quos
800 2913 916 2978 autem
942 2925 1041 2992 reos,
1063 2905 1162 3001 penis
1191 2904 1316 2977 debitis
1343 2903 1599 3000 deprimamus,
1625 2903 1690 2978 ad-

266 3027 460 3123 pendantes
482 3047 620 3123 semper
640 3029 804 3100 meritum
820 3037 856 3102 et
873 3027 1042 3124 premium
1059 3050 1149 3123 equa
1167 3029 1284 3120 lance,
1312 3028 1535 3101 retribuendo
1562 3029 1691 3125 cuique

263 3152 367 3243 juxta
391 3151 594 3248 qualitatem
622 3152 737 3247 operis
760 3173 851 3248 pene
879 3152 938 3226 vel
967 3152 1077 3246 gratie
1106 3153 1345 3246 quantitatem.
1379 3155 1470 3226 Sane
1501 3175 1582 3225 cum
1614 3153 1691 3228 dira

266 3297 472 3370 guerrarum
499 3277 690 3349 commocio
715 3277 900 3349 nonnullas
928 3277 1151 3373 professionis
1177 3275 1362 3350 christiane
1382 3279 1580 3374 provincias
1606 3278 1691 3352 diu·

267 3400 344 3473 cius
367 3399 562 3492 afflixisset,
583 3421 648 3472 nos
662 3407 732 3474 toto
748 3401 926 3496 cupientes
940 3401 1065 3472 mentis
1079 3399 1203 3472 affectu
1219 3401 1501 3495 tranquillitatem
1518 3410 1553 3474 et
1567 3424 1690 3497 pacem

267 3521 353 3596 dare
386 3523 541 3596 Ecclesia
575 3525 699 3597 Sancte
733 3525 796 3597 Dei
830 3546 872 3596 ιο
899 3524 1104 3618 generaliter
1137 3531 1209 3596 toto
1244 3525 1374 3619 populo
1409 3523 1616 3613 christiano,
1643 3525 1691 3598 ad

267 3645 489 3722 Fredericnm
511 3647 717 3744 precipuum
743 3647 937 3746 principem
956 3649 1165 3738 secularem,
1191 3647 1393 3738 hujusmodi
1418 3647 1639 3720 dissentionis
1657 3658 1691 3722 et

265 3771 499 3848 tribulationis
517 3782 688 3866 actorem,
715 3796 736 3848 a
758 3774 869 3848 lelicis
887 3773 1136 3846 recordationis
1156 3773 1318 3866 Gregorio
1335 3795 1427 3868 papa
1447 3771 1692 3868 predecessore

266 3907 386 3970 nostro
402 3919 466 3992 pro
484 3897 558 3969 suis
572 3898 758 3970 excesibus
772 3897 1000 3972 anathematis
1018 3897 1159 3970 vinculo
1178 3895 1396 3988 innodatum,
1415 3897 1583 3992 speciales
1597 3919 1691 3970 nun-

267 4019 342 4094 cios
360 4041 487 4114 magne
503 4021 695 4094 autoritatis
712 4021 827 4112 viros,
853 4021 1017 4096 videlieet
1035 4019 1251 4094 venerabiles
1273 4021 1394 4092 fratres
1414 4031 1549 4094 nostros
1567 4021 1606 4093 P.
1625 4020 1690 4093 ΑΙ-

267 4143 472 4236 bauensem,
488 4152 573 4215 tuno
590 4143 903 4239 llothomagensem
917 4143 963 4241 (c)
977 4143 1289 4240 archiepiscopum,
1307 4151 1341 4216 et
1354 4143 1572 4215 Goillelmum
1586 4145 1691 4217 Sabi·

268 4289 414 4342 nensem
439 4277 542 4360 tunc,
571 4267 749 4362 quondam
772 4267 1022 4361 Mutinensem,
1050 4268 1230 4365 episcopos
1249 4263 1301 4362 (d)
1323 4287 1365 4338 ac
1388 4266 1553 4338 dilectum
1580 4267 1690 4340 filium

312 4457 354 4540 (a)
375 4461 491 4535 Ιιοιιι,
505 4467 539 4522 ut
553 4463 750 4538 suspicamur,
765 4462 900 4538 mutilus,
916 4461 989 4523 dum
1004 4467 1032 4524 et
1042 4459 1186 4540 instigata
1200 4457 1350 4521 abundare
1364 4459 1532 4522 rideantur.

310 4565 353 4646 (b)
376 4569 411 4629 In
425 4567 527 4629 oodlce
539 4565 740 4647 apostolicam,
755 4571 864 4648 lnepte.

309 4671 348 4752 (c)
376 4674 413 4732 In
432 4673 533 4734 oodlee
550 4671 787 4755 Rotbomnprom.

313 4775 356 4856 (d)
378 4779 414 4837 In
430 4778 532 4839 eodlee
545 4779 716 4859 aptemur.
