4534 6074
592 651 634 714 94
1011 651 1252 714 CllllONlCON
1277 651 1578 716 utacuuutuutl.

594 789 718 882 ingens
734 784 890 880 tristitia,
910 786 1010 861 dolor
1031 799 1066 864 et
1082 789 1230 864 mestitia
1246 789 1408 864 concives
1426 789 1612 867 Mediolani
1631 791 1757 872 milites
1776 801 1811 868 et
1829 794 2012 890 populares

485 946 489 955 ·
594 912 794 986 omnimodo
808 912 952 1004 invasit,
972 914 1034 1008 qni
1055 915 1146 988 illico
1160 915 1211 986 ira
1229 923 1265 988 et
1283 915 1401 989 dolore
1418 914 1623 1008 gravissime
1641 918 1803 992 commoti
1821 919 2011 994 exereitum

595 1038 741 1108 militum
759 1047 794 1108 et
809 1036 964 1131 peditum
982 1038 1114 1111 anxilio
1129 1039 1321 1112 amicorum
1339 1061 1460 1113 eorum
1478 1060 1584 1135 super
1599 1047 1706 1114 terras
1721 1040 1864 1114 istorum
1880 1043 2010 1134 iecere,

596 1170 634 1232 nt
649 1161 694 1234 de
714 1170 782 1233 tam
802 1160 952 1258 pessimo
966 1174 1002 1233 et
1019 1161 1152 1236 crudeli
1171 1163 1324 1236 facinore
1341 1163 1534 1236 vindictam
1548 1173 1689 1260 possent
1700 1186 1850 1239 sumere.
1954 1235 1957 1242 .

1053 1417 1103 1488 De
1127 1419 1292 1492 obsidione
1317 1417 1381 1490 loci
1405 1417 1567 1490 Cleuoeii.

646 1595 694 1666 M.
711 1593 921 1685 CC.XXX1,
950 1593 1008 1666 die
1037 1595 1201 1667 mercurii
1228 1597 1291 1668 Xll
1316 1593 1484 1668 kalendas
1504 1595 1597 1688 junii
1619 1592 1688 1690 (l),
1715 1595 1810 1667 mille
1828 1595 1965 1688 equites
1982 1605 2016 1668 et

597 1728 746 1814 quatuor
764 1719 856 1790 milia
874 1717 1009 1813 pedites
1027 1717 1214 1791 Mediolani
1232 1721 1349 1815 equis,
1376 1720 1481 1791 armis
1503 1731 1538 1792 et
1562 1719 1754 1814 temptoriis
1775 1720 1915 1813 egregie
1932 1741 2016 1814 pre·

598 1843 708 1938 parati
729 1841 904 1913 ciuitatem
925 1842 1104 1928 exierunt;
1123 1843 1187 1914 iter
1206 1842 1254 1915 ad
1270 1853 1384 1939 partes
1409 1843 1644 1938 predictorum
1658 1843 1955 1938 iniquissimorum
1971 1841 2017 1915 ad

597 1975 706 2038 terras
721 1987 840 2038 eorum
860 1975 895 2036 et
918 1965 994 2036 loca
1014 1975 1049 2038 et
1070 1975 1180 2040 castra
1202 1967 1424 2060 subjuganda
1448 1977 1484 2040 et
1501 1965 1745 2062 depopulanda
1768 1966 1941 2060 eripuere.
1954 1967 2018 2038 ¹Die

598 2111 683 2162 vero
707 2092 844 2162 veneris
881 2089 1033 2184 proximi
1062 2089 1238 2184 sequentis
1264 2091 1389 2164 milites
1411 2091 1584 2164 Placentia
1604 2111 1749 2162 numero
1775 2089 1835 2160 LX
1858 2091 2019 2162 decenter

599 2217 741 2306 armati,
761 2216 883 2304 armis,
904 2217 1023 2310 equis,
1043 2215 1233 2310 templariis
1251 2227 1285 2288 et
1305 2217 1383 2288 aliis
1401 2218 1505 2290 rebus
1523 2216 1728 2290 necessariis
1747 2215 1921 2310 preparati
1938 2235 2018 2287 cum

599 2349 736 2413 centum
750 2339 941 2412 halestariis
955 2339 1002 2412 ad
1016 2339 1208 2410 communis
1221 2339 1580 2434 Placentieexpensas
1601 2337 1609 2436 Ι
1631 2342 1667 2411 in
1679 2337 1840 2412 subsidio
1849 2338 2019 2412 Mediola-

600 2465 760 2537 nensinm
777 2473 999 2560 perexerunt.
1020 2465 1081 2535 Die
1097 2464 1215 2536 martis
1232 2465 1277 2535 Vl
1292 2462 1457 2536 kalendas
1469 2463 1561 2555 junii
1573 2465 1626 2554 (2)
1644 2463 1820 2535 exercitus
1833 2463 2020 2534 Mediolani

600 2611 682 2662 cum
695 2588 927 2660 vercellarum
944 2586 1110 2658 militibus
1125 2597 1160 2658 et
1179 2585 1357 2681 peditibus
1374 2595 1507 2657 etcum
1532 2594 1671 2657 centnm
1689 2583 1858 2656 militibus
1873 2583 2022 2657 Novaria

602 2725 637 2786 et
653 2712 753 2784 turba
770 2733 896 2802 magna
914 2709 1074 2806 peditum
1099 2718 1231 2782 etcum
1250 2717 1388 2781 centnm
1403 2709 1573 2781 militibus
1587 2709 1705 2782 brixia
1723 2717 1758 2780 et
1775 2719 1915 2782 centum
1933 2709 2021 2780 mili·

601 2837 695 2910 tibus
722 2834 934 2907 Alexandria
960 2845 994 2906 et
1015 2835 1111 2906 mille
1133 2831 1310 2928 peditibus
1337 2843 1372 2906 et
1390 2833 1467 2906 aliis
1491 2832 1702 2927 quibusdam
1725 2852 1848 2904 eorum
1876 2831 2018 2924 amicis,

602 2963 695 3034 cirea
717 2967 868 3032 castrum
893 2955 937 3029 de
964 2957 1121 3030 Clavasio
1148 2979 1212 3030 sua
1239 2966 1432 3053 posuerunt
1451 2957 1617 3047 tentoria,
1645 2955 1734 3029 illud
1758 2955 1918 3050 undique
1944 2977 2022 3028 cum

603 3083 804 3178 manganis,
825 3081 1012 3176 predariis,
1040 3081 1160 3175 gattis,
1179 3081 1358 3154 trabuebis
1377 3090 1412 3153 et
1436 3081 1514 3153 aliis
1537 3079 1708 3153 machinis
1734 3081 1880 3153 viriliter
1902 3103 2022 3176 expu-

604 3217 762 3304 gnantes.
791 3205 892 3292 Quod
918 3215 1068 3277 castrum
1091 3205 1193 3278 fossis
1218 3215 1253 3278 et
1273 3203 1392 3300 spadis
1419 3203 1622 3278 firmissimis
1650 3215 1726 3276 erat
1753 3203 1911 3299 undique
1939 3227 2023 3276 mn-

604 3331 715 3402 nitum
738 3329 865 3425 pariter
891 3337 926 3400 et
955 3327 1133 3400 vallatum.
1157 3329 1291 3400 Revera
1320 3337 1472 3399 castrum
1499 3327 1587 3400 illud
1611 3335 1726 3422 potest
1751 3327 1919 3422 appellari
1943 3327 2023 3402 Cla-

604 3455 742 3528 vasium
770 3473 818 3525 ex
845 3452 943 3523 clave
964 3476 973 3520 ε
993 3461 1046 3523 est
1073 3451 1181 3522 clavis
1214 3447 1260 3522 ad
1291 3460 1407 3545 partes
1437 3450 1579 3522 Taurini
1606 3449 1809 3523 volentibus
1839 3450 2021 3540 accedere,

606 3579 709 3650 simili
726 3575 831 3648 modo
849 3575 892 3647 ad
910 3583 1024 3670 partes
1043 3574 1275 3646 vercellarum
1293 3573 1527 3646 venientibus.
1548 3574 1633 3646 Cum
1652 3583 1768 3647 autem
1786 3575 1822 3646 iu
1843 3574 2024 3697 obsidionp

607 3702 716 3798 ipsius
731 3701 830 3772 castri
853 3706 1108 3794 permanerent,
1126 3697 1354 3793 percipientes
1374 3697 1471 3792 quod
1487 3697 1685 3793 inceperant
1709 3698 1755 3771 ad
1774 3697 1879 3771 finem
1895 3707 2025 3794 nequa·

607 3848 713 3921 qnam
724 3823 915 3920 perducere
925 3843 1025 3918 posse
1035 3822 1102 3893 nisi
1117 3821 1322 3894 intrantibus
1337 3831 1372 3896 et
1389 3823 1601 3894 exeuntibus
1613 3824 1659 3896 de
1669 3823 1746 3918 ipso
1757 3823 1833 3896 loco
1844 3826 2025 3896 transitum

608 3949 845 4045 prohiberent,
866 3945 1041 4018 habebant
1063 3945 1156 4017 enim
1174 3945 1350 4017 intrinseci
1376 3945 1413 4017 in
1441 3945 1550 4020 lluvio
1574 3947 1660 4021 Padi
1690 3969 1800 4022 naves
1827 3947 2027 4020 mirabiliter

609 4081 840 4158 constructas,
858 4069 1010 4141 munitas
1027 4067 1220 4140 halestariis
1240 4077 1275 4140 et
1297 4068 1383 4141 viris
1405 4069 1637 4163 prudentibus
1661 4093 1741 4144 cum
1759 4073 1889 4167 quibus
1907 4073 2025 4146 voleu-

612 4196 703 4268 tibus
716 4195 845 4267 intrare
860 4193 897 4264 in
914 4191 991 4288 ipso
1007 4192 1082 4264 loeo
1104 4199 1140 4263 et
1164 4191 1261 4264 exire
1276 4201 1312 4264 et
1335 4191 1499 4264 victualia
1522 4201 1558 4264 et
1580 4193 1650 4266 alia
1667 4197 1861 4266 necessaria
1877 4206 2027 4288 prestare

612 4318 791 4390 transitum
807 4315 1016 4412 prebebant,
1034 4313 1101 4387 hoc
1116 4322 1232 4388 autem
1246 4315 1322 4389 viso
1336 4324 1371 4389 et
1387 4314 1527 4411 cognito
1547 4315 1596 4388 illi
1619 4313 1666 4388 de
1680 4315 1907 4412 expeditione
1922 4336 2028 4389 navos

650 4677 687 4752 (l)
706 4679 742 4735 Le
760 4675 893 4734 marcradi
905 4679 935 4736 2⁴
953 4676 1016 4735 mai.
1030 4678 1097 4735 Date
1115 4680 1218 4734 exacte.

650 4777 686 4849 (a)
705 4777 742 4833 te
755 4774 889 4834 namra-t
903 4775 968 4834 ma.
