4594 6066
810 651 855 712 tlt
879 651 1021 714 l'rlltla
1045 651 1197 714 ossula
1651 653 1713 716 205

291 811 334 864 ao
352 789 544 863 Romanam
557 786 746 860 Ecclesiam
762 787 863 878 cnjus
878 787 1110 883 principaliter
1128 795 1209 858 sunt
1224 785 1384 860 homines
1397 795 1432 858 et
1448 787 1584 879 vasalli,
1600 789 1713 862 offen-

293 912 377 987 dere
392 911 630 1008 multiplieiter
648 920 682 984 et
704 910 874 984 hostiliter
890 910 1098 1008 impugnare
1114 909 1301 1006 compellit.
1324 911 1443 983 Posset
1459 911 1563 983 etiam
1590 913 1713 986 merito

292 1035 501 1132 reprehendi
528 1033 625 1129 quod
652 1034 748 1106 mille
770 1035 997 1129 squifatorum
1022 1031 1070 1128 (a)
1093 1055 1246 1106 annuam
1271 1033 1472 1129 pensionem
1497 1034 1534 1105 in
1557 1057 1628 1128 qua
1650 1056 1713 1132 pro

293 1158 418 1233 eodem
446 1179 554 1252 regno
577 1158 643 1251 ipsi
662 1157 816 1229 Ecclesia
833 1159 985 1231 Romane
1003 1165 1159 1248 tenetur,
1182 1179 1243 1253 per
1259 1156 1349 1230 Vllll
1367 1177 1478 1230 annos
1505 1165 1540 1228 et
1563 1157 1715 1253 amplius

292 1283 428 1356 solvere
445 1281 685 1378 pretermissit.
704 1279 776 1353 Nos
797 1281 915 1375 itaque
941 1302 1047 1376 super
1068 1280 1245 1376 premissis
1267 1289 1302 1352 et
1326 1301 1430 1374 quam
1451 1280 1610 1375 pluribus
1636 1281 1714 1354 aliis

291 1408 368 1499 ejus
384 1401 582 1500 nephandis
597 1401 801 1476 excessibus
823 1426 904 1476 cum
921 1403 1084 1476 tratribus
1101 1404 1227 1478 nostris
1244 1413 1279 1475 et
1294 1425 1393 1476 sacro
1412 1403 1557 1476 concilio
1574 1403 1715 1478 delibe-

290 1528 426 1602 ratione
449 1525 569 1600 habita
585 1525 760 1620 diligenti,
780 1549 859 1600 cum
878 1528 985 1600 Jhesn
1009 1527 1131 1600 Christi
1149 1527 1245 1600 vices
1260 1528 1339 1600 licet
1355 1527 1516 1598 immeriti
1534 1533 1714 1600 teneamus

291 1649 443 1725 interris
461 1649 634 1744 nobisque
653 1649 690 1720 in
708 1649 801 1722 beati
814 1650 904 1722 Petri
923 1671 1067 1746 persona
1084 1650 1130 1721 sit
1146 1649 1278 1722 dictum
1297 1675 1307 1720 ε
1324 1673 1343 1720 u
1359 1649 1615 1746 Quodcumque
1630 1651 1715 1742 liga·

292 1775 387 1847 veris
400 1795 506 1870 super
519 1781 643 1847 terram
659 1772 725 1844 erit
740 1773 884 1866 ligatum
902 1775 938 1845 in
954 1774 1036 1846 celis
1051 1784 1082 1845 et
1101 1783 1220 1862 cetero,
1239 1797 1258 1843 n
1279 1783 1506 1846 memoratum
1520 1774 1714 1871 prinoipem

291 1897 354 1992 qui
373 1897 572 1991 se'imperio
596 1904 632 1970 et
650 1897 767 1990 regnis
791 1897 956 1992 omnique
974 1895 1105 1970 honore
1127 1919 1170 1970 ac
1188 1897 1356 1992 dignitate
1376 1896 1494 1970 reddit
1512 1907 1580 1969 mm
1596 1898 1713 1994 indig-

292 2041 397 2112 num,
420 2020 554 2114 quiquo
572 2027 709 2116 propter
725 2041 807 2092 suas
831 2019 1030 2114 iniquitates
1047 2043 1068 2093 a
1089 2022 1161 2092 Deo
1184 2042 1230 2092 ne
1251 2029 1373 2112 regnet
1393 2021 1450 2092 vel
1473 2021 1618 2116 imperet
1634 2019 1713 2121 [ost]

290 2143 466 2236 th'octus,
484 2143 559 2216 suis
570 2143 714 2238 ligatum
738 2143 890 2239 peccatis
905 2152 939 2216 et
955 2143 1130 2235 abjectum
1147 2144 1313 2239 omnique
1330 2145 1460 2218 honore
1481 2167 1523 2218 ac
1545 2146 1714 2239 dignitate

290 2269 469 2365 privatum
494 2269 682 2342 aDomino
704 2267 939 2360 ostendimus,
960 2267 1213 2341 denunciamus
1238 2289 1279 2342 ao
1301 2267 1546 2340 nichilominus
1570 2279 1714 2343 senteu-

290 2391 419 2466 ciando
439 2391 640 2488 privamus;
660 2413 780 2466 omnes
804 2393 867 2487 qui
892 2391 925 2465 ei
944 2393 1141 2484 juramento
1165 2389 1342 2465 fidelitatis
1365 2401 1525 2465 tenentur
1542 2393 1669 2465 astricti
1692 2415 1714 2466 a

287 2515 487 2607 juramento
516 2514 719 2607 hujusmodi
748 2523 917 2611 perpetuo
942 2515 1183 2599 absolventes;
1212 2515 1414 2588 auctoritate
1437 2516 1624 2610 apostolica
1653 2514 1713 2588 fir·

291 2637 394 2710 miter
427 2635 618 2710 inhibendo
648 2637 908 2732 nequisquam
937 2638 982 2710 de
1013 2647 1126 2735 cetero
1154 2637 1221 2710 sibi
1250 2645 1415 2732 tanquam
1447 2637 1715 2734 imperatoriae

291 2760 368 2856 regi
384 2757 447 2856 (d),
464 2759 667 2832 conscilium
684 2760 744 2832 vel
762 2759 932 2831 auxilium
952 2759 1135 2856 prestiterit
1155 2780 1218 2832 seu
1237 2761 1408 2852 savorem,
1430 2760 1507 2855 ipso
1526 2762 1615 2835 iacto
1633 2763 1713 2838 viu·

292 2884 373 2956 oulo
397 2881 768 2956 excommunicationis
789 2881 978 2974 subjacere.
998 2883 1049 2954 llli
1069 2889 1185 2955 autem
1207 2883 1244 2953 in
1270 2883 1391 2956 wdem
1419 2883 1565 2979 imperio
1583 2887 1714 2980 quibus

292 3005 509 3102 imperatoris
530 3014 664 3102 spectat
685 3005 826 3095 electio,
853 3004 982 3098 eligant
1005 3004 1112 3078 libere
1135 3025 1382 3078 suceessorem.
1403 3007 1455 3077 De
1479 3009 1611 3100 prelato
1629 3031 1713 3084 vero

292 3130 429 3204 Scicilie
453 3149 562 3223 regno
583 3129 769 3225 providere
795 3129 995 3202 curabimus
1015 3150 1096 3201 cum
1122 3126 1324 3202 eorumdem
1347 3129 1490 3200 fratrum
1517 3142 1713 3206 nostrorum

293 3253 451 3345 consilio,
465 3251 765 3326 sicutvidehimus
777 3251 958 3350 expedire.
973 3253 1098 3324 Datum
1111 3248 1234 3349 [apud]
1247 3251 1483 3346 Lugudinum,
1500 3255 1577 3328 xvl
1593 3229 1714 3329 lraleu·¹

293 3375 358 3451 das
387 3375 548 3470 augusti,
576 3374 796 3472 pontificatus
823 3375 931 3448 nostri
958 3395 1050 3448 anno
1077 3377 1204 3461 tercio,
1235 3373 1281 3447 ab
1310 3373 1545 3450 incarnatione
1574 3379 1712 3452 Domini

292 3503 342 3574 Μ.
356 3501 421 3574 CC.
439 3501 548 3590 xlv,
566 3500 756 3574 indictione
766 3499 824 3572 lll.
837 3529 855 3566 a

342 3625 429 3698 Cum
453 3633 570 3698 autem
589 3623 773 3719 imperator
790 3623 853 3718 qui
875 3629 948 3696 erat
966 3619 1061 3718 apud
1080 3620 1269 3693 Taurinum
1288 3621 1370 3694 talia
1386 3621 1597 3716 audivisset,
1618 3625 1713 3697 Con-

293 3746 418 3822 radum
437 3747 547 3818 filium
564 3769 668 3818 suum
682 3768 762 3818 cum
780 3745 973 3818 honorabili
990 3745 1137 3816 militum
1154 3743 1317 3818 comitiva
1330 3753 1366 3818 et
1380 3745 1534 3819 maximo
1551 3747 1714 3822 thesauro

292 3893 358 3968 per
372 3881 480 3944 terras
498 3871 634 3944 comitis
650 3870 787 3944 Savolie
803 3873 840 3942 in
857 3867 1073 3942 Alamauiam
1093 3866 1292 3940 destinavit.
1312 3867 1432 3939 Postea
1451 3871 1603 3964 acceptis
1621 3871 1714 3944 ossi-

294 3991 400 4066 dihus
415 3993 451 4065 iu
467 3992 696 4083 Alexandria,
713 3992 810 4066 venit
821 3992 1038 4064 Cremonam.
1055 3989 1124 4076 Qui
1145 4011 1225 4061 cum
1244 3988 1289 4063 de
1310 3989 1524 4084 quibusdam
1546 3994 1716 4069 militibus

292 4118 416 4191 Parme
447 4114 640 4207 dubitaret,
664 4115 835 4210 equitavit
864 4135 944 4188 eum
977 4114 1265 4186 Cremonensibus
1290 4113 1386 4209 apud
1415 4113 1567 4211 burgum
1597 4119 1713 4192 Sancti

292 4239 494 4336 Dompnini.
506 4238 663 4311 Dimissis
681 4239 730 4310 ihi
745 4237 1047 4327 Cremonensibus,
1066 4235 1236 4331 equitavit
1251 4259 1331 4309 cum
1346 4237 1512 4312 mihtibus
1530 4240 1602 4312 suis
1619 4240 1714 4314 Fon·

292 4373 411 4438 tanam
435 4363 577 4452 Vivam,
604 4361 809 4456 invenitque
833 4361 870 4431 in
899 4359 1084 4434 secretario
1111 4360 1205 4430 illius
1223 4359 1427 4432 'monasterii
1457 4362 1644 4458 scripturas
1668 4364 1714 4439 de

293 4486 489 4582 proditione
503 4493 538 4558 et
553 4492 663 4557 morte
679 4505 744 4558 sua
759 4493 795 4557 et
809 4483 901 4579 regis
919 4483 1052 4557 Henoii.
1069 4484 1112 4556 Et
1125 4481 1208 4555 inde
1225 4490 1377 4556 semotus
1399 4483 1540 4557 intravit
1556 4485 1714 4560 Parmam

337 4647 381 4728 (a)
401 4649 436 4712 In
450 4647 553 4709 codice
566 4643 769 4726 philocomus.

337 4753 378 4834 (b)
399 4753 448 4815 lbl
460 4754 547 4832 plura
559 4753 682 4830 desum,
697 4753 735 4815 de
748 4751 858 4831 qulbus
870 4749 910 4812 ci.
924 4749 1113 4830 Raynaldum
1127 4756 1157 4812 et
1169 4751 1354 4816 Matthaeum
1366 4753 1561 4817 Parlslensem
