4676 6066
717 659 960 726 canonicum
984 658 1283 724 Placentinum.
1675 653 1715 718 39

293 819 333 872 se
352 795 624 872 absconderunt.
637 795 702 868 Die
714 817 798 870 vem
810 797 894 871 lune
907 797 1078 892 sequenti,
1094 794 1194 868 tertio
1207 791 1373 868 kalendas
1391 791 1531 886 augusti
1543 788 1610 886 (t),
1628 812 1717 886 puer

295 921 433 996 Scicilie
457 922 659 995 Cremonam
684 921 844 1016 intrauit;
862 923 991 998 ibidem
1007 943 1134 1016 magna
1157 941 1237 992 cum
1255 917 1365 992 letitia
1380 917 1444 990 tuit
1461 925 1631 1012 receptus.
1651 916 1716 988 Die

292 1065 379 1118 uero
398 1045 481 1118 luna
502 1045 595 1118 Xllll
612 1044 779 1120 kelandas
797 1047 1002 1144 septembris
1020 1044 1083 1142 (2),
1101 1063 1188 1140 puer
1210 1041 1325 1114 dictus
1347 1041 1524 1114 Mantuam
1541 1039 1713 1135 porrexit,

295 1171 425 1246 dmude
439 1171 625 1246 Veronam.
649 1172 714 1245 Die
731 1181 847 1246 autem
865 1173 985 1246 martis
1000 1171 1179 1267 pmximu,
1201 1168 1285 1241 Xlll
1300 1166 1468 1240 kalendas
1489 1164 1714 1262 septembris,

293 1294 439 1390 quidam
457 1317 545 1391 puer
560 1295 814 1370 Theotbonicus
828 1297 930 1391 signo
947 1296 1060 1370 crucis
1073 1295 1230 1390 signatus
1243 1292 1306 1387 qui
1319 1291 1509 1366 vocabatur
1530 1288 1717 1362 ldcbolaus

295 1437 375 1492 cum
389 1440 517 1512 magna
533 1428 568 1492 et
584 1416 764 1494 indefinita
782 1419 1005 1494 multitudiue
1017 1417 1328 1493 Tbeotbouioorum
1345 1433 1532 1510 puerorum
1550 1421 1584 1486 et
1598 1412 1716 1484 inian-

295 1541 385 1614 tium
400 1541 618 1631 lactantium,
629 1541 821 1614 mulierum
835 1553 871 1616 et
885 1543 1079 1640 puellarum
1092 1544 1193 1636 siguo
1208 1539 1320 1614 crucis
1336 1537 1473 1610 Domini
1486 1537 1713 1632 signatorum,

295 1687 359 1762 per
373 1667 583 1740 Placentiam
601 1666 960 1740 transitum'lecerunt
974 1669 1065 1739 ultra
1082 1685 1178 1738 mare
1198 1662 1370 1761 proficisci
1389 1661 1602 1738 festinantes.
1616 1661 1716 1734 Dice·

300 1789 383 1862 bant
396 1790 490 1864 enim
508 1789 605 1885 quod
622 1790 691 1886 ipsi
705 1810 815 1884 puero
832 1811 894 1885 per
909 1790 1073 1880 angelum
1086 1789 1282 1860 nuntiatum
1299 1795 1373 1860 erat
1389 1785 1484 1881 quod
1500 1785 1576 1882 ipse
1590 1793 1626 1858 et
1640 1785 1716 1877 ejus

297 1933 465 2006 sequaces
481 1915 679 2010 sepulcrum
695 1913 831 1986 Domini
859 1911 905 1986 de
922 1912 1085 1984 manibus
1109 1921 1145 1984 et
1165 1912 1295 1984 virtute
1312 1911 1513 2006 iniquorum
1538 1931 1581 1984 ac
1607 1910 1717 2006 pessi·

297 2056 435 2109 morum
451 2037 701 2110 Saracenorum
715 2057 919 2132 recuperare
933 2035 1087 2110 deberet.

347 2159 396 2232 lt.
411 2159 475 2230 CC.
491 2159 570 2248 llll,
586 2159 775 2234 indictione
785 2161 911 2255 prima,
922 2158 980 2234 die
994 2159 1134 2233 veneris
1148 2159 1239 2232 vl111
1258 2156 1425 2233 kalendas
1440 2157 1635 2232 decembris
1652 2155 1717 2254 (3),

297 2281 487 2356 Placentini
500 2283 640 2356 iverunt
652 2283 818 2375 Bobium,
835 2291 870 2356 et
884 2281 1082 2379 depopulati
1096 2283 1135 2354 lu
1156 2279 1162 2380 Ι
1184 2291 1285 2354 erunt
1305 2283 1427 2356 uineas
1440 2283 1627 2356 etarbores
1649 2303 1722 2378 que

298 2405 349 2478 ibi
367 2405 532 2498 aderant,
549 2414 585 2480 et
599 2404 847 2480 destruxerunt
860 2415 896 2479 et
913 2407 1172 2480 combuserunt.
1196 2405 1260 2480 Dia
1284 2404 1456 2480 dominica
1474 2407 1635 2502 proxima
1657 2428 1720 2479 ve-

298 2529 434 2622 niente,
454 2551 536 2604 cum
552 2531 743 2604 Placentini
758 2529 884 2604 milites
896 2539 931 2604 et
945 2529 1082 2626 pedites
1098 2537 1133 2603 et
1149 2529 1318 2626 sumundi
1333 2529 1425 2602 circa
1438 2529 1585 2602 Bobium
1598 2531 1721 2604 mmati

298 2660 431 2726 starent
446 2662 482 2728 et
498 2653 621 2728 uineas
641 2662 678 2728 at
701 2653 841 2728 arbores
858 2653 1166 2751 depopulerautm,
1189 2654 1375 2728 Bcbienses
1400 2656 1555 2728 iecerunt
1582 2663 1721 2751 pactum

300 2795 380 2848 cum
398 2776 620 2850 Placentinis.
644 2776 855 2850 Iurarerunt
871 2797 1024 2872 numque
1046 2777 1204 2852 consules
1224 2779 1322 2852 Bobii
1346 2785 1382 2851 ct
1403 2778 1588 2852 consularii
1610 2788 1721 2854 etten-

301 2897 385 2973 dere
413 2908 449 2974 ot
477 2901 663 2974 observare
693 2911 728 2974 et
752 2900 865 2974 iacere
891 2899 1061 2974 intutum
1086 2910 1286 2997 preceptum
1308 2909 1343 2974 et
1362 2912 1524 3000 precepta
1540 2905 1722 2977 consulum

299 3025 495 3098 communis
521 3024 713 3114 Placentie,
732 3033 768 3098 et
784 3023 881 3120 quod
907 3025 1036 3100 taciem
1059 3026 1144 3100 ulios
1162 3027 1321 3100 homiues
1345 3027 1444 3100 Bobii
1463 3029 1582 3121 jurare
1606 3029 1643 3102 iu
1669 3039 1722 3102 to-

299 3155 377 3222 tum
391 3147 570 3224 attendere
582 3157 618 3222 et
632 3149 747 3222 iacere
759 3159 961 3246 preceptum
977 3159 1012 3223 et
1024 3160 1185 3247 precepta
1198 3151 1379 3224 consulum
1393 3151 1578 3226 Placentia.
1677 3231 1684 3248 ‚

349 3273 590 3367 lt.CC.xt11,
607 3271 798 3347 indictione
810 3273 936 3370 prima,
951 3275 989 3345 in
1006 3275 1186 3348 consulatu
1203 3273 1336 3348 Alberti
1355 3275 1452 3348 Sicce
1464 3277 1587 3369 Milite,
1604 3277 1722 3350 Oberti

301 3397 445 3487 Gnathi,
470 3399 588 3474 Oberti
623 3399 670 3474 de
696 3389 835 3474 Vidalta
863 3399 1092 3494 vicecomitis,
1112 3399 1297 3472 lombardi
1328 3398 1374 3473 de
1400 3401 1573 3496 Pontium,
1605 3403 1723 3476 Oberti

301 3523 437 3616 Stricti,
452 3524 626 3598 Guillelmi
651 3523 698 3599 de
720 3523 832 3618 Cario,
854 3525 1035 3598 consulum
1054 3525 1247 3598 communis
1268 3523 1455 3619 Placentie,
1482 3527 1607 3600 fossata
1631 3549 1724 3603 nora

303 3647 402 3722 inere
428 3647 556 3741 fodita,
576 3649 709 3722 scilicet
725 3649 865 3744 triginta
883 3647 1025 3723 brachia
1040 3670 1102 3744 per
1122 3646 1340 3722 latitudinem
1361 3658 1397 3723 et
1413 3659 1561 3744 quatuor
1582 3651 1724 3726 brachia

304 3793 367 3868 per
385 3773 509 3846 altum.
523 3771 658 3846 Eodem
680 3794 786 3867 auno,
803 3773 927 3846 ultima
950 3773 1145 3848 ebdomada
1174 3773 1303 3846 mensis
1327 3772 1452 3867 madii,
1476 3775 1725 3852 Cremonenses

305 3915 388 3968 cum
404 3892 541 3968 carocio
563 3904 599 3968 et
622 3916 703 3968 cum
718 3898 884 3970 universa
898 3907 1002 3991 geute
1018 3918 1138 3972 eurum
1157 3905 1192 3970 et
1209 3897 1327 3989 tortia,
1342 3898 1438 3994 apud
1458 3898 1614 3972 Castrum
1640 3903 1724 3976 Leo·

306 4037 386 4089 nem
420 4019 683 4112 equitaverunt3
708 4041 749 4093 ac
768 4021 856 4092 ultra
880 4020 966 4094 Serii
989 4021 1138 4114 flumen,
1159 4021 1248 4096 iuter
1272 4023 1399 4096 lectum
1423 4023 1499 4098 sive
1519 4047 1646 4100 cavum
1664 4049 1726 4122 per

305 4163 412 4238 quem
433 4149 508 4214 erat
535 4143 659 4217 solitus
685 4143 870 4219 veterrimo
895 4144 1098 4240 decurrere,
1116 4155 1152 4220 et
1174 4147 1276 4240 juxta
1293 4145 1344 4244 (a)
1368 4148 1500 4223 dictum
1532 4151 1662 4227 tlumeu
1688 4152 1725 4224 iu

347 4315 392 4398 (a)
413 4318 450 4380 In
464 4318 567 4380 codlca
576 4319 634 4382 tta.

345 4577 382 4652 (t)
400 4577 438 4636 Le
449 4577 523 4636 luudi
538 4583 573 4636 ³0
585 4579 681 4654 juillet.

345 4673 384 4748 (2)
404 4674 441 4731 bs
453 4673 528 4732 lundi
540 4677 576 4734 20
589 4675 663 4733 aodt.

346 4769 383 4845 (3)
402 4771 578 4830 levendredi
589 4774 624 4830 23
635 4771 789 4832 novembre.
