4554 6080
625 603 691 698 ’000
1106 633 1345 698 cunonucou
1372 635 1423 694 nn
1448 634 1577 696 ussus

630 773 667 844 in
682 772 766 868 ipsis
781 773 936 866 partibus
948 772 1086 845 insistas
1099 771 1245 845 viriliter
1259 779 1294 844 et
1305 771 1492 858 ferventer,
1501 769 1592 842 sicut
1602 770 1648 844 de
1658 769 1830 845 industria
1842 781 1902 848 tua
1912 794 2047 869 semper

629 896 838 970 confidimus
862 907 897 969 et
918 917 1113 991 speramns.
1134 897 1179 968 Et
1197 906 1236 967 ut
1259 893 1304 968 de
1326 894 1416 966 felici
1441 913 1602 990 processu
1620 903 1656 966 et
1681 895 1837 968 adventu
1864 908 1982 971 nostro
2000 896 2046 972 ad

629 1032 743 1116 partes
762 1022 854 1116 ipsas
878 1031 959 1092 tuus
975 1021 1113 1093 animus
1136 1021 1342 1112 gratuletur,
1362 1017 1498 1090 noverit
1522 1016 1669 1090 devocio
1691 1029 1749 1091 tua
1767 1019 1865 1113 quod
1886 1041 1967 1094 ecce
1988 1043 2045 1094 as·

628 1144 829 1216 sistentibus
857 1144 957 1216 nohis
989 1141 1286 1216 excellentissimis
1316 1150 1351 1214 et
1381 1140 1626 1236 potentissimis
1656 1142 1875 1238 principibus
1905 1143 2045 1218 domino

627 1266 827 1340 marchione
850 1267 1047 1340 Missinensi
1082 1276 1117 1339 et
1140 1265 1303 1339 Orientali
1334 1286 1401 1338 avo
1429 1273 1547 1337 nostro
1577 1264 1771 1355 canonino,
1802 1261 2044 1363 [dilectissimo

628 1399 725 1484 patre
751 1387 887 1486 nostro]
908 1391 1051 1464 domino
1075 1390 1281 1482 lantigravio
1298 1387 1467 1482 Duringie
1488 1409 1530 1460 ac
1547 1389 1698 1461 Saxonis
1717 1392 1845 1463 comite
1870 1391 2041 1486 palatino,

627 1515 826 1586 marchione
847 1515 893 1588 de
915 1514 1166 1602 landesbergh
1186 1512 1235 1606 (α)
1255 1523 1378 1608 patruo
1404 1511 1577 1608 (h)nostro
1599 1511 1724 1586 dilecto
1745 1535 1880 1586 necnon
1909 1515 2042 1608 magui·

625 1635 692 1710 fico
708 1639 866 1734 principe
883 1638 1025 1711 domino
1043 1659 1125 1730 rege
1138 1637 1302 1709 bohemie
1323 1636 1516 1709 reverendo
1538 1657 1656 1708 socero
1672 1647 1802 1728 nostro,
1824 1637 1945 1710 venire
1963 1659 2042 1732 pm·

625 1761 789 1858 ponimus
805 1761 896 1833 duce
911 1763 984 1832 Deo
1001 1783 1081 1832 cum
1099 1758 1283 1854 magnilica
1306 1769 1483 1854 potentatu
1502 1768 1541 1831 ut
1561 1761 1691 1834 amicos
1709 1760 1855 1834 devotos
1870 1773 1906 1834 et
1922 1761 2043 1836 fideles

625 1893 761 1956 nostros
784 1883 828 1955 ad
853 1883 985 1956 felicem
1005 1893 1133 1956 statum
1153 1894 1188 1956 et
1213 1903 1416 1978 prosperum
1433 1882 1659 1976 reducamus,
1681 1885 1863 1958 innimicoe
1879 1885 1988 1958 eciam
2013 1886 2042 1957 si

623 2009 685 2103 qul
709 2018 830 2080 contra
848 2021 999 2080 nostram
1025 2008 1220 2102 potenciam
1238 2028 1391 2102 oponere
1406 2029 1444 2080 se
1466 2009 1654 2080 voluerunt
1675 2009 1785 2082 taliter
1803 2011 2043 2083 conculcantes

622 2131 721 2226 quod
736 2153 797 2226 per
811 2132 972 2226 potencie
989 2141 1105 2203 nostre
1121 2131 1303 2203 brachium
1318 2131 1485 2203 feriantur
1498 2141 1537 2202 ut
1554 2143 1715 2204 corruant
1729 2142 1762 2206 et
1782 2131 1827 2205 de
1844 2143 1958 2206 cetero
1973 2153 2041 2206 non

622 2263 817 2350 resurgant.
839 2257 964 2326 Datum
981 2255 1077 2350 apud
1093 2256 1317 2328 Luheutalem
1336 2255 1394 2352 (0),
1411 2256 1444 2327 X
1461 2254 1629 2329 kalendas
1647 2257 1893 2351 septembris.»

676 2378 935 2450 «hibertusDei
951 2379 1061 2472 gratia
1072 2379 1507 2473 Dhnrengielantigraviue
1517 2389 1552 2451 et
1566 2383 1842 2454 comesSaxonie
1852 2379 2038 2476 palatinus,

622 2504 728 2576 nobili
747 2503 823 2574 viro
840 2503 957 2574 comiti
975 2502 1153 2575 Albertino
1171 2501 1254 2596 (sic)
1271 2503 1317 2576 de
1335 2502 1453 2576 Laudo
1475 2504 1652 2576 carissimo
1674 2506 1787 2576 amico
1806 2525 1872 2577 sno
1896 2505 2040 2578 sulutem

620 2637 655 2699 et
671 2627 844 2698 sincerum
869 2647 1034 2698 amorem.
1065 2627 1177 2722 Super
1197 2625 1363 2698 fidelitate
1383 2647 1504 2698 serena
1520 2625 1563 2721 (ἓ)
1582 2627 1682 2700 nobis
1703 2637 1739 2700 et
1759 2627 1839 2699 liliis
1863 2629 2042 2700 nostriset

622 2749 772 2822 liliorum
788 2760 983 2822 nostrorum
1002 2749 1282 2844 progenitoribus
1300 2749 1458 2824 exhibita
1470 2751 1685 2846 temporibus
1701 2774 1747 2825 ex
1763 2752 1932 2846 antiquis,
1950 2773 2040 2826 sere·

621 2876 720 2948 nitati
743 2886 857 2948 vestre
881 2874 927 2948 ad
952 2876 1091 2968 plenum
1114 2876 1301 2967 gratiarum
1325 2877 1451 2948 relerre
1477 2897 1546 2948 non
1571 2897 1757 2971 possumus
1780 2876 1946 2948 actiones.
1974 2873 2040 2948 Sed

621 3001 750 3072 litte-ras
765 3021 855 3093 quas
880 2999 1022 3072 misistis
1039 3001 1216 3072 carissimo
1236 3000 1308 3072 filio
1331 3011 1448 3073 nostro
1469 3001 1575 3073 tercio
1601 3000 1780 3074 Fredericc
1799 3001 1885 3073 sutis
1909 2999 2040 3094 recepi·

620 3146 699 3196 mus
722 3122 909 3195 honorifice
926 3133 961 3196 et
977 3133 1160 3218 gratanter.
1179 3122 1332 3218 ideoque
1354 3125 1529 3198 dilectioni
1550 3121 1682 3221 [vestre
1702 3125 1923 3222 presentibus
1938 3123 2040 3198 iuno-

619 3258 727 3322 tescat
744 3248 841 3342 quod
854 3249 899 3320 ob
915 3271 1012 3343 spem
1027 3249 1217 3320 litterarum
1233 3257 1267 3319 et
1282 3249 1491 3342 legationum
1503 3259 1699 3322 vestrarum
1714 3247 1814 3321 uobis
1830 3270 1892 3342 per
1908 3257 2040 3322 vestros

619 3373 761 3445 nuntios
770 3372 994 3464 directarum,
1004 3372 1050 3444 ad
1065 3372 1159 3443 viam
1172 3371 1336 3444 veniendi
1351 3371 1398 3444 ad
1413 3381 1527 3468 partes
1541 3382 1675 3446 vestrae
1688 3393 1751 3445 nos
1763 3369 1829 3468 (d)]
1840 3373 2039 3468 interposito

618 3497 785 3570 conscilio
801 3497 956 3568 omnium
971 3497 1160 3568 amicorum
1181 3505 1393 3588 nostrorum,
1411 3497 1573 3570 videlicet
1591 3497 1807 3592 principum,
1822 3497 1989 3570 comitum
2006 3505 2039 3568 et

618 3621 789 3692 baronum
805 3621 947 3716 insuper
965 3617 1043 3716 (sic)
1058 3641 1165 3691 manu
1184 3620 1366 3692 fortissima
1383 3619 1583 3692 bellatorum
1603 3619 1732 3693 cotidie
1750 3629 1785 3690 00
1800 3621 1964 3693 continue
1978 3641 2038 3715 pro

617 3745 753 3816 viribus
767 3765 1010 3838 properamus,
1028 3743 1185 3815 volentes
1201 3744 1322 3815 intenti
1338 3765 1415 3816 esse
1429 3745 1545 3818 animo
1568 3767 1615 3817 ex
1636 3745 1758 3816 libenti
1777 3745 1953 3817 adomnia
1970 3765 2038 3838 que

616 3877 767 3940 vestram
790 3877 825 3938 et
846 3865 995 3938 liliorum
1021 3876 1056 3937 et
1082 3868 1273 3940 amicorum
1303 3883 1496 3940 vestrorum
1521 3869 1766 3942 exaltationem
1789 3869 1961 3961 respicere
1983 3866 2038 3939 di·

618 3999 821 4063 noscuntur.
846 3989 992 4076 Datum,
1025 4002 1055 4061 et
1080 3999 1199 4061 cetera.
1223 4015 1241 4060 i>
1270 4015 1287 4060 0
1306 3991 1353 4063 Μ.
1377 3993 1439 4064 Dei
1467 3994 1577 4084 gratia
1601 3991 1800 4085 Dhurengie
1825 3999 1860 4062 et
1887 3989 2037 4062 Saxome

619 4111 796 4186 comitissa
810 4113 962 4210 palatina
978 4111 1194 4184 nobilissimo
1208 4113 1284 4184 viro
1301 4113 1416 4184 comiti
1431 4111 1597 4187 Ubertiuo
1609 4113 1655 4187 de
1671 4113 1789 4187 Laudo
1807 4134 1846 4186 se
1867 4121 1972 4186 totam
1992 4111 2036 4185 ad

659 4325 702 4406 (0)
723 4327 759 4386 ln
773 4326 874 4387 codice
888 4324 923 4386 de
935 4324 1135 4408 hadesburc,
1151 4327 1252 4388 addito
1263 4327 1429 4404 compendii
1440 4329 1536 4406 signo.
1671 4325 1675 4332 '

658 4429 699 4510 (0)
723 4431 757 4492 ln
772 4431 870 4492 codlce
879 4433 997 4510 portem.

656 4537 695 4618 (c)
717 4538 924 4600 Vertsimltlter
937 4535 1218 4616 0000000100οΑοιῑο
1230 4537 1307 4600 ssnes
1318 4539 1469 4600 hiarchlne
1482 4539 1641 4602 orientalis
1654 4557 1756 4602 versus
1770 4539 1911 4601 silesiam.

657 4643 701 4723 (d)
723 4643 834 4704 Totum
848 4644 928 4706 hunc
946 4645 1045 4706 locum
1065 4647 1149 4705 uncle
1170 4645 1318 4705 inclusum
1336 4645 1378 4706 cd
1397 4643 1488 4706 fidem
1508 4647 1679 4725 marginalis
1701 4653 1789 4708 notae
1807 4649 1988 4708 restituimus
2005 4653 2035 4707 et

615 4751 795 4828 supplemus.
