4594 6066
623 671 687 732 ΞΗ
1097 671 1342 734 canonicor}
1365 671 1418 730 DE
1442 671 1569 731 llllllllS

624 807 750 898 citum,
775 829 846 900 qne
877 809 994 880 omuia
1024 809 1268 882 conduxerunt
1296 807 1514 898 Cremonam
1547 806 1703 879 similiter
1729 819 1894 902 oeperunt
1924 811 2038 905 ipsum

624 928 776 1022 legatum
792 953 896 1024 quem
913 932 1072 1004 Ezolinus
1087 933 1257 1004 Veronam
1272 929 1478 1021 destinavit,
1495 937 1530 1002 et
1545 931 1649 1026 paulo
1664 943 1741 1027 post
1757 932 1871 1006 dictus
1885 936 2040 1008 marchio

625 1061 661 1124 et
687 1052 849 1124 Ezolinus
878 1055 1052 1128 civitatem
1074 1055 1192 1127 Brixie
1216 1055 1413 1127 hahuerunt
1440 1054 1487 1127 ad
1511 1075 1631 1128 eorum
1657 1054 1850 1129 dominium
1877 1059 2042 1132 iacientes

624 1173 870 1248 Gandiolinum
884 1176 930 1248 de
947 1179 1098 1250 Dovaria
1116 1185 1317 1272 potestatem
1331 1177 1460 1248 Brixia.

674 1298 739 1369 Die
772 1299 881 1390 primo
909 1299 1038 1371 mensis
1068 1298 1260 1372 decembris
1290 1299 1463 1372 lohannes
1501 1308 1536 1372 et
1565 1299 1769 1372 Guillelmus
1802 1300 1865 1372 lilii
1893 1303 2041 1376 condam

626 1418 795 1492 Luxiardi
810 1420 854 1491 de
864 1420 1000 1515 Perpini
1011 1417 1103 1515 (olet
1115 1421 1173 1492 alii
1189 1421 1504 1495 nobilesValletarii
1517 1419 1562 1492 ad
1577 1422 1729 1494 levorem
1747 1425 1955 1498 marchionis
1966 1427 2043 1499 Pel-

627 1541 768 1615 laricini
791 1541 1005 1615 intraverunt
1025 1545 1176 1638 burgum
1194 1545 1368 1616 Valletarii
1389 1545 1485 1638 qnod
1508 1545 1768 1618 custodiebatur
1786 1568 1849 1642 per
1869 1548 2042 1621 Placentia

628 1665 859 1757 extrinsecos,
881 1675 917 1738 et
937 1667 1123 1740 pelavicini
1147 1677 1312 1763 ceperunt
1329 1669 1514 1762 Speculum
1537 1679 1572 1740 et
1592 1667 1752 1742 Alhrious
1772 1669 1818 1742 de
1839 1671 1988 1765 Grivago
2007 1681 2043 1743 et

627 1788 733 1860 irater
754 1789 968 1860 intraverunt
988 1798 1138 1861 casuum
1159 1811 1262 1862 suum
1284 1788 1330 1864 da
1352 1789 1502 1884 Grivago
1530 1789 1626 1884 qnod
1652 1791 1841 1864 Placentini
1864 1791 2040 1865 intrinseci

629 1909 680 1982 eis
696 1911 883 1982 astulerant
898 1913 1044 2006 pervim
1061 1921 1095 1985 et
1111 1913 1278 1985 custodiri
1295 1913 1477 1985 iaciebant.

677 2033 808 2105 Eodem
838 2043 991 2128 tempore
1019 2035 1203 2106 Uhertinus
1228 2034 1274 2107 de
1305 2034 1434 2108 Audito
1462 2057 1542 2108 cum
1573 2037 1790 2130 soporatione
1818 2040 1894 2130 ejus
1920 2037 2043 2111 hahuit

630 2154 767 2226 soldum
785 2177 806 2227 a
824 2177 906 2248 rega
930 2155 1109 2228 lllaulredo
1127 2177 1189 2249 pro
1211 2153 1259 2250 (d)
1280 2156 1486 2229 Placentinis
1511 2159 1733 2248 extrinsecis,
1756 2155 1765 2256 Ι
1786 2159 1833 2230 ita
1849 2159 1947 2251 quod
1961 2161 2043 2254 qui-

630 2276 714 2349 lihet
737 2277 952 2350 extrinsecus
975 2278 1020 2350 de
1039 2279 1209 2350 Placentia
1230 2299 1293 2372 pro
1314 2299 1385 2351 uuo
1403 2299 1495 2372 equo
1520 2279 1671 2353 hahebat
1689 2281 1847 2374 quolibet
1863 2282 2042 2354 manselli

627 2400 716 2473 libra
730 2401 919 2496 imperialia
933 2411 968 2472 et
982 2401 1090 2494 pedes
1104 2401 1170 2471 XX
1185 2399 1353 2474 soldarios
1377 2401 1582 2494 imperiales.

678 2524 716 2596 ln
732 2525 892 2618 proximo
908 2544 1027 2596 mense
1045 2523 1209 2595 februarii
1228 2531 1262 2596 et
1282 2524 1403 2595 marcii
1419 2523 1606 2597 Placentini
1626 2525 1811 2599 extrinseci
1828 2527 1877 2623 (c)
1890 2537 2043 2621 tempora

630 2645 788 2718 Guizardi
812 2645 858 2718 de
878 2647 1026 2718 Patrisoa
1048 2647 1228 2740 potestatis
1251 2667 1372 2718 eorum
1395 2649 1585 2718 reiecerunt
1613 2657 1751 2740 pontem
1779 2671 1885 2742 snper
1907 2649 2040 2721 Padum

630 2768 667 2840 in
686 2769 871 2862 collopnis,
897 2791 1001 2862 quem
1026 2767 1120 2840 refici
1147 2771 1332 2840 voluerunt
1355 2767 1404 2866 (d)
1419 2769 1666 2842 Cremonenses
1686 2777 1722 2842 et
1750 2771 1935 2864 Papiensea
1960 2773 2039 2842 mit·

630 2897 740 2960 tentes
758 2897 866 2962 totum
882 2890 1048 2960 navilium
1066 2911 1201 2978 eorum,
1223 2891 1286 2963 sed
1301 2891 1484 2986 prohibere
1499 2912 1567 2964 nou
1585 2902 1784 2985 potuerunt.

679 3011 812 3086 Eodem
830 3023 981 3108 tempore
1001 3021 1115 3084 ortum
1133 3023 1186 3086 est
1205 3014 1326 3086 odium
1347 3015 1436 3087 inter
1452 3015 1631 3087 Ezolimm
1649 3023 1683 3086 et
1699 3013 1881 3086 dominum
1899 3015 2039 3084 Besium

631 3133 676 3208 de
701 3137 848 3208 Devaria
870 3146 906 3207 et
929 3135 1110 3210 dominum
1135 3137 1367 3209 marchionem
1389 3147 1425 3208 et
1448 3137 1691 3209 Cremonenses
1715 3143 1858 3231 propter
1880 3133 2039 3208 domina·

630 3257 757 3328 donem
780 3257 929 3329 civitatis
950 3257 1066 3330 Brixia
1085 3279 1192 3351 quam
1220 3257 1334 3330 dictus
1355 3257 1514 3330 llzolinus
1537 3257 1604 3329 sihi
1629 3265 1736 3330 totam
1762 3253 2039 3352 apropriaierat,

629 3387 703 3450 tum
724 3389 862 3475 propter
887 3389 998 3452 eastra
1022 3380 1216 3452 Brixiensia
1243 3389 1414 3474 quaeunt
1438 3381 1475 3450 in
1500 3379 1575 3474 ripa
1592 3379 1676 3450 'Olie
1700 3381 1771 3472 'que
1794 3379 2042 3452 Cremonenses

630 3504 795 3576 volebant
815 3502 991 3574 destruere
1010 3512 1045 3574 et
1060 3504 1240 3576 occasione
1257 3510 1508 3574 carceratorum
1533 3500 1764 3572 Brixieusium
1788 3521 1877 3595 quos
1901 3501 2041 3596 petebat

629 3625 809 3714 lluolinus;
826 3633 860 3698 et
875 3623 1016 3696 sic'orta
1032 3623 1206 3696 discordia
1222 3625 1310 3695 inter
1327 3645 1387 3696 eos
1398 3621 1503 3695 valde
1514 3642 1654 3715 magua,
1665 3621 1813 3694 Ubertus
1824 3623 2042 3695 Palavicinus

630 3767 711 3820 curu
737 3747 1023 3818 Cremonensibus
1044 3747 1243 3819 societatem
1264 3747 1394 3838 juravit
1411 3767 1489 3816 curn
1513 3743 1713 3815 marchione
1729 3743 1775 3816 de
1792 3745 1852 3815 Est
1868 3753 1903 3816 et
1919 3743 2043 3816 comite

630 3871 746 3944 Sancti
771 3870 945 3942 Boneiacii
958 3872 1005 3940 'et
1031 3869 1245 3956 Mantuanis,
1271 3868 1561 3958 Ferrariensihus,
1590 3865 1779 3956 Pedonis,
1806 3865 2043 3938 Brixiensibue

629 3993 816 4084 forestatis,
833 4002 952 4087 postea
970 4013 1050 4064 curn
1071 3991 1218 4066 Martino
1233 3990 1278 4063 de
1298 3993 1420 4064 lature
1436 3997 1603 4086 potestate
1620 3990 1740 4084 populi
1754 3989 2040 4076 mediolanensis,

630 4116 884 4203 laudensibus,
900 4115 1062 4188 Cumanis
1081 4125 1116 4188 et
1132 4115 1403 4188 Novaniensihus
1418 4123 1453 4185 et
1469 4113 1547 4186 aliis
1566 4112 1687 4186 amicis
1701 4133 1834 4185 eorum.
1856 4112 1932 4206 lpse
1948 4111 2041 4184 enim

629 4237 791 4312 Erchoas
815 4247 896 4312 ante
920 4248 1038 4311 contra
1066 4237 1299 4311 marchionem
1326 4245 1361 4309 et
1387 4236 1527 4309 Bosium
1554 4235 1600 4309 de
1621 4236 1770 4310 Bouaria
1796 4244 1832 4308 et
1849 4237 2043 4308 'commune

671 4446 712 4525 (a)
735 4448 794 4523 Ap.
806 4445 874 4506 Joh.
890 4445 927 4504 de
935 4445 1044 4504 Moesis
1057 4442 1220 4520 Paeana.

671 4550 715 4631 (lt)
735 4553 771 4612 In
782 4551 882 4612 oodlca
895 4551 943 4610 hio
956 4557 985 4610 et
996 4549 1075 4610 lurra
1087 4545 1174 4628 qaod.

672 4655 711 4735 (a)
737 4657 856 4717 Rectius
868 4661 979 4726 tamen,
994 4660 1029 4714 ut
1041 4653 1170 4724 videtur,
1184 4654 1343 4712 intrinseci.

672 4761 717 4842 (d)
739 4761 801 4834 Slc,
818 4761 1011 4820 verisimiliter
1024 4765 1124 4820 umen
1137 4755 1302 4820 marma.
