4594 6066
600 673 662 734 als
1074 668 1314 732 CllllONlCON
1339 669 1391 733 DE
1415 669 1544 732 llllBllS

597 807 755 902 Pergami
783 813 818 878 et
834 803 957 899 Papio,
974 803 1130 878 Terdone
1151 813 1186 879 et
1201 803 1424 882 Alexandria.
1442 807 1599 881 Prctsreu
1622 826 1750 900 magna
1772 826 1853 900 pars
1869 805 2016 878 militum

599 941 634 1007 et
649 931 807 1028 peditum
821 929 986 1004 Cremona
1002 930 1064 1025 qui
1081 931 1115 1001 in
1131 927 1283 1004 Victoria
1300 939 1398 1004 erant
1412 929 1624 1020 absentavit,
1640 937 1713 1000 tum
1732 938 1872 1026 propter
1886 928 2016 1003 tedium

599 1055 763 1152 temporis
778 1055 881 1148 longe
897 1073 1013 1145 more,
1035 1063 1108 1125 tum
1129 1063 1270 1150 proptor
1285 1055 1449 1147 majorem
1464 1063 1596 1151 partem
1618 1053 1767 1126 militum
1783 1051 1966 1127 Mediolani
1983 1063 2018 1127 ot

598 1178 772 1255 Placentie
786 1179 846 1273 qui
868 1177 927 1250 die
944 1183 1121 1272 noctuque
1145 1175 1189 1251 de
1214 1179 1356 1252 civitate
1379 1179 1501 1252 Parme
1527 1177 1805 1251 absentaverant.
1827 1177 1892 1250 Dis
1908 1178 1941 1250 x
1958 1177 2017 1250 lra-

599 1303 723 1378 leudas
744 1301 893 1395 januarii
919 1301 1068 1397 proximi
1086 1301 1379 1375 Pontremolenses
1400 1311 1567 1398 ceperunt
1591 1299 1820 1398 CCCpadites
1835 1297 2019 1374 Valdatarii

600 1428 661 1525 qui
678 1429 714 1500 in
731 1428 847 1524 ipsum
869 1427 984 1498 locum
1001 1447 1082 1498 cum
1102 1425 1252 1498 Armeno
1267 1425 1366 1500 Ruffa
1382 1434 1548 1522 potestate
1571 1423 1663 1500 diota
1686 1425 1787 1498 vallis
1810 1423 2019 1498 intraverant

601 1553 648 1627 ad
663 1551 840 1625 inductam
858 1548 1092 1645 quorumdam
1108 1549 1290 1622 bominum
1309 1549 1392 1623 dicti
1407 1550 1530 1644 burgi,
1547 1571 1635 1644 quos
1655 1549 1840 1642 imperator
1855 1545 1903 1620 ad
1918 1568 2017 1620 exer·

602 1677 709 1750 citum
737 1675 865 1749 durare
890 1672 983 1745 lecit.
1010 1671 1169 1745 Preterea
1190 1673 1345 1746 marchio
1369 1672 1590 1747 llontisferati
1618 1671 1815 1768 imperatori
1841 1669 2020 1744 rebellavit

601 1811 734 1874 etcum
753 1796 1004 1893 equitatoribus
1020 1794 1225 1888 Mediolani,
1241 1797 1473 1870 vercellarum
1488 1806 1522 1870 et
1542 1795 1690 1870 Novaric
1712 1795 1759 1868 ad
1781 1796 1934 1868 favorem
1948 1793 2019 1868 bo-

601 1925 736 1998 minum
761 1921 901 1994 Taurini
929 1921 964 1992 in
997 1921 1108 2016 ipsam
1136 1921 1311 1994 civitatem
1339 1921 1492 1995 intravit.
1513 1919 1615 2008 Quod
1632 1920 1777 2016 quidem
1800 1918 1952 1992 sentiens
1968 1916 2019 2014 (c)

600 2047 797 2123 Bernardus
813 2045 1008 2120 Libersrius
1022 2045 1068 2120 de
1084 2046 1191 2142 Papia
1207 2047 1268 2142 qui
1287 2046 1417 2120 ibidem
1436 2069 1515 2120 cum
1535 2045 1785 2142 equitatoribus
1808 2045 1847 2117 in
1865 2042 2019 2120 custodia

603 2183 692 2265 erat,
715 2173 751 2243 in
771 2169 905 2267 palacio
921 2169 1029 2242 veteri
1052 2169 1148 2264 quod
1171 2177 1223 2241 est
1240 2169 1285 2242 ab
1309 2191 1380 2242 uno
1398 2171 1503 2244 latere
1518 2169 1668 2244 civitatis
1685 2169 1826 2243 Taurini
1846 2189 1885 2242 se
1902 2188 2019 2262 recep-

602 2297 706 2388 tavit,
726 2295 888 2389 misitque
905 2293 1045 2388 Papiam
1063 2314 1125 2388 per
1142 2293 1314 2366 auxilium
1331 2294 1556 2390 ipsorumque
1572 2293 1745 2386 adjutorio
1761 2292 1941 2388 superavit
1958 2289 2017 2388 (b).

602 2421 790 2516 Imperator
816 2419 852 2490 in
878 2417 1028 2490 Victoria
1047 2439 1159 2512 nsque
1175 2415 1221 2490 ad
1238 2417 1332 2491 diem
1351 2418 1594 2491 destructionis
1618 2419 1694 2511 ejus
1720 2416 1875 2514 ysmavit
1890 2414 2021 2488 habens

604 2545 640 2616 in
658 2566 722 2616 sua
739 2541 904 2614 comitiva
922 2541 951 2611 D
970 2540 1095 2612 milites
1116 2539 1314 2631 Alamanie,
1332 2541 1472 2635 Tuscia,
1492 2541 1620 2637 Apulis
1644 2551 1679 2615 et
1706 2539 1809 2614 CCCC
1834 2539 1959 2612 milites
1987 2549 2023 2611 et

602 2665 672 2741 Mll
688 2665 819 2762 pedites
836 2664 1003 2736 Cremona
1019 2673 1054 2736 et
1071 2663 1121 2736 CC
1144 2663 1270 2737 milites
1288 2665 1469 2738 forestatos
1489 2665 1610 2738 Parme
1630 2673 1666 2738 et
1687 2665 1878 2738 Smacenos
1905 2672 1940 2737 et
1955 2662 2019 2735 bo·

605 2791 715 2862 mines
743 2788 788 2861 dc
811 2787 1010 2884 episcopatu
1030 2786 1151 2859 Parma
1167 2787 1229 2880 qui
1247 2785 1445 2860 vendebant
1462 2787 1638 2862 victualia.
1659 2787 1834 2883 Erautque
1850 2789 1884 2861 ei
1906 2789 2021 2883 pluras

605 2912 668 2985 lilii
687 2910 853 3007 legiptimi
870 2919 904 2983 et
920 2911 1094 2983 naturales
1112 2936 1121 2981 :
1139 2909 1301 2984 videlicet
1318 2909 1489 3002 Carlotus,
1509 2911 1693 3004 llizardus,
1707 2912 1905 3002 Conradus,
1925 2913 2021 2984 Hen-

605 3038 717 3120 ricus,
739 3031 940 3106 Manlradus
957 3040 993 3105 et
1008 3031 1210 3106 Frodcricus
1228 3043 1263 3105 ct
1281 3055 1328 3106 ex
1347 3033 1525 3128 quondam
1552 3033 1679 3107 Aurioo
1698 3032 1769 3108 lilio
1786 3057 1850 3108 suo
1865 3033 2020 3108 Frederi·

605 3181 668 3234 cus
686 3157 824 3230 tercius.
841 3153 974 3228 Eodem
992 3176 1144 3250 namquo
1167 3165 1321 3253 tempore
1338 3177 1402 3230 rex
1428 3155 1606 3231 Conradus
1628 3157 1665 3230 in
1685 3159 1812 3231 Suavis
1827 3157 2017 3250 obtinebat,

605 3292 641 3356 et
664 3280 819 3354 Carlotus
839 3299 886 3351 ex
904 3277 1024 3372 regina
1042 3279 1231 3371 Anglorum
1252 3279 1391 3374 genitus
1408 3279 1444 3352 in
1462 3277 1589 3376 Apulia
1606 3277 1671 3377 (l),
1694 3303 1759 3354 rex
1778 3281 1906 3354 Eucius
1926 3280 2021 3377 apud

606 3404 819 3496 Guastalam,
835 3423 899 3475 rex
910 3399 1112 3474 Trsdericus
1128 3403 1165 3474 in
1183 3403 1307 3476 Tuscia
1324 3403 1384 3498 qui
1404 3401 1451 3500 (c)
1469 3425 1550 3476 cum
1568 3413 1667 3500 parte
1679 3403 1906 3478 Gibilinorum
1931 3403 2021 3476 civi·

605 3529 684 3602 tatis
701 3524 753 3624 (d)
770 3523 946 3599 Florencie
963 3523 1141 3620 soporavit
1158 3533 1289 3620 partem
1308 3523 1508 3598 Guellorum
1529 3527 1623 3600 illius
1641 3526 1791 3600 civitatis
1813 3527 1874 3623 qui
1892 3534 2020 3622 partem

605 3651 758 3726 Ecclesia
775 3649 951 3723 tenebant.
968 3647 1012 3721 Et
1023 3648 1170 3743 quilibet
1186 3650 1329 3723 istorum
1347 3648 1496 3724 filiorum
1514 3650 1732 3748 imperatoris
1744 3649 1896 3725 babebat
1910 3652 2021 3725 bono-

605 3776 750 3850 rabilem
768 3773 967 3848 comitivam
985 3772 1145 3844 militum.
1167 3773 1369 3848 blansredus
1384 3795 1468 3849 vero
1483 3775 1519 3848 in
1538 3772 1688 3850 Victoria
1705 3795 1785 3850 cum
1805 3784 1904 3871 patra
1925 3785 2020 3866 crat,

649 3978 691 4061 (α)
711 3981 748 4040 ln
761 3979 862 4040 codice
873 3976 993 4039 seorim.

649 4083 691 4166 (b)
712 4087 809 4147 Inous
822 4085 982 4146 certissimo
995 4083 1130 4146 mutilus.

648 4189 686 4272 (c)
713 4191 760 4251 lbi
772 4193 804 4250 in
818 4189 918 4250 codice
930 4204 982 4248 acc
993 4187 1041 4250 vel
1054 4204 1131 4248 aare
1144 4207 1155 4248 .·
1170 4188 1251 4266 quod
1264 4187 1407 4252 abundat.

649 4296 693 4378 (d)
715 4296 752 4356 In
769 4295 870 4358 codice
883 4294 965 4370 civit,
989 4293 1091 4356 addito
1104 4297 1228 4372 parvulo
1247 4297 1332 4376 signo
1346 4296 1425 4376 quod
1443 4313 1545 4360 veram
1558 4298 1640 4360 vocis
1654 4297 1809 4361 lectionem
1822 4313 1884 4360 non
1897 4297 1972 4360 banc
1984 4297 2023 4361 ad

607 4404 726 4466 oculum
740 4407 947 4481 repraesentat.

642 4690 679 4764 (t)
696 4689 718 4747 ll
730 4707 748 4764 y
761 4704 778 4747 a
791 4688 824 4746 ici
836 4687 984 4748 confusion.
998 4689 1036 4747 Le
1047 4687 1090 4747 fils
1104 4687 1175 4749 alors
1187 4689 1281 4748 vivant
1295 4690 1329 4749 ds
1343 4691 1503 4773 l'empereur
1520 4698 1549 4752 nt
1561 4691 1701 4777 d'lsabella
1714 4693 1896 4768 d'bngleterre
1910 4695 2023 4770 s'appe—

606 4788 654 4846 lsit
666 4785 759 4846 uena.
770 4787 807 4845 Co
820 4785 932 4847 oneror
945 4785 1035 4845 devait
1044 4786 1101 4847 btre
1114 4803 1152 4846 un
1166 4785 1208 4846 fils
1220 4787 1335 4848 natural.
