4534 6074
612 623 653 684 88
1039 620 1280 683 GHRONICON
1304 623 1605 686 PenanTtnutt.

612 756 734 828 eastris
754 755 828 828 suis
850 754 1052 848 Romagnoli
1078 756 1169 826 malo
1186 755 1290 829 modo
1313 767 1348 830 at
1366 759 1546 853 turpitara
1567 759 1676 854 prelio
1699 759 1937 853 discedentes,
1963 783 2026 834 sna

612 879 757 951 tentoria
790 879 974 950 enormiter
1005 886 1039 950 et
1074 877 1272 952 indecenter
1305 881 1508 976 colligarunt
1533 891 1569 954 et
1601 883 1805 956 indistanter
1836 885 2025 958 Bononiam

613 1011 836 1099 perexerunt.
860 1002 992 1075 ldoiroo
1013 1001 1186 1074 carocium
1208 1004 1440 1080 Bononiensee
1466 1005 1648 1078 incastris
1673 1006 1841 1080 collocare
1870 1029 1939 1080 non
1967 1031 2026 1104 po·

613 1137 769 1219 luerunt,
792 1125 853 1199 sed
875 1127 909 1196 in
933 1126 1093 1197 Plumatii
1113 1136 1263 1199 castrum
1280 1127 1345 1200 luit
1363 1127 1507 1202 ductum
1527 1139 1562 1201 et
1580 1150 1642 1224 per
1658 1138 1765 1200 totam
1789 1138 1925 1203 noctem
1949 1129 2027 1204 dili·

613 1262 733 1348 genter
762 1249 984 1323 custoditum.
1007 1248 1192 1322 lombardi
1216 1272 1299 1324 uero
1326 1251 1484 1324 similiter
1507 1261 1542 1324 et
1569 1253 1803 1326 Bononienses
1829 1255 1905 1327 viso
1930 1255 2027 1348 quod

612 1374 817 1470 Romagnoli
838 1395 918 1446 cum
939 1373 1059 1445 castris
1079 1384 1288 1448 recesserant
1310 1385 1345 1448 et
1369 1375 1406 1446 in
1427 1377 1627 1468 albergariis
1652 1379 1725 1450 lore
1742 1377 1943 1468 derelictos,
1965 1380 2027 1452 do·

615 1502 724 1572 lentes
747 1507 782 1571 et
806 1507 984 1588 gementes
1004 1518 1066 1592 pre
1092 1497 1199 1570 nimia
1220 1499 1374 1590 tristitia,
1402 1509 1646 1594 cognoscentes
1668 1521 1798 1572 moram
1819 1501 1869 1572 ibi
1888 1503 2027 1575 minime

614 1624 728 1695 iacere
765 1643 885 1718 posse,
920 1642 983 1692 sua
1015 1620 1172 1692 similiter
1202 1621 1405 1715 colligerent
1434 1623 1594 1696 tentoria.
1631 1621 1781 1708 Quidam
1820 1645 1906 1698 vero
1939 1625 2026 1698 ultra

614 1746 757 1818 modum
795 1743 963 1839 perterriti
1011 1744 1087 1815 sine
1125 1764 1229 1815 causa
1266 1746 1375 1818 multu
1416 1747 1561 1842 turpiter
1597 1747 1836 1840 relinquerunt
1866 1750 2023 1822 tentoria.

614 1871 743 1943 Relicto
769 1877 883 1940 autem
916 1867 1068 1958 carocio,
1098 1867 1299 1959 llomagnoli
1327 1877 1361 1941 at
1388 1870 1458 1942 lere
1495 1879 1587 1942 totus
1612 1871 1764 1966 populus
1800 1873 1955 1945 Bononia
1993 1883 2028 1945 et

615 2017 695 2090 pars
720 1992 874 2065 maxima
896 1989 1168 2062 lombardorum
1195 1993 1348 2064 Bononia
1374 2003 1599 2066 recesserunt.
1626 1994 1813 2067 Placentini
1841 2017 1925 2069 vero
1956 1997 2029 2066 rni-

614 2119 692 2190 lites
722 2116 768 2189 ad
801 2115 1044 2210 postulationes
1073 2113 1302 2207 quorumdam
1328 2115 1481 2188 virorum
1509 2118 1676 2188 nobilium
1700 2117 1830 2190 dictum
1854 2121 2028 2192 carooium

616 2240 772 2337 diligenti
794 2261 878 2312 cura
895 2237 1132 2310 custodierunt
1150 2259 1229 2308 cum
1252 2247 1348 2332 parte
1371 2241 1518 2311 militum
1540 2241 1709 2328 Bononie,
1734 2251 1769 2313 et
1791 2241 1850 2314 die
1871 2243 2030 2336 sequenti

617 2367 737 2459 vigore
762 2364 916 2436 maximo
938 2372 1016 2457 poet
1041 2362 1155 2457 ipsum
1184 2361 1277 2432 lento
1303 2362 1413 2455 gradu
1441 2371 1625 2458 sequentes
1653 2365 1841 2436 Bononiam
1869 2365 2031 2438 decenter

617 2489 875 2562 conduxerunt.
906 2483 1064 2578 Cumque
1093 2486 1158 2557 hec
1183 2494 1259 2556 acta
1288 2485 1453 2576 luissent,
1481 2485 1745 2573 Cremonenses,
1770 2487 1971 2558 Parmensss
1994 2498 2031 2559 et

617 2614 721 2686 etiam
735 2611 947 2682 Mutinensee
961 2607 1068 2680 nimio
1081 2607 1198 2680 dolore
1213 2615 1248 2680 et
1261 2605 1395 2679 tristitia
1408 2617 1600 2704 captorum,
1616 2609 1872 2680 vulneratorum
1886 2621 1922 2681 et
1936 2631 2028 2682 mor-

618 2746 756 2807 tuorum
773 2732 878 2805 valde
897 2731 1078 2826 perterriti,
1095 2709 1331 2804 indubitanter
1344 2730 1523 2803 eredentes
1538 2731 1730 2820 fortitudini
1747 2740 1781 2802 et
1796 2733 2030 2826 magnitudini

618 2860 792 2932 exereitus
809 2854 1076 2926 Bononiensium
1095 2875 1314 2948 nequaquam
1334 2875 1437 2949 posse
1462 2854 1636 2946 resistere,
1658 2853 1815 2928 inimicos
1842 2856 2029 2949 plurimum

619 2984 793 3066 timentes,
816 2987 906 3052 retro
933 2976 1149 3071 egredientes
1174 2977 1285 3050 veloci
1303 2973 1355 3074 (a)
1378 2977 1489 3069 gradu
1517 2977 1563 3050 ad
1588 2978 1725 3073 propria
1754 2978 1867 3052 redire
1891 2980 2031 3053 festina-

618 3105 721 3194 bant,
754 3103 844 3175 siont
874 3100 1028 3174 veridica
1062 3099 1227 3172 relatione
1262 3100 1493 3194 quorumdam
1533 3101 1768 3174 intelleximus
1795 3103 1857 3196 qui
1888 3103 2031 3199 inipso

618 3229 846 3301 interfuerunt
865 3223 1034 3296 exercitu.
1056 3221 1139 3294 Cum
1160 3231 1275 3295 autem
1300 3223 1346 3296 ad
1370 3224 1507 3318 propria
1526 3223 1641 3297 redire
1666 3225 1885 3315 festinarent,
1906 3227 2031 3299 intelli·

618 3359 739 3444 gentes
755 3348 801 3421 de
830 3345 1004 3420 exercitus
1019 3344 1172 3417 Bononia
1194 3345 1405 3436 recessione,
1431 3347 1511 3418 elati
1536 3355 1571 3419 et
1585 3345 1715 3440 gaudio
1738 3369 1865 3441 magno
1890 3351 2031 3423 exaltati

465 3521 469 3530 ·
512 3501 580 3532 veno·
617 3478 682 3549 iter
697 3495 819 3548 eorum
838 3479 929 3544 retro
951 3468 1185 3563 egredientes,
1209 3465 1216 3564 Ι
1238 3469 1403 3563 impetum
1430 3471 1598 3564 usquein
1623 3475 1743 3542 castris
1760 3473 2030 3562 bononiensium

619 3601 816 3673 festinanter
836 3597 1007 3683 iecerunt,
1030 3593 1202 3665 neminem
1231 3593 1467 3684 invenientes;
1494 3594 1638 3665 tentoria
1662 3616 1801 3688 qnoque
1822 3605 1857 3668 et
1879 3597 2032 3692 plaustra

618 3725 667 3796 ibi
680 3723 797 3794 relicta
811 3727 846 3792 et
857 3739 899 3790 ea
911 3737 981 3810 que
997 3716 1031 3786 in
1048 3715 1133 3810 ipsis
1153 3713 1298 3786 aderant
1310 3715 1463 3788 tentoriis
1481 3716 1693 3806 habuerunt,
1710 3728 1745 3790 et
1762 3719 1894 3810 gaudio
1905 3741 2032 3814 magno

619 3847 728 3942 gavisi
755 3843 801 3915 ad
830 3839 967 3936 propria
993 3859 1072 3910 cum
1098 3837 1183 3932 ipsis
1204 3837 1379 3909 redierunt
1406 3839 1537 3932 ingenti
1564 3840 1674 3930 gloria
1697 3851 1732 3912 et
1753 3841 1878 3932 letitia,
1906 3844 2033 3916 trium-

618 3969 726 4067 phum
750 3965 878 4062 pariter
902 3971 938 4034 et
955 3961 1134 4034 uictoriam
1151 3958 1196 4032 de
1223 3960 1379 4033 hostibus
1396 3961 1559 4034 habuisse
1576 3963 1812 4036 indubitanter
1836 3967 2028 4041 credentes.

667 4095 717 4165 De
739 4109 858 4163 mense
881 4084 1041 4178 januario
1058 4083 1245 4156 Placentini
1268 4083 1447 4156 dominum
1473 4084 1706 4156 Raimundum
1732 4087 1894 4181 deloco,
1919 4093 2032 4162 virum

620 4219 770 4292 nobilem
786 4224 820 4287 et
837 4210 1042 4309 prudentem
1061 4207 1158 4280 urbis
1173 4209 1342 4296 Bononia,
1369 4210 1404 4280 in
1425 4217 1626 4303 potestatem
1646 4220 1681 4280 et
1701 4221 1867 4283 rectorem
1883 4217 2033 4290 civitatis

619 4339 790 4415 Placentia
811 4336 993 4427 eligerunt.
1020 4331 1088 4418 Qui
1116 4331 1164 4404 Μ.
1180 4329 1243 4402 CC.
1259 4331 1413 4404 XXllllll
1441 4329 1513 4426 (l),
1543 4339 1665 4404 octauo
1686 4333 1814 4404 mensis
1841 4335 1973 4426 martii,
1996 4337 2032 4408 in

661 4488 705 4570 (a)
725 4491 762 4550 ln
775 4485 874 4547 oodtce
886 4477 984 4544 wart.

655 4726 694 4798 (t)
709 4725 784 4782 Nous
797 4720 907 4778 n’avous
920 4731 971 4791 pas
982 4714 1077 4773 beeoin
1089 4713 1123 4771 de
1134 4712 1242 4788 repeter
1254 4709 1319 4786 qu’il
1331 4711 1411 4784 e'agit
1423 4711 1458 4768 iei
1470 4711 1505 4768 de
1519 4711 1624 4769 l'annte
1633 4714 1714 4771 1230.
