<?xml version="1.0" encoding="UTF-8"?>
<!DOCTYPE html PUBLIC "-//W3C//DTD XHTML 1.0 Transitional//EN"
    "http://www.w3.org/TR/xhtml1/DTD/xhtml1-transitional.dtd">
<html xmlns="http://www.w3.org/1999/xhtml" xml:lang="en" lang="en">
 <head>
  <title>
</title>
<meta http-equiv="Content-Type" content="text/html;charset=utf-8" />
  <meta name='ocr-system' content='tesseract 3.04.00' />
  <meta name='ocr-capabilities' content='ocr_page ocr_carea ocr_par ocr_line ocrx_word'/>
</head>
<body>
  <div class='ocr_page' id='page_1' title='image "./chroniconplacen00huilgoog_0420.png"; bbox 0 0 4568 6064; ppageno 0'>
   <div class='ocr_carea' id='block_1_1' title="bbox 810 635 1704 700">
    <p class='ocr_par' dir='ltr' id='par_1_1' title="bbox 810 635 1704 700">
     <span class='ocr_line' id='line_1_1' title="bbox 810 635 1704 700; baseline 0.004 -4"><span class='ocrx_word' id='word_1_1' title='bbox 810 637 851 698; x_wconf 77' lang='grc' dir='ltr'><strong>ΙΝ</strong></span> <span class='ocrx_word' id='word_1_2' title='bbox 875 639 1014 700; x_wconf 75' lang='lat' dir='ltr'><strong>tratre</strong></span> <span class='ocrx_word' id='word_1_3' title='bbox 1039 639 1190 700; x_wconf 78' lang='lat' dir='ltr'><strong>onsTlS.</strong></span> <span class='ocrx_word' id='word_1_4' title='bbox 1646 635 1704 700; x_wconf 72' lang='lat'><strong>361</strong></span> 
     </span>
    </p>
   </div>
   <div class='ocr_carea' id='block_1_2' title="bbox 293 769 1717 4688">
    <p class='ocr_par' dir='ltr' id='par_1_2' title="bbox 294 769 1716 2709">
     <span class='ocr_line' id='line_1_2' title="bbox 294 769 1707 868; baseline -0.002 -23"><span class='ocrx_word' id='word_1_5' title='bbox 294 773 438 846; x_wconf 79' lang='lat' dir='ltr'>rebellat</span> <span class='ocrx_word' id='word_1_6' title='bbox 452 769 584 843; x_wconf 89' lang='lat' dir='ltr'><strong>civitati</strong></span> <span class='ocrx_word' id='word_1_7' title='bbox 606 769 790 842; x_wconf 85' lang='lat' dir='ltr'>Mediolani</span> <span class='ocrx_word' id='word_1_8' title='bbox 810 782 845 843; x_wconf 91' lang='lat' dir='ltr'><strong>et</strong></span> <span class='ocrx_word' id='word_1_9' title='bbox 860 773 1088 846; x_wconf 89' lang='lat' dir='ltr'><strong>Novarienses</strong></span> <span class='ocrx_word' id='word_1_10' title='bbox 1112 773 1239 846; x_wconf 80' lang='lat' dir='ltr'><strong>deforis</strong></span> <span class='ocrx_word' id='word_1_11' title='bbox 1263 773 1398 845; x_wconf 84' lang='lat' dir='ltr'><strong>iverunt</strong></span> <span class='ocrx_word' id='word_1_12' title='bbox 1421 771 1604 868; x_wconf 89' lang='lat' dir='ltr'><strong>Yparciam</strong></span> <span class='ocrx_word' id='word_1_13' title='bbox 1620 769 1707 866; x_wconf 82' lang='lat' dir='ltr'><strong>(sic)</strong></span> 
     </span>
     <span class='ocr_line' id='line_1_3' title="bbox 295 893 1708 991; baseline -0.002 -21"><span class='ocrx_word' id='word_1_14' title='bbox 295 895 414 970; x_wconf 90' lang='lat' dir='ltr'><strong>relicto</strong></span> <span class='ocrx_word' id='word_1_15' title='bbox 425 903 496 968; x_wconf 86' lang='lat' dir='ltr'><strong>toto</strong></span> <span class='ocrx_word' id='word_1_16' title='bbox 514 914 579 967; x_wconf 90' lang='lat' dir='ltr'><strong>sno</strong></span> <span class='ocrx_word' id='word_1_17' title='bbox 600 893 809 988; x_wconf 88' lang='lat' dir='ltr'><strong>episcopatu.</strong></span> <span class='ocrx_word' id='word_1_18' title='bbox 837 897 963 970; x_wconf 82' lang='lat' dir='ltr'><strong>Tamen</strong></span> <span class='ocrx_word' id='word_1_19' title='bbox 985 897 1146 970; x_wconf 90' lang='lat' dir='ltr'><strong>dominns</strong></span> <span class='ocrx_word' id='word_1_20' title='bbox 1165 897 1442 991; x_wconf 71' lang='lat' dir='ltr'><strong>archiepiscopus</strong></span> <span class='ocrx_word' id='word_1_21' title='bbox 1460 895 1544 969; x_wconf 89' lang='lat' dir='ltr'><strong>dicit</strong></span> <span class='ocrx_word' id='word_1_22' title='bbox 1562 917 1600 968; x_wconf 87' lang='lat' dir='ltr'><strong>se</strong></span> <span class='ocrx_word' id='word_1_23' title='bbox 1618 895 1708 968; x_wconf 88' lang='lat' dir='ltr'><strong>velle</strong></span> 
     </span>
     <span class='ocr_line' id='line_1_4' title="bbox 294 1018 1710 1114; baseline -0.004 -20"><span class='ocrx_word' id='word_1_24' title='bbox 294 1039 501 1114; x_wconf 85' lang='lat' dir='ltr'><strong>componere</strong></span> <span class='ocrx_word' id='word_1_25' title='bbox 515 1019 604 1088; x_wconf 85' lang='lat' dir='ltr'><strong>inter</strong></span> <span class='ocrx_word' id='word_1_26' title='bbox 615 1039 691 1108; x_wconf 89' lang='lat' dir='ltr'><strong>eos;</strong></span> <span class='ocrx_word' id='word_1_27' title='bbox 705 1018 902 1091; x_wconf 87' lang='lat' dir='ltr'><strong>Laudenses</strong></span> <span class='ocrx_word' id='word_1_28' title='bbox 912 1021 1034 1092; x_wconf 82' lang='lat' dir='ltr'><strong>volunt</strong></span> <span class='ocrx_word' id='word_1_29' title='bbox 1043 1021 1254 1114; x_wconf 87' lang='lat' dir='ltr'><strong>lacereqnod</strong></span> <span class='ocrx_word' id='word_1_30' title='bbox 1267 1020 1400 1114; x_wconf 78' lang='lat' dir='ltr'><strong>placeat</strong></span> <span class='ocrx_word' id='word_1_31' title='bbox 1410 1019 1710 1114; x_wconf 84' lang='lat' dir='ltr'><strong>archiepiscopoet</strong></span> 
     </span>
     <span class='ocr_line' id='line_1_5' title="bbox 294 1141 1709 1235; baseline -0.002 -20"><span class='ocrx_word' id='word_1_32' title='bbox 294 1142 470 1215; x_wconf 89' lang='lat' dir='ltr'><strong>Cumanis.</strong></span> <span class='ocrx_word' id='word_1_33' title='bbox 483 1141 558 1214; x_wconf 83' lang='lat' dir='ltr'><strong>Pax</strong></span> <span class='ocrx_word' id='word_1_34' title='bbox 573 1142 660 1213; x_wconf 87' lang='lat' dir='ltr'><strong>lacta</strong></span> <span class='ocrx_word' id='word_1_35' title='bbox 676 1149 729 1213; x_wconf 77' lang='lat' dir='ltr'><strong>eet</strong></span> <span class='ocrx_word' id='word_1_36' title='bbox 745 1163 824 1212; x_wconf 91' lang='lat' dir='ltr'><strong>cum</strong></span> <span class='ocrx_word' id='word_1_37' title='bbox 841 1141 1080 1235; x_wconf 87' lang='lat' dir='ltr'><strong>Papiensibns,</strong></span> <span class='ocrx_word' id='word_1_38' title='bbox 1095 1144 1377 1233; x_wconf 80' lang='lat' dir='ltr'><strong>Novariensibus,</strong></span> <span class='ocrx_word' id='word_1_39' title='bbox 1390 1152 1528 1214; x_wconf 85' lang='lat' dir='ltr'><strong>ettanta</strong></span> <span class='ocrx_word' id='word_1_40' title='bbox 1543 1151 1595 1214; x_wconf 88' lang='lat' dir='ltr'><strong>est</strong></span> <span class='ocrx_word' id='word_1_41' title='bbox 1607 1143 1709 1213; x_wconf 84' lang='lat' dir='ltr'><strong>exul·</strong></span> 
     </span>
     <span class='ocr_line' id='line_1_6' title="bbox 294 1263 1706 1366; baseline -0.004 -27"><span class='ocrx_word' id='word_1_42' title='bbox 294 1267 378 1340; x_wconf 84' lang='lat' dir='ltr'><strong>tatio</strong></span> <span class='ocrx_word' id='word_1_43' title='bbox 392 1277 427 1338; x_wconf 87' lang='lat' dir='ltr'><strong>et</strong></span> <span class='ocrx_word' id='word_1_44' title='bbox 444 1274 578 1338; x_wconf 91' lang='lat' dir='ltr'><strong>tantum</strong></span> <span class='ocrx_word' id='word_1_45' title='bbox 600 1263 767 1358; x_wconf 77' lang='lat' dir='ltr'><strong>gaudium</strong></span> <span class='ocrx_word' id='word_1_46' title='bbox 790 1276 842 1337; x_wconf 87' lang='lat' dir='ltr'><strong>est</strong></span> <span class='ocrx_word' id='word_1_47' title='bbox 865 1267 1174 1340; x_wconf 89' lang='lat' dir='ltr'><strong>Mediolanensiom</strong></span> <span class='ocrx_word' id='word_1_48' title='bbox 1193 1264 1316 1366; x_wconf 88' lang='lat' dir='ltr'><strong>[quod]</strong></span> <span class='ocrx_word' id='word_1_49' title='bbox 1334 1267 1397 1340; x_wconf 84' lang='lat' dir='ltr'><strong>rix</strong></span> <span class='ocrx_word' id='word_1_50' title='bbox 1420 1266 1527 1362; x_wconf 81' lang='lat' dir='ltr'><strong>possit</strong></span> <span class='ocrx_word' id='word_1_51' title='bbox 1544 1265 1706 1360; x_wconf 77' lang='lat' dir='ltr'><strong>exprimi.</strong></span> 
     </span>
     <span class='ocr_line' id='line_1_7' title="bbox 294 1379 1711 1486; baseline -0.003 -22"><span class='ocrx_word' id='word_1_52' title='bbox 294 1391 388 1465; x_wconf 88' lang='lat' dir='ltr'><strong>Misit</strong></span> <span class='ocrx_word' id='word_1_53' title='bbox 403 1388 566 1463; x_wconf 88' lang='lat' dir='ltr'><strong>dominus</strong></span> <span class='ocrx_word' id='word_1_54' title='bbox 587 1387 865 1482; x_wconf 87' lang='lat' dir='ltr'><strong>archiepiscopus</strong></span> <span class='ocrx_word' id='word_1_55' title='bbox 885 1389 931 1462; x_wconf 90' lang='lat' dir='ltr'><strong>ad</strong></span> <span class='ocrx_word' id='word_1_56' title='bbox 952 1412 1136 1464; x_wconf 89' lang='lat' dir='ltr'><strong>commune</strong></span> <span class='ocrx_word' id='word_1_57' title='bbox 1153 1392 1339 1463; x_wconf 90' lang='lat' dir='ltr'><strong>Cumarum</strong></span> <span class='ocrx_word' id='word_1_58' title='bbox 1358 1412 1421 1486; x_wconf 92' lang='lat' dir='ltr'><strong>pro</strong></span> <span class='ocrx_word' id='word_1_59' title='bbox 1443 1391 1605 1462; x_wconf 89' lang='lat' dir='ltr'><strong>omnibus</strong></span> <span class='ocrx_word' id='word_1_60' title='bbox 1629 1379 1711 1483; x_wconf 90' lang='lat' dir='ltr'><strong>cap·</strong></span> 
     </span>
     <span class='ocr_line' id='line_1_8' title="bbox 296 1511 1711 1608; baseline -0.003 -22"><span class='ocrx_word' id='word_1_61' title='bbox 296 1515 390 1605; x_wconf 86' lang='lat' dir='ltr'><strong>livis,</strong></span> <span class='ocrx_word' id='word_1_62' title='bbox 411 1523 447 1586; x_wconf 90' lang='lat' dir='ltr'><strong>et</strong></span> <span class='ocrx_word' id='word_1_63' title='bbox 460 1514 539 1585; x_wconf 88' lang='lat' dir='ltr'><strong>vult</strong></span> <span class='ocrx_word' id='word_1_64' title='bbox 558 1511 653 1606; x_wconf 90' lang='lat' dir='ltr'><strong>quod</strong></span> <span class='ocrx_word' id='word_1_65' title='bbox 670 1533 790 1584; x_wconf 91' lang='lat' dir='ltr'><strong>omnes</strong></span> <span class='ocrx_word' id='word_1_66' title='bbox 812 1512 1043 1602; x_wconf 85' lang='lat' dir='ltr'><strong>dimittantur,</strong></span> <span class='ocrx_word' id='word_1_67' title='bbox 1059 1515 1235 1587; x_wconf 88' lang='lat' dir='ltr'><strong>Turrianis</strong></span> <span class='ocrx_word' id='word_1_68' title='bbox 1251 1513 1407 1608; x_wconf 87' lang='lat' dir='ltr'><strong>exceptis</strong></span> <span class='ocrx_word' id='word_1_69' title='bbox 1426 1539 1435 1584; x_wconf 73' lang='grc' dir='ltr'><strong><em>ε</em></strong></span> <span class='ocrx_word' id='word_1_70' title='bbox 1453 1512 1498 1585; x_wconf 93' lang='lat' dir='ltr'><strong>de</strong></span> <span class='ocrx_word' id='word_1_71' title='bbox 1512 1513 1580 1586; x_wconf 93' lang='lat' dir='ltr'><strong>illis</strong></span> <span class='ocrx_word' id='word_1_72' title='bbox 1596 1521 1711 1584; x_wconf 85' lang='lat' dir='ltr'><strong>antem</strong></span> 
     </span>
     <span class='ocr_line' id='line_1_9' title="bbox 295 1634 1712 1731; baseline -0.001 -23"><span class='ocrx_word' id='word_1_73' title='bbox 295 1636 382 1731; x_wconf 91' lang='lat' dir='ltr'><strong>quid</strong></span> <span class='ocrx_word' id='word_1_74' title='bbox 401 1635 476 1708; x_wconf 86' lang='lat' dir='ltr'><strong>lieri</strong></span> <span class='ocrx_word' id='word_1_75' title='bbox 501 1634 628 1708; x_wconf 90' lang='lat' dir='ltr'><strong>debeat</strong></span> <span class='ocrx_word' id='word_1_76' title='bbox 649 1635 839 1726; x_wconf 80' lang='lat' dir='ltr'><strong>ignoratur.</strong></span> <span class='ocrx_word' id='word_1_77' title='bbox 859 1635 897 1706; x_wconf 95' lang='lat' dir='ltr'><strong>ln</strong></span> <span class='ocrx_word' id='word_1_78' title='bbox 918 1639 1004 1708; x_wconf 83' lang='lat' dir='ltr'><strong>testo</strong></span> <span class='ocrx_word' id='word_1_79' title='bbox 1022 1647 1137 1708; x_wconf 90' lang='lat' dir='ltr'><strong>autem</strong></span> <span class='ocrx_word' id='word_1_80' title='bbox 1162 1639 1260 1710; x_wconf 90' lang='lat' dir='ltr'><strong>beate</strong></span> <span class='ocrx_word' id='word_1_81' title='bbox 1284 1636 1427 1731; x_wconf 76' lang='lat' dir='ltr'><strong>Agnetis</strong></span> <span class='ocrx_word' id='word_1_82' title='bbox 1449 1657 1537 1707; x_wconf 38' lang='lat' dir='ltr'><strong>oum*</strong></span> <span class='ocrx_word' id='word_1_83' title='bbox 1550 1635 1712 1708; x_wconf 76' lang='lat' dir='ltr'><strong>Caronus</strong></span> 
     </span>
     <span class='ocr_line' id='line_1_10' title="bbox 296 1757 1710 1855; baseline -0.002 -22"><span class='ocrx_word' id='word_1_84' title='bbox 296 1758 342 1834; x_wconf 92' lang='lat' dir='ltr'><strong>de</strong></span> <span class='ocrx_word' id='word_1_85' title='bbox 356 1761 501 1832; x_wconf 88' lang='lat' dir='ltr'><strong>Latnrre</strong></span> <span class='ocrx_word' id='word_1_86' title='bbox 524 1767 559 1831; x_wconf 92' lang='lat' dir='ltr'><strong>et</strong></span> <span class='ocrx_word' id='word_1_87' title='bbox 578 1757 797 1830; x_wconf 82' lang='lat' dir='ltr'><strong>Gottorrcdus</strong></span> <span class='ocrx_word' id='word_1_88' title='bbox 819 1781 898 1831; x_wconf 92' lang='lat' dir='ltr'><strong>cum</strong></span> <span class='ocrx_word' id='word_1_89' title='bbox 924 1761 1012 1832; x_wconf 90' lang='lat' dir='ltr'><strong>bene</strong></span> <span class='ocrx_word' id='word_1_90' title='bbox 1026 1760 1076 1832; x_wconf 92' lang='lat' dir='ltr'><strong>CC</strong></span> <span class='ocrx_word' id='word_1_91' title='bbox 1097 1761 1345 1855; x_wconf 85' lang='lat' dir='ltr'><strong>equitatoribus</strong></span> <span class='ocrx_word' id='word_1_92' title='bbox 1364 1771 1478 1833; x_wconf 86' lang='lat' dir='ltr'><strong>essent</strong></span> <span class='ocrx_word' id='word_1_93' title='bbox 1498 1761 1533 1831; x_wconf 92' lang='lat' dir='ltr'><strong>in</strong></span> <span class='ocrx_word' id='word_1_94' title='bbox 1548 1760 1710 1850; x_wconf 90' lang='lat' dir='ltr'><strong>Cantnro,</strong></span> 
     </span>
     <span class='ocr_line' id='line_1_11' title="bbox 295 1882 1715 1977; baseline 0 -21"><span class='ocrx_word' id='word_1_95' title='bbox 295 1882 414 1957; x_wconf 87' lang='lat' dir='ltr'><strong>andita</strong></span> <span class='ocrx_word' id='word_1_96' title='bbox 441 1892 556 1977; x_wconf 81' lang='lat' dir='ltr'><strong>strage</strong></span> <span class='ocrx_word' id='word_1_97' title='bbox 578 1884 667 1954; x_wconf 88' lang='lat' dir='ltr'><strong>lacta</strong></span> <span class='ocrx_word' id='word_1_98' title='bbox 696 1891 780 1977; x_wconf 90' lang='lat' dir='ltr'><strong>aput</strong></span> <span class='ocrx_word' id='word_1_99' title='bbox 808 1883 977 1970; x_wconf 83' lang='lat' dir='ltr'><strong>Dexinm,</strong></span> <span class='ocrx_word' id='word_1_100' title='bbox 1008 1894 1179 1956; x_wconf 89' lang='lat' dir='ltr'><strong>venerunt</strong></span> <span class='ocrx_word' id='word_1_101' title='bbox 1203 1883 1434 1956; x_wconf 78' lang='lat' dir='ltr'><strong>Mediolanum</strong></span> <span class='ocrx_word' id='word_1_102' title='bbox 1463 1885 1555 1956; x_wconf 89' lang='lat' dir='ltr'><strong>circa</strong></span> <span class='ocrx_word' id='word_1_103' title='bbox 1576 1905 1653 1955; x_wconf 88' lang='lat' dir='ltr'><strong>sero</strong></span> <span class='ocrx_word' id='word_1_104' title='bbox 1680 1891 1715 1956; x_wconf 90' lang='lat' dir='ltr'><strong>et</strong></span> 
     </span>
     <span class='ocr_line' id='line_1_12' title="bbox 295 2004 1714 2100; baseline -0.001 -21"><span class='ocrx_word' id='word_1_105' title='bbox 295 2007 511 2079; x_wconf 89' lang='lat' dir='ltr'><strong>intraverunt</strong></span> <span class='ocrx_word' id='word_1_106' title='bbox 535 2005 709 2078; x_wconf 85' lang='lat' dir='ltr'><strong>civitatem</strong></span> <span class='ocrx_word' id='word_1_107' title='bbox 733 2005 896 2077; x_wconf 80' lang='lat' dir='ltr'><strong>facientes</strong></span> <span class='ocrx_word' id='word_1_108' title='bbox 918 2008 1066 2078; x_wconf 87' lang='lat' dir='ltr'><strong>clamare</strong></span> <span class='ocrx_word' id='word_1_109' title='bbox 1094 2006 1156 2100; x_wconf 92' lang='lat' dir='ltr'><strong>qni</strong></span> <span class='ocrx_word' id='word_1_110' title='bbox 1181 2027 1300 2078; x_wconf 89' lang='lat' dir='ltr'><strong>seoum</strong></span> <span class='ocrx_word' id='word_1_111' title='bbox 1322 2017 1420 2078; x_wconf 91' lang='lat' dir='ltr'><strong>erant</strong></span> <span class='ocrx_word' id='word_1_112' title='bbox 1447 2033 1456 2076; x_wconf 78' lang='grc' dir='ltr'><strong><em>ε</em></strong></span> <span class='ocrx_word' id='word_1_113' title='bbox 1482 2031 1498 2073; x_wconf 82' lang='lat' dir='ltr'><strong>a</strong></span> <span class='ocrx_word' id='word_1_114' title='bbox 1524 2008 1628 2078; x_wconf 86' lang='lat' dir='ltr'><strong>Vivat</strong></span> <span class='ocrx_word' id='word_1_115' title='bbox 1649 2004 1714 2078; x_wconf 91' lang='lat' dir='ltr'><strong>do-</strong></span> 
     </span>
     <span class='ocr_line' id='line_1_13' title="bbox 295 2125 1715 2224; baseline 0 -23"><span class='ocrx_word' id='word_1_116' title='bbox 295 2129 412 2202; x_wconf 87' lang='lat' dir='ltr'><strong>minus</strong></span> <span class='ocrx_word' id='word_1_117' title='bbox 427 2125 608 2200; x_wconf 83' lang='lat' dir='ltr'><strong>Caxonus!</strong></span> <span class='ocrx_word' id='word_1_118' title='bbox 632 2151 649 2196; x_wconf 80' lang='lat' dir='ltr'><strong>r</strong></span> <span class='ocrx_word' id='word_1_119' title='bbox 666 2128 709 2199; x_wconf 85' lang='lat' dir='ltr'><strong>Et</strong></span> <span class='ocrx_word' id='word_1_120' title='bbox 726 2148 787 2222; x_wconf 89' lang='lat' dir='ltr'><strong>per</strong></span> <span class='ocrx_word' id='word_1_121' title='bbox 807 2128 901 2198; x_wconf 90' lang='lat' dir='ltr'><strong>hunc</strong></span> <span class='ocrx_word' id='word_1_122' title='bbox 916 2127 1058 2201; x_wconf 91' lang='lat' dir='ltr'><strong>modum</strong></span> <span class='ocrx_word' id='word_1_123' title='bbox 1071 2129 1135 2201; x_wconf 89' lang='lat' dir='ltr'><strong>ivit</strong></span> <span class='ocrx_word' id='word_1_124' title='bbox 1151 2130 1196 2202; x_wconf 90' lang='lat' dir='ltr'><strong>ab</strong></span> <span class='ocrx_word' id='word_1_125' title='bbox 1217 2151 1287 2202; x_wconf 90' lang='lat' dir='ltr'><strong>uno</strong></span> <span class='ocrx_word' id='word_1_126' title='bbox 1303 2127 1418 2224; x_wconf 87' lang='lat' dir='ltr'><strong>capite</strong></span> <span class='ocrx_word' id='word_1_127' title='bbox 1435 2129 1583 2202; x_wconf 84' lang='lat' dir='ltr'><strong>civitatis</strong></span> <span class='ocrx_word' id='word_1_128' title='bbox 1603 2149 1715 2223; x_wconf 89' lang='lat' dir='ltr'><strong>nsque</strong></span> 
     </span>
     <span class='ocr_line' id='line_1_14' title="bbox 295 2249 1716 2347; baseline 0 -23"><span class='ocrx_word' id='word_1_129' title='bbox 295 2253 342 2324; x_wconf 93' lang='lat' dir='ltr'><strong>ad</strong></span> <span class='ocrx_word' id='word_1_130' title='bbox 363 2251 476 2343; x_wconf 90' lang='lat' dir='ltr'><strong>aliud,</strong></span> <span class='ocrx_word' id='word_1_131' title='bbox 495 2249 711 2324; x_wconf 88' lang='lat' dir='ltr'><strong>vulnerando</strong></span> <span class='ocrx_word' id='word_1_132' title='bbox 726 2273 831 2345; x_wconf 88' lang='lat' dir='ltr'><strong>quarn</strong></span> <span class='ocrx_word' id='word_1_133' title='bbox 850 2253 982 2346; x_wconf 74' lang='lat' dir='ltr'><strong>plures:</strong></span> <span class='ocrx_word' id='word_1_134' title='bbox 1002 2253 1064 2324; x_wconf 91' lang='lat' dir='ltr'><strong>sed</strong></span> <span class='ocrx_word' id='word_1_135' title='bbox 1084 2275 1163 2325; x_wconf 89' lang='lat' dir='ltr'><strong>curn</strong></span> <span class='ocrx_word' id='word_1_136' title='bbox 1182 2255 1329 2347; x_wconf 88' lang='lat' dir='ltr'><strong>populns</strong></span> <span class='ocrx_word' id='word_1_137' title='bbox 1347 2253 1412 2324; x_wconf 89' lang='lat' dir='ltr'><strong>hoc</strong></span> <span class='ocrx_word' id='word_1_138' title='bbox 1426 2253 1546 2326; x_wconf 87' lang='lat' dir='ltr'><strong>audito</strong></span> <span class='ocrx_word' id='word_1_139' title='bbox 1563 2254 1716 2326; x_wconf 86' lang='lat' dir='ltr'><strong>venissel</strong></span> 
     </span>
     <span class='ocr_line' id='line_1_15' title="bbox 295 2373 1715 2471; baseline 0 -23"><span class='ocrx_word' id='word_1_140' title='bbox 295 2375 342 2448; x_wconf 90' lang='lat' dir='ltr'><strong>ad</strong></span> <span class='ocrx_word' id='word_1_141' title='bbox 356 2396 466 2463; x_wconf 88' lang='lat' dir='ltr'><strong>arma,</strong></span> <span class='ocrx_word' id='word_1_142' title='bbox 483 2377 558 2469; x_wconf 91' lang='lat' dir='ltr'><strong>ipse</strong></span> <span class='ocrx_word' id='word_1_143' title='bbox 573 2373 619 2448; x_wconf 91' lang='lat' dir='ltr'><strong>de</strong></span> <span class='ocrx_word' id='word_1_144' title='bbox 632 2374 773 2446; x_wconf 86' lang='lat' dir='ltr'><strong>civitate</strong></span> <span class='ocrx_word' id='word_1_145' title='bbox 785 2396 864 2445; x_wconf 90' lang='lat' dir='ltr'><strong>cum</strong></span> <span class='ocrx_word' id='word_1_146' title='bbox 887 2377 1007 2469; x_wconf 80' lang='lat' dir='ltr'><strong>paucis</strong></span> <span class='ocrx_word' id='word_1_147' title='bbox 1026 2376 1114 2468; x_wconf 75' lang='lat' dir='ltr'><strong>fugit</strong></span> <span class='ocrx_word' id='word_1_148' title='bbox 1132 2377 1255 2448; x_wconf 83' lang='lat' dir='ltr'><strong>ceteris</strong></span> <span class='ocrx_word' id='word_1_149' title='bbox 1275 2376 1442 2470; x_wconf 83' lang='lat' dir='ltr'><strong>dispersis</strong></span> <span class='ocrx_word' id='word_1_150' title='bbox 1460 2397 1521 2471; x_wconf 92' lang='lat' dir='ltr'><strong>per</strong></span> <span class='ocrx_word' id='word_1_151' title='bbox 1537 2377 1715 2448; x_wconf 84' lang='lat' dir='ltr'><strong>civitatem</strong></span> 
     </span>
     <span class='ocr_line' id='line_1_16' title="bbox 296 2497 1716 2594; baseline 0 -22"><span class='ocrx_word' id='word_1_152' title='bbox 296 2509 332 2572; x_wconf 91' lang='lat' dir='ltr'><strong>et</strong></span> <span class='ocrx_word' id='word_1_153' title='bbox 359 2499 467 2594; x_wconf 87' lang='lat' dir='ltr'><strong>captis</strong></span> <span class='ocrx_word' id='word_1_154' title='bbox 491 2509 526 2570; x_wconf 90' lang='lat' dir='ltr'><strong>et</strong></span> <span class='ocrx_word' id='word_1_155' title='bbox 547 2498 647 2592; x_wconf 89' lang='lat' dir='ltr'><strong>equis</strong></span> <span class='ocrx_word' id='word_1_156' title='bbox 671 2497 828 2592; x_wconf 88' lang='lat' dir='ltr'><strong>pluribus</strong></span> <span class='ocrx_word' id='word_1_157' title='bbox 853 2498 1054 2590; x_wconf 78' lang='lat' dir='ltr'><strong>interfectis,</strong></span> <span class='ocrx_word' id='word_1_158' title='bbox 1080 2510 1114 2570; x_wconf 88' lang='lat' dir='ltr'><strong>et</strong></span> <span class='ocrx_word' id='word_1_159' title='bbox 1137 2512 1218 2570; x_wconf 89' lang='lat' dir='ltr'><strong>sunt</strong></span> <span class='ocrx_word' id='word_1_160' title='bbox 1236 2500 1401 2572; x_wconf 75' lang='lat' dir='ltr'><strong>Cremona</strong></span> <span class='ocrx_word' id='word_1_161' title='bbox 1426 2499 1590 2572; x_wconf 87' lang='lat' dir='ltr'><strong>dominns</strong></span> <span class='ocrx_word' id='word_1_162' title='bbox 1612 2499 1716 2572; x_wconf 88' lang='lat' dir='ltr'><strong>Goto-</strong></span> 
     </span>
     <span class='ocr_line' id='line_1_17' title="bbox 295 2619 1236 2709; baseline -0.002 -15"><span class='ocrx_word' id='word_1_163' title='bbox 295 2622 433 2709; x_wconf 85' lang='lat' dir='ltr'><strong>lredus‚</strong></span> <span class='ocrx_word' id='word_1_164' title='bbox 455 2621 619 2694; x_wconf 88' lang='lat' dir='ltr'><strong>dominus</strong></span> <span class='ocrx_word' id='word_1_165' title='bbox 635 2619 797 2692; x_wconf 80' lang='lat' dir='ltr'><strong>Caxonus</strong></span> <span class='ocrx_word' id='word_1_166' title='bbox 810 2631 844 2692; x_wconf 90' lang='lat' dir='ltr'><strong>el</strong></span> <span class='ocrx_word' id='word_1_167' title='bbox 861 2620 1024 2694; x_wconf 89' lang='lat' dir='ltr'><strong>dominus</strong></span> <span class='ocrx_word' id='word_1_168' title='bbox 1041 2622 1198 2694; x_wconf 83' lang='lat' dir='ltr'><strong>Advena.</strong></span> <span class='ocrx_word' id='word_1_169' title='bbox 1218 2648 1236 2692; x_wconf 83' lang='lat' dir='ltr'><strong>n</strong></span> 
     </span>
    </p>

    <p class='ocr_par' dir='ltr' id='par_1_3' title="bbox 294 2744 1717 3560">
     <span class='ocr_line' id='line_1_18' title="bbox 344 2744 1717 2841; baseline 0.001 -25"><span class='ocrx_word' id='word_1_170' title='bbox 344 2747 408 2818; x_wconf 87' lang='lat' dir='ltr'><strong>Die</strong></span> <span class='ocrx_word' id='word_1_171' title='bbox 424 2745 600 2818; x_wconf 87' lang='lat' dir='ltr'><strong>dominico</strong></span> <span class='ocrx_word' id='word_1_172' title='bbox 613 2744 691 2815; x_wconf 88' lang='lat' dir='ltr'><strong>Xlll</strong></span> <span class='ocrx_word' id='word_1_173' title='bbox 709 2745 837 2816; x_wconf 89' lang='lat' dir='ltr'><strong>mensis</strong></span> <span class='ocrx_word' id='word_1_174' title='bbox 855 2744 1017 2815; x_wconf 80' lang='lat' dir='ltr'><strong>februarii</strong></span> <span class='ocrx_word' id='word_1_175' title='bbox 1034 2744 1196 2816; x_wconf 88' lang='lat' dir='ltr'><strong>dominns</strong></span> <span class='ocrx_word' id='word_1_176' title='bbox 1214 2747 1387 2838; x_wconf 78' lang='lat' dir='ltr'><strong>Symonos</strong></span> <span class='ocrx_word' id='word_1_177' title='bbox 1408 2745 1454 2816; x_wconf 93' lang='lat' dir='ltr'><strong>de</strong></span> <span class='ocrx_word' id='word_1_178' title='bbox 1477 2745 1636 2818; x_wconf 89' lang='lat' dir='ltr'><strong>Loocario</strong></span> <span class='ocrx_word' id='word_1_179' title='bbox 1655 2767 1717 2841; x_wconf 93' lang='lat' dir='ltr'><strong>po·</strong></span> 
     </span>
     <span class='ocr_line' id='line_1_19' title="bbox 295 2854 1717 2964; baseline -0.001 -22"><span class='ocrx_word' id='word_1_180' title='bbox 295 2877 401 2942; x_wconf 81' lang='lat' dir='ltr'><strong>testas</strong></span> <span class='ocrx_word' id='word_1_181' title='bbox 420 2869 537 2964; x_wconf 91' lang='lat' dir='ltr'><strong>populi</strong></span> <span class='ocrx_word' id='word_1_182' title='bbox 552 2866 736 2940; x_wconf 85' lang='lat' dir='ltr'><strong>Mediolani</strong></span> <span class='ocrx_word' id='word_1_183' title='bbox 753 2887 832 2937; x_wconf 85' lang='lat' dir='ltr'><strong>cunr</strong></span> <span class='ocrx_word' id='word_1_184' title='bbox 848 2889 974 2958; x_wconf 82' lang='lat' dir='ltr'><strong>magna</strong></span> <span class='ocrx_word' id='word_1_185' title='bbox 990 2867 1181 2960; x_wconf 86' lang='lat' dir='ltr'><strong>quantitate</strong></span> <span class='ocrx_word' id='word_1_186' title='bbox 1200 2867 1348 2937; x_wconf 91' lang='lat' dir='ltr'><strong>militnm</strong></span> <span class='ocrx_word' id='word_1_187' title='bbox 1366 2854 1536 2940; x_wconf 66' lang='lat' dir='ltr'><strong>transiens</strong></span> <span class='ocrx_word' id='word_1_188' title='bbox 1550 2890 1612 2963; x_wconf 92' lang='lat' dir='ltr'><strong>per</strong></span> <span class='ocrx_word' id='word_1_189' title='bbox 1625 2869 1717 2944; x_wconf 89' lang='lat' dir='ltr'><strong>civi·</strong></span> 
     </span>
     <span class='ocr_line' id='line_1_20' title="bbox 294 2989 1717 3085; baseline -0.002 -19"><span class='ocrx_word' id='word_1_190' title='bbox 294 2999 398 3066; x_wconf 81' lang='lat' dir='ltr'><strong>tatem</strong></span> <span class='ocrx_word' id='word_1_191' title='bbox 425 2989 544 3063; x_wconf 89' lang='lat' dir='ltr'><strong>Laude</strong></span> <span class='ocrx_word' id='word_1_192' title='bbox 568 2991 709 3061; x_wconf 89' lang='lat' dir='ltr'><strong>intravit</strong></span> <span class='ocrx_word' id='word_1_193' title='bbox 736 2991 772 3059; x_wconf 94' lang='lat' dir='ltr'><strong>in</strong></span> <span class='ocrx_word' id='word_1_194' title='bbox 800 2990 955 3062; x_wconf 89' lang='lat' dir='ltr'><strong>Cremam</strong></span> <span class='ocrx_word' id='word_1_195' title='bbox 982 2999 1016 3060; x_wconf 85' lang='lat' dir='ltr'><strong>el</strong></span> <span class='ocrx_word' id='word_1_196' title='bbox 1046 2991 1177 3082; x_wconf 90' lang='lat' dir='ltr'><strong>accepit</strong></span> <span class='ocrx_word' id='word_1_197' title='bbox 1201 2989 1358 3060; x_wconf 86' lang='lat' dir='ltr'><strong>Cremam</strong></span> <span class='ocrx_word' id='word_1_198' title='bbox 1387 3011 1450 3085; x_wconf 92' lang='lat' dir='ltr'><strong>pro</strong></span> <span class='ocrx_word' id='word_1_199' title='bbox 1479 2991 1654 3063; x_wconf 89' lang='lat' dir='ltr'><strong>communi</strong></span> <span class='ocrx_word' id='word_1_200' title='bbox 1682 3000 1717 3064; x_wconf 88' lang='lat' dir='ltr'><strong>el</strong></span> 
     </span>
     <span class='ocr_line' id='line_1_21' title="bbox 294 3111 1715 3210; baseline 0.003 -26"><span class='ocrx_word' id='word_1_201' title='bbox 294 3115 425 3210; x_wconf 90' lang='lat' dir='ltr'><strong>populo</strong></span> <span class='ocrx_word' id='word_1_202' title='bbox 443 3113 640 3186; x_wconf 84' lang='lat' dir='ltr'><strong>Mediolani.</strong></span> <span class='ocrx_word' id='word_1_203' title='bbox 662 3115 713 3185; x_wconf 85' lang='lat' dir='ltr'><strong>Ile</strong></span> <span class='ocrx_word' id='word_1_204' title='bbox 730 3133 802 3206; x_wconf 89' lang='lat' dir='ltr'><strong>qno</strong></span> <span class='ocrx_word' id='word_1_205' title='bbox 818 3112 907 3184; x_wconf 89' lang='lat' dir='ltr'><strong>lacto</strong></span> <span class='ocrx_word' id='word_1_206' title='bbox 929 3113 1074 3183; x_wconf 86' lang='lat' dir='ltr'><strong>mollum</strong></span> <span class='ocrx_word' id='word_1_207' title='bbox 1095 3111 1215 3183; x_wconf 91' lang='lat' dir='ltr'><strong>timent</strong></span> <span class='ocrx_word' id='word_1_208' title='bbox 1233 3112 1390 3184; x_wconf 91' lang='lat' dir='ltr'><strong>homines</strong></span> <span class='ocrx_word' id='word_1_209' title='bbox 1414 3113 1580 3186; x_wconf 91' lang='lat' dir='ltr'><strong>Cremone</strong></span> <span class='ocrx_word' id='word_1_210' title='bbox 1601 3137 1645 3189; x_wconf 92' lang='lat' dir='ltr'><strong>ne</strong></span> <span class='ocrx_word' id='word_1_211' title='bbox 1667 3115 1715 3188; x_wconf 89' lang='lat' dir='ltr'><strong>ibi</strong></span> 
     </span>
     <span class='ocr_line' id='line_1_22' title="bbox 295 3235 1717 3334; baseline 0.004 -26"><span class='ocrx_word' id='word_1_212' title='bbox 295 3247 469 3334; x_wconf 88' lang='lat' dir='ltr'><strong>ponantur</strong></span> <span class='ocrx_word' id='word_1_213' title='bbox 487 3238 619 3310; x_wconf 88' lang='lat' dir='ltr'><strong>Boxius</strong></span> <span class='ocrx_word' id='word_1_214' title='bbox 639 3237 683 3308; x_wconf 90' lang='lat' dir='ltr'><strong>dc</strong></span> <span class='ocrx_word' id='word_1_215' title='bbox 705 3235 852 3307; x_wconf 88' lang='lat' dir='ltr'><strong>Dovaria</strong></span> <span class='ocrx_word' id='word_1_216' title='bbox 877 3248 912 3308; x_wconf 92' lang='lat' dir='ltr'><strong>et</strong></span> <span class='ocrx_word' id='word_1_217' title='bbox 939 3236 1185 3308; x_wconf 82' lang='lat' dir='ltr'><strong>Cremonenses</strong></span> <span class='ocrx_word' id='word_1_218' title='bbox 1204 3238 1392 3308; x_wconf 83' lang='lat' dir='ltr'><strong>extrinseci</strong></span> <span class='ocrx_word' id='word_1_219' title='bbox 1414 3238 1460 3310; x_wconf 91' lang='lat' dir='ltr'><strong>de</strong></span> <span class='ocrx_word' id='word_1_220' title='bbox 1481 3237 1646 3312; x_wconf 87' lang='lat' dir='ltr'><strong>Cremona</strong></span> <span class='ocrx_word' id='word_1_221' title='bbox 1669 3241 1717 3314; x_wconf 94' lang='lat' dir='ltr'><strong>ad</strong></span> 
     </span>
     <span class='ocr_line' id='line_1_23' title="bbox 294 3359 1715 3459; baseline 0.002 -27"><span class='ocrx_word' id='word_1_222' title='bbox 294 3359 544 3455; x_wconf 77' lang='lat' dir='ltr'><strong>guerriandum</strong></span> <span class='ocrx_word' id='word_1_223' title='bbox 559 3381 742 3432; x_wconf 88' lang='lat' dir='ltr'><strong>commune</strong></span> <span class='ocrx_word' id='word_1_224' title='bbox 757 3360 939 3450; x_wconf 79' lang='lat' dir='ltr'><strong>Cremone3</strong></span> <span class='ocrx_word' id='word_1_225' title='bbox 959 3371 993 3431; x_wconf 88' lang='lat' dir='ltr'><strong>et</strong></span> <span class='ocrx_word' id='word_1_226' title='bbox 1011 3359 1129 3432; x_wconf 89' lang='lat' dir='ltr'><strong>sedata</strong></span> <span class='ocrx_word' id='word_1_227' title='bbox 1146 3359 1205 3430; x_wconf 90' lang='lat' dir='ltr'><strong>illa</strong></span> <span class='ocrx_word' id='word_1_228' title='bbox 1226 3369 1314 3432; x_wconf 90' lang='lat' dir='ltr'><strong>terra</strong></span> <span class='ocrx_word' id='word_1_229' title='bbox 1331 3359 1489 3434; x_wconf 91' lang='lat' dir='ltr'><strong>homines</strong></span> <span class='ocrx_word' id='word_1_230' title='bbox 1509 3362 1630 3435; x_wconf 84' lang='lat' dir='ltr'><strong>Creme</strong></span> <span class='ocrx_word' id='word_1_231' title='bbox 1652 3385 1715 3459; x_wconf 94' lang='lat' dir='ltr'><strong>pro</strong></span> 
     </span>
     <span class='ocr_line' id='line_1_24' title="bbox 296 3483 1247 3560; baseline -0.006 0"><span class='ocrx_word' id='word_1_232' title='bbox 296 3483 473 3560; x_wconf 89' lang='lat' dir='ltr'><strong>communi</strong></span> <span class='ocrx_word' id='word_1_233' title='bbox 487 3485 657 3558; x_wconf 91' lang='lat' dir='ltr'><strong>obediunt</strong></span> <span class='ocrx_word' id='word_1_234' title='bbox 672 3485 846 3556; x_wconf 89' lang='lat' dir='ltr'><strong>communi</strong></span> <span class='ocrx_word' id='word_1_235' title='bbox 864 3484 1052 3556; x_wconf 89' lang='lat' dir='ltr'><strong>Mediolani</strong></span> <span class='ocrx_word' id='word_1_236' title='bbox 1071 3485 1106 3553; x_wconf 92' lang='lat' dir='ltr'><strong>in</strong></span> <span class='ocrx_word' id='word_1_237' title='bbox 1123 3493 1247 3554; x_wconf 86' lang='lat' dir='ltr'><strong>totum.</strong></span> 
     </span>
    </p>

    <p class='ocr_par' dir='ltr' id='par_1_4' title="bbox 293 3605 1716 3945">
     <span class='ocr_line' id='line_1_25' title="bbox 344 3605 1715 3699; baseline -0.003 -17"><span class='ocrx_word' id='word_1_238' title='bbox 344 3611 395 3682; x_wconf 90' lang='lat' dir='ltr'><strong>De</strong></span> <span class='ocrx_word' id='word_1_239' title='bbox 411 3629 530 3680; x_wconf 90' lang='lat' dir='ltr'><strong>mense</strong></span> <span class='ocrx_word' id='word_1_240' title='bbox 546 3607 709 3680; x_wconf 78' lang='lat' dir='ltr'><strong>februarii</strong></span> <span class='ocrx_word' id='word_1_241' title='bbox 729 3605 926 3678; x_wconf 84' lang='lat' dir='ltr'><strong>laudenses</strong></span> <span class='ocrx_word' id='word_1_242' title='bbox 947 3615 1156 3699; x_wconf 88' lang='lat' dir='ltr'><strong>acceperunt</strong></span> <span class='ocrx_word' id='word_1_243' title='bbox 1181 3627 1202 3676; x_wconf 89' lang='lat' dir='ltr'><strong>a</strong></span> <span class='ocrx_word' id='word_1_244' title='bbox 1223 3606 1400 3676; x_wconf 87' lang='lat' dir='ltr'><strong>communi</strong></span> <span class='ocrx_word' id='word_1_245' title='bbox 1416 3605 1600 3679; x_wconf 87' lang='lat' dir='ltr'><strong>Mediolani</strong></span> <span class='ocrx_word' id='word_1_246' title='bbox 1626 3607 1715 3681; x_wconf 89' lang='lat' dir='ltr'><strong>duas</strong></span> 
     </span>
     <span class='ocr_line' id='line_1_26' title="bbox 293 3729 1716 3830; baseline -0.001 -24"><span class='ocrx_word' id='word_1_247' title='bbox 293 3743 480 3830; x_wconf 86' lang='lat' dir='ltr'><strong>potestates</strong></span> <span class='ocrx_word' id='word_1_248' title='bbox 498 3735 574 3806; x_wconf 88' lang='lat' dir='ltr'><strong>slve</strong></span> <span class='ocrx_word' id='word_1_249' title='bbox 592 3743 754 3822; x_wconf 88' lang='lat' dir='ltr'><strong>rectores,</strong></span> <span class='ocrx_word' id='word_1_250' title='bbox 772 3730 901 3802; x_wconf 88' lang='lat' dir='ltr'><strong>scilicet</strong></span> <span class='ocrx_word' id='word_1_251' title='bbox 915 3729 1096 3801; x_wconf 92' lang='lat' dir='ltr'><strong>dominum</strong></span> <span class='ocrx_word' id='word_1_252' title='bbox 1110 3729 1269 3800; x_wconf 90' lang='lat' dir='ltr'><strong>Ottonem</strong></span> <span class='ocrx_word' id='word_1_253' title='bbox 1288 3729 1530 3802; x_wconf 81' lang='lat' dir='ltr'><strong>vicecomitem</strong></span> <span class='ocrx_word' id='word_1_254' title='bbox 1543 3732 1579 3802; x_wconf 91' lang='lat' dir='ltr'><strong>in</strong></span> <span class='ocrx_word' id='word_1_255' title='bbox 1596 3732 1716 3826; x_wconf 88' lang='lat' dir='ltr'><strong>primis</strong></span> 
     </span>
     <span class='ocr_line' id='line_1_27' title="bbox 294 3850 1712 3945; baseline -0.001 -17"><span class='ocrx_word' id='word_1_256' title='bbox 294 3877 360 3928; x_wconf 83' lang='lat' dir='ltr'><strong>sex</strong></span> <span class='ocrx_word' id='word_1_257' title='bbox 374 3855 553 3927; x_wconf 90' lang='lat' dir='ltr'><strong>mensibus</strong></span> <span class='ocrx_word' id='word_1_258' title='bbox 571 3865 606 3926; x_wconf 92' lang='lat' dir='ltr'><strong>el</strong></span> <span class='ocrx_word' id='word_1_259' title='bbox 624 3853 804 3926; x_wconf 90' lang='lat' dir='ltr'><strong>dominnm</strong></span> <span class='ocrx_word' id='word_1_260' title='bbox 821 3851 980 3945; x_wconf 82' lang='lat' dir='ltr'><strong>Agonnm</strong></span> <span class='ocrx_word' id='word_1_261' title='bbox 995 3851 1219 3922; x_wconf 89' lang='lat' dir='ltr'><strong>Mareelinnm</strong></span> <span class='ocrx_word' id='word_1_262' title='bbox 1243 3850 1278 3921; x_wconf 95' lang='lat' dir='ltr'><strong>in</strong></span> <span class='ocrx_word' id='word_1_263' title='bbox 1296 3851 1427 3924; x_wconf 85' lang='lat' dir='ltr'><strong>ultimis</strong></span> <span class='ocrx_word' id='word_1_264' title='bbox 1439 3874 1504 3924; x_wconf 81' lang='lat' dir='ltr'><strong>sex</strong></span> <span class='ocrx_word' id='word_1_265' title='bbox 1521 3853 1712 3927; x_wconf 89' lang='lat' dir='ltr'><strong>mensibus.</strong></span> 
     </span>
    </p>

    <p class='ocr_par' dir='ltr' id='par_1_5' title="bbox 294 3974 1716 4688">
     <span class='ocr_line' id='line_1_28' title="bbox 344 3974 1716 4068; baseline -0.003 -16"><span class='ocrx_word' id='word_1_266' title='bbox 344 3981 395 4052; x_wconf 87' lang='lat' dir='ltr'><strong>De</strong></span> <span class='ocrx_word' id='word_1_267' title='bbox 409 3977 532 4051; x_wconf 90' lang='lat' dir='ltr'><strong>eodem</strong></span> <span class='ocrx_word' id='word_1_268' title='bbox 552 3997 670 4048; x_wconf 89' lang='lat' dir='ltr'><strong>mense</strong></span> <span class='ocrx_word' id='word_1_269' title='bbox 692 3975 897 4062; x_wconf 87' lang='lat' dir='ltr'><strong>Placentini,</strong></span> <span class='ocrx_word' id='word_1_270' title='bbox 921 3974 1186 4065; x_wconf 85' lang='lat' dir='ltr'><strong>Cremonenses,</strong></span> <span class='ocrx_word' id='word_1_271' title='bbox 1205 3974 1424 4066; x_wconf 89' lang='lat' dir='ltr'><strong>Parmenses‚</strong></span> <span class='ocrx_word' id='word_1_272' title='bbox 1447 3975 1587 4068; x_wconf 82' lang='lat' dir='ltr'><strong>llegini,</strong></span> <span class='ocrx_word' id='word_1_273' title='bbox 1607 3978 1716 4048; x_wconf 88' lang='lat' dir='ltr'><strong>Muti-</strong></span> 
     </span>
     <span class='ocr_line' id='line_1_29' title="bbox 294 4097 1716 4192; baseline -0.001 -18"><span class='ocrx_word' id='word_1_274' title='bbox 294 4123 440 4192; x_wconf 87' lang='lat' dir='ltr'><strong>nenses,</strong></span> <span class='ocrx_word' id='word_1_275' title='bbox 459 4099 696 4173; x_wconf 89' lang='lat' dir='ltr'><strong>Bononienses</strong></span> <span class='ocrx_word' id='word_1_276' title='bbox 711 4098 905 4184; x_wconf 86' lang='lat' dir='ltr'><strong>intrinseci,</strong></span> <span class='ocrx_word' id='word_1_277' title='bbox 925 4097 1185 4183; x_wconf 81' lang='lat' dir='ltr'><strong>Cremonenses,</strong></span> <span class='ocrx_word' id='word_1_278' title='bbox 1205 4097 1423 4186; x_wconf 83' lang='lat' dir='ltr'><strong>Brixienses,</strong></span> <span class='ocrx_word' id='word_1_279' title='bbox 1441 4100 1567 4170; x_wconf 86' lang='lat' dir='ltr'><strong>milites</strong></span> <span class='ocrx_word' id='word_1_280' title='bbox 1586 4101 1716 4172; x_wconf 82' lang='lat' dir='ltr'><strong>extrin-</strong></span> 
     </span>
     <span class='ocr_line' id='line_1_30' title="bbox 295 4219 1714 4320; baseline -0.001 -23"><span class='ocrx_word' id='word_1_281' title='bbox 295 4225 366 4298; x_wconf 89' lang='lat' dir='ltr'><strong>seci</strong></span> <span class='ocrx_word' id='word_1_282' title='bbox 389 4225 435 4298; x_wconf 92' lang='lat' dir='ltr'><strong>de</strong></span> <span class='ocrx_word' id='word_1_283' title='bbox 457 4225 562 4320; x_wconf 82' lang='lat' dir='ltr'><strong>Papia</strong></span> <span class='ocrx_word' id='word_1_284' title='bbox 588 4224 649 4317; x_wconf 92' lang='lat' dir='ltr'><strong>qni</strong></span> <span class='ocrx_word' id='word_1_285' title='bbox 670 4221 852 4294; x_wconf 86' lang='lat' dir='ltr'><strong>Fallabrini</strong></span> <span class='ocrx_word' id='word_1_286' title='bbox 877 4220 1039 4291; x_wconf 90' lang='lat' dir='ltr'><strong>dicuntur</strong></span> <span class='ocrx_word' id='word_1_287' title='bbox 1062 4233 1096 4291; x_wconf 85' lang='lat' dir='ltr'><strong>et</strong></span> <span class='ocrx_word' id='word_1_288' title='bbox 1123 4219 1338 4292; x_wconf 79' lang='lat' dir='ltr'><strong>veronenses</strong></span> <span class='ocrx_word' id='word_1_289' title='bbox 1360 4219 1546 4292; x_wconf 84' lang='lat' dir='ltr'><strong>extrinseci</strong></span> <span class='ocrx_word' id='word_1_290' title='bbox 1575 4223 1714 4296; x_wconf 87' lang='lat' dir='ltr'><strong>insimul</strong></span> 
     </span>
     <span class='ocr_line' id='line_1_31' title="bbox 296 4343 1716 4444; baseline 0 -26"><span class='ocrx_word' id='word_1_291' title='bbox 296 4349 550 4444; x_wconf 87' lang='lat' dir='ltr'><strong>parlamentum</strong></span> <span class='ocrx_word' id='word_1_292' title='bbox 568 4346 604 4417; x_wconf 92' lang='lat' dir='ltr'><strong>in</strong></span> <span class='ocrx_word' id='word_1_293' title='bbox 622 4345 760 4417; x_wconf 85' lang='lat' dir='ltr'><strong>civitate</strong></span> <span class='ocrx_word' id='word_1_294' title='bbox 774 4345 897 4416; x_wconf 89' lang='lat' dir='ltr'><strong>Parme</strong></span> <span class='ocrx_word' id='word_1_295' title='bbox 915 4345 1071 4416; x_wconf 88' lang='lat' dir='ltr'><strong>lecerunt</strong></span> <span class='ocrx_word' id='word_1_296' title='bbox 1091 4369 1100 4414; x_wconf 91' lang='lat'><strong>·.</strong></span> <span class='ocrx_word' id='word_1_297' title='bbox 1114 4345 1271 4436; x_wconf 87' lang='lat' dir='ltr'><strong>jurantes</strong></span> <span class='ocrx_word' id='word_1_298' title='bbox 1289 4343 1429 4432; x_wconf 88' lang='lat' dir='ltr'><strong>insimul</strong></span> <span class='ocrx_word' id='word_1_299' title='bbox 1450 4345 1647 4418; x_wconf 88' lang='lat' dir='ltr'><strong>societatem</strong></span> <span class='ocrx_word' id='word_1_300' title='bbox 1669 4344 1716 4419; x_wconf 92' lang='lat' dir='ltr'><strong>de</strong></span> 
     </span>
     <span class='ocr_line' id='line_1_32' title="bbox 295 4466 1715 4562; baseline -0.001 -18"><span class='ocrx_word' id='word_1_301' title='bbox 295 4491 334 4544; x_wconf 86' lang='lat' dir='ltr'><strong>se</strong></span> <span class='ocrx_word' id='word_1_302' title='bbox 347 4469 550 4562; x_wconf 82' lang='lat' dir='ltr'><strong>adjuvando</strong></span> <span class='ocrx_word' id='word_1_303' title='bbox 569 4479 604 4541; x_wconf 92' lang='lat' dir='ltr'><strong>et</strong></span> <span class='ocrx_word' id='word_1_304' title='bbox 619 4466 875 4539; x_wconf 87' lang='lat' dir='ltr'><strong>manutenendo</strong></span> <span class='ocrx_word' id='word_1_305' title='bbox 885 4479 1000 4538; x_wconf 89' lang='lat' dir='ltr'><strong>contra</strong></span> <span class='ocrx_word' id='word_1_306' title='bbox 1012 4486 1256 4559; x_wconf 86' lang='lat' dir='ltr'><strong>quencumque</strong></span> <span class='ocrx_word' id='word_1_307' title='bbox 1270 4487 1463 4560; x_wconf 89' lang='lat' dir='ltr'><strong>personam.</strong></span> <span class='ocrx_word' id='word_1_308' title='bbox 1480 4469 1715 4562; x_wconf 88' lang='lat' dir='ltr'><strong>lmposnentes</strong></span> 
     </span>
     <span class='ocr_line' id='line_1_33' title="bbox 295 4587 1716 4688; baseline -0.002 -23"><span class='ocrx_word' id='word_1_309' title='bbox 295 4591 373 4688; x_wconf 81' lang='lat' dir='ltr'><strong>(sic)</strong></span> <span class='ocrx_word' id='word_1_310' title='bbox 392 4593 481 4666; x_wconf 90' lang='lat' dir='ltr'><strong>inter</strong></span> <span class='ocrx_word' id='word_1_311' title='bbox 497 4613 535 4664; x_wconf 86' lang='lat' dir='ltr'><strong>se</strong></span> <span class='ocrx_word' id='word_1_312' title='bbox 549 4613 655 4686; x_wconf 89' lang='lat' dir='ltr'><strong>snper</strong></span> <span class='ocrx_word' id='word_1_313' title='bbox 674 4590 785 4662; x_wconf 87' lang='lat' dir='ltr'><strong>dietas</strong></span> <span class='ocrx_word' id='word_1_314' title='bbox 804 4589 963 4662; x_wconf 86' lang='lat' dir='ltr'><strong>civitates</strong></span> <span class='ocrx_word' id='word_1_315' title='bbox 981 4589 1082 4661; x_wconf 92' lang='lat' dir='ltr'><strong>CCCC</strong></span> <span class='ocrx_word' id='word_1_316' title='bbox 1099 4590 1224 4660; x_wconf 87' lang='lat' dir='ltr'><strong>milites</strong></span> <span class='ocrx_word' id='word_1_317' title='bbox 1239 4587 1438 4662; x_wconf 86' lang='lat' dir='ltr'><strong>adsoldatns</strong></span> <span class='ocrx_word' id='word_1_318' title='bbox 1460 4611 1528 4661; x_wconf 92' lang='lat' dir='ltr'><strong>non</strong></span> <span class='ocrx_word' id='word_1_319' title='bbox 1548 4591 1593 4662; x_wconf 95' lang='lat' dir='ltr'><strong>de</strong></span> <span class='ocrx_word' id='word_1_320' title='bbox 1609 4593 1716 4663; x_wconf 85' lang='lat' dir='ltr'><strong>Lorn-</strong></span> 
     </span>
    </p>
   </div>
   <div class='ocr_carea' id='block_1_3' title="bbox 296 4714 1714 4897">
    <p class='ocr_par' dir='ltr' id='par_1_6' title="bbox 296 4714 1714 4897">
     <span class='ocr_line' id='line_1_34' title="bbox 296 4714 1714 4810; baseline -0.001 -20"><span class='ocrx_word' id='word_1_321' title='bbox 296 4717 419 4790; x_wconf 90' lang='lat' dir='ltr'><strong>bardia</strong></span> <span class='ocrx_word' id='word_1_322' title='bbox 438 4717 484 4790; x_wconf 84' lang='lat' dir='ltr'><strong>ed</strong></span> <span class='ocrx_word' id='word_1_323' title='bbox 502 4716 618 4789; x_wconf 89' lang='lat' dir='ltr'><strong>soldos</strong></span> <span class='ocrx_word' id='word_1_324' title='bbox 642 4716 796 4810; x_wconf 88' lang='lat' dir='ltr'><strong>ipsarum</strong></span> <span class='ocrx_word' id='word_1_325' title='bbox 815 4714 1116 4802; x_wconf 68' lang='lat' dir='ltr'><strong>communitatum</strong></span> <span class='ocrx_word' id='word_1_326' title='bbox 1143 4721 1178 4784; x_wconf 91' lang='lat' dir='ltr'><strong>et</strong></span> <span class='ocrx_word' id='word_1_327' title='bbox 1199 4721 1395 4784; x_wconf 84' lang='lat' dir='ltr'><strong>statuerunt</strong></span> <span class='ocrx_word' id='word_1_328' title='bbox 1417 4715 1550 4786; x_wconf 88' lang='lat' dir='ltr'><strong>mittere</strong></span> <span class='ocrx_word' id='word_1_329' title='bbox 1574 4715 1619 4786; x_wconf 90' lang='lat' dir='ltr'><strong>ad</strong></span> <span class='ocrx_word' id='word_1_330' title='bbox 1644 4737 1714 4788; x_wconf 92' lang='lat' dir='ltr'><strong>cu-</strong></span> 
     </span>
     <span class='ocr_line' id='line_1_35' title="bbox 1515 4847 1553 4897; baseline 0.026 -1"><span class='ocrx_word' id='word_1_331' title='bbox 1515 4847 1553 4897; x_wconf 83' lang='lat' dir='ltr'><strong>ro</strong></span> 
     </span>
    </p>
   </div>
   <div class='ocr_carea' id='block_1_4' title="bbox 0 0 2290 6064">
    <p class='ocr_par' dir='ltr' id='par_1_7' title="bbox 0 0 2290 6064">
     <span class='ocr_line' id='line_1_36' title="bbox 0 0 2290 6064; baseline 0 0"><span class='ocrx_word' id='word_1_332' title='bbox 0 0 2290 6064; x_wconf 95' lang='lat' dir='ltr'><strong> </strong></span> 
     </span>
    </p>
   </div>
  </div>
 </body>
</html>
