4594 6066
594 650 653 712 158
1067 650 1307 712 canonicos
1331 651 1384 712 1111
1407 651 1536 713 lllllllJS

592 786 692 877 enjus
716 804 820 855 manu
839 783 1054 878 potissimum
1083 795 1174 858 terra
1197 787 1352 881 predicta
1374 788 1579 882 prestolatur
1599 787 1791 878 auxilium,
1808 789 1885 862 sine
1905 793 2006 865 166116

592 910 712 982 661166
725 907 971 1002 redargutione
989 911 1179 982 multorum
1195 911 1313 984 relicto
1327 911 1362 983 in
1382 919 1452 983 tam
1470 911 1578 984 nobili
1593 911 1733 1004 regione
1749 911 1885 1008 imperii
1899 916 2005 986 nostri

592 1053 735 1126 corpore
763 1033 911 1104 lacerato
936 1042 971 1105 et
998 1033 1214 1106 dissimulata
1240 1045 1312 1106 tam
1336 1035 1444 1107 veteri
1475 1034 1661 1107 rebellione
1685 1035 1882 1127 rebellium,
1904 1059 2006 1110 6666-

591 1177 687 1228 mere
705 1157 812 1228 libere
827 1165 960 1228 tantum
979 1157 1160 1250 negocium
1181 1178 1250 1231 non
1265 1179 1456 1253 possemus.
1471 1159 1523 1231 De
1538 1159 1615 1230 sinu
1633 1157 1743 1252 ipsius
1756 1160 1867 1232 Ytelie
1885 1181 2004 1256 supra·

595 1279 688 1353 dicta
706 1278 878 1350 discordia
897 1278 943 1353 ed
960 1279 1126 1353 bonorem
1143 1281 1206 1353 Dei
1229 1291 1264 1354 61
1282 1281 1418 1376 imperii
1439 1281 1606 1355 laudabili
1625 1279 1693 1354 1166
1714 1281 1854 1374 sedata,
1875 1284 2007 1377 grande

593 1424 773 1496 speremus
794 1403 986 1497 producere
1008 1404 1180 1476 auxilium
1203 1406 1305 1478 Terra
1328 1407 1452 1478 866616
1473 1427 1543 1499 qne
1562 1405 1659 1480 velut
1674 1405 1795 1478 ineolis
1816 1409 2004 1502 populosa,

593 1525 708 1596 vicina
724 1524 773 1622 (a)
792 1527 980 1616 maritime,
1000 1527 1103 1618 glebo
1120 1529 1216 1600 66116
1234 1525 1279 1622 (1)
1297 1528 1462 1622 frugifera
1479 1529 1516 1600 in
1533 1529 1825 1624 oportunitatibus
1846 1531 2007 1604 omnibus

595 1647 642 1722 ed
662 1648 794 1720 dictum
813 1651 996 1743 negocium
1019 1673 1057 1722 se
1073 1651 1220 1722 nimium
1242 1652 1362 1724 utilem
1383 1651 1575 1724 exhibebit.
1595 1651 1649 1724 Ad
1671 1652 1737 1724 hee
1762 1653 1869 1746 igitur
1892 1653 2007 1726 omnia

593 1773 775 1844 salubriter
794 1774 1011 1868 procuranda
1027 1796 1091 1846 nee
1109 1775 1234 1847 nostris
1250 1774 1431 1868 indulgere
1451 1773 1626 1848 laboribus
1648 1796 1713 1847 neo
1725 1795 1866 1869 parcere
1888 1797 2005 1871 sump-

595 1895 687 1968 tibus
716 1895 955 1991 dispouentes,
981 1908 1088 1970 estete
1111 1898 1260 1991 presenti
1289 1898 1511 1992 personaliter
1536 1919 1616 1970 cum
1643 1898 1861 1995 principibus
1885 1900 2008 1974 nostris

592 2018 719 2092 intrare
736 2019 957 2092 condiximus
974 2022 1226 2096 Lombardiam.
1248 2019 1304 2094 dd
1324 2021 1388 2093 hee
1405 2022 1470 2094 trie
1489 2021 1666 2117 potissime
1683 2022 2006 2097 consideracionem

594 2154 786 2216 nostrarum
810 2145 928 2217 oculos
947 2144 993 2240 (6)
1013 2145 1201 2239 dirigentes
1221 2155 1276 2230 nt,
1301 2143 1499 2216 herudicatu
1528 2144 1564 2214 in
1589 2143 1702 2218 Ytulia
1726 2144 1875 2218 heretica
1893 2148 2007 2239 previ·

596 2275 683 2357 tete,
704 2269 782 2358 iura
810 2269 955 2340 ecclesie
976 2278 1011 2341 et
1031 2269 1167 2364 imperii
1187 2269 1412 2340 reformemus
1441 2263 1590 2356 ibidem,
1613 2274 1650 2339 et
1672 2276 1712 2337 ut
1736 2287 1854 2361 66666
1875 2265 2008 2339 discor·

596 2391 731 2464 diarum
756 2393 976 2464 scismatibus
998 2392 1147 2484 fatigatis
1175 2400 1210 2462 et
1229 2390 1445 2484 quibuslibet
1469 2389 1578 2483 passis
1604 2389 1767 2480 injuriam
1791 2389 1923 2484 absque
1948 2413 2009 2462 ao·

596 2514 754 2608 ceptione
788 2516 941 2608 qnalibet
973 2535 1200 2610 personarum
1232 2513 1400 2606 justitiam
1430 2512 1678 2585 ministremus.
1714 2512 1850 2586 Scimus
1882 2515 2008 2587 etenim

594 2637 739 2709 veritate
762 2647 906 2710 testante
938 2637 1033 2732 quod
1058 2637 1158 2710 nubis
1189 2638 1379 2730 malignum
1405 2636 1549 2730 aliquod
1576 2634 1756 2708 adversari
1788 2656 1858 2710 non
1888 2638 2011 2732 poterit

597 2759 682 2832 dum
698 2761 834 2852 justicie
850 2761 898 2858 (d)
912 2762 998 2833 solio
1012 2759 1247 2856 presidemns3
1267 2768 1302 2831 et
1318 2769 1356 2830 ut
1372 2758 1419 2833 ad
1437 2756 1654 2853 expiandum
1667 2757 1885 2831 inimieorum
1901 2756 2010 2857 [11661]

596 2885 657 2982 616·
681 2885 852 2958 celeritate
882 2885 1069 2980 flagitium,
1094 2884 1129 2955 in
1151 2884 1308 2979 partibus
1328 2881 1565 2954 transmarinis
1589 2881 1634 2954 de
1659 2883 1834 2955 communi
1852 2883 2011 2957 (116666-

597 3019 755 3082 tanorum
773 3018 809 3082 et
825 3009 1038 3082 Ytalieorum
1060 3007 1205 3082 consilio
1228 3007 1317 3078 votis
1332 3005 1475 3102 paribus
1500 3005 1707 3078 unanimiter
1728 3005 1934 3102 aspiremus.
1954 3005 2010 3078 Ad

596 3135 693 3228 quod
715 3143 866 3206 vestrum
881 3131 939 3231 (6)
960 3133 1123 3229 precipue
1149 3141 1185 3204 et
1212 3130 1323 3203 tocius
1347 3129 1582 3202 universitatis
1608 3128 1793 3201 christiane
1822 3129 2011 3224 presidium

594 3261 668 3352 jam
691 3278 760 3329 non
781 3267 914 3330 tantum
934 3256 988 3352 (s)
1006 3255 1156 3345 utilitas,
1183 3255 1246 3327 sed
1265 3255 1340 3350 ipsa
1368 3253 1553 3326 necessitas
1581 3253 1747 3324 instanter
1772 3251 1912 3343 invitet,
1931 3275 2009 3326 oum

599 3389 822 3474 treugnerum
846 3379 926 3452 finis
942 3402 1031 3475 quas
1051 3401 1114 3451 nos
1134 3379 1170 3448 in
1192 3377 1276 3472 ipsis
1295 3375 1448 3471 pertibus
1469 3375 1657 3448 existentes
1676 3374 1843 3448 inivimus
1862 3373 1913 3470 (9)
1932 3397 2011 3447 eum

600 3504 761 3595 soldano,
784 3505 855 3577 iere
872 3505 908 3576 in
925 3503 1043 3597 ianuis
1061 3501 1241 3574 habeatur.
1268 3499 1421 3594 ideoque
1441 3497 1487 3572 de
1502 3507 1697 3571 nostrorum
1717 3497 1912 3594 principum
1931 3519 2012 3570 oon·

599 3629 675 3700 silio
693 3637 777 3723 6661
794 3628 999 3700 Placentiam
1017 3626 1229 3720 solempnem
1247 3624 1378 3696 curiam
1400 3621 1569 3696 duximus
1588 3621 1822 3696 inducendam
1842 3621 1889 3696 ad
1908 3643 2011 3715 qnam

594 3751 645 3824 eb
671 3750 762 3824 Urbe
780 3749 864 3824 eitra
886 3749 1042 3821 omnium
1069 3747 1331 3822 universitatum
1356 3745 1469 3820 Ytalie
1495 3743 1642 3818 nuncios
1665 3744 1865 3816 invitamus.
1892 3743 2014 3839 lbiqne

599 3875 841 3970 quamplures
862 3871 1043 3946 nobiscnm
1060 3871 1235 3968 principes
1254 3879 1389 3944 nostros
1411 3867 1617 3942 habebimus
1635 3867 1672 3940 in
1694 3867 1886 3942 honorabili
1909 3865 2014 3940 conri-

644 4118 685 4198 (o)
706 4119 741 4180 ln
755 4117 856 4179 codiee
867 4115 970 4178 616166.

644 4225 687 4306 (1)
707 4227 743 4286 16
756 4225 856 4286 codice
869 4219 954 4283 66116.

645 4331 682 4409 (6)
707 4332 743 4391 16
756 4330 856 4391 codiee
868 4333 974 4391 ottone

646 4435 690 4516 (d)
711 4437 748 4497 In
758 4435 994 4515 oodteejurtitia.

643 4541 679 4622 (6)
705 4543 741 4603 16
754 4541 855 4604 codice
871 4547 1016 4603 mentm.

646 4647 695 4730 (1)
710 4649 747 4710 16
761 4649 861 4710 oodtcs
874 4653 978 4709 temera

650 4755 690 4838 (6)
711 4756 748 4818 16
760 4757 859 4819 codlea
872 4757 1023 4819 16161616.
