4594 6066
548 588 607 650 14⁸
1019 593 1260 659 cuaoatcoll
1284 595 1337 656 llll
1361 593 1489 656 REBUS

545 722 694 798 ditiones
725 735 760 799 et
794 737 963 802 tormenta
992 742 1088 825 gesta
1116 733 1153 805 in
1176 729 1385 804 lombardia
1414 739 1568 826 tempore
1603 729 1735 805 domini
1768 733 1960 828 Frederici,

545 850 780 924 Romanorum
796 851 1028 949 imperatoris;
1052 857 1196 950 cupiens
1217 854 1435 928 solummodo
1453 857 1632 929 veritatem
1652 855 1805 930 disercre
1824 867 1859 931 et
1883 881 1963 932 nar-

545 994 639 1064 rare,
669 996 778 1068 quum
807 975 919 1071 etqui
936 977 1047 1051 iecere
1068 989 1104 1051 et
1121 979 1267 1051 aliorum
1291 981 1381 1052 lacta
1402 979 1571 1074 scripsere
1588 979 1735 1052 multum
1761 981 1959 1056 laudantur.

546 1095 640 1167 Licet
654 1096 748 1169 enim
773 1099 930 1172 homines
951 1101 1066 1194 potius
1088 1123 1225 1196 semper
1246 1101 1415 1196 presentia
1440 1101 1601 1176 affectent
1615 1124 1721 1198 quam
1744 1107 1908 1200 preterita
1928 1117 1964 1180 et

546 1219 679 1312 lutura,
701 1231 854 1294 ceterum
873 1225 1017 1318 quidem
1038 1247 1148 1298 unum
1168 1227 1390 1322 proverbium
1406 1225 1561 1322 produco
1582 1226 1618 1298 in
1639 1231 1853 1324 exemplum.
1875 1231 1962 1302 Nam

546 1343 638 1414 sicut
668 1365 736 1417 ova
762 1346 909 1441 piscium
940 1370 1009 1444 que
1042 1350 1079 1421 iu
1104 1351 1206 1423 alveo
1236 1350 1325 1423 aridi
1351 1349 1506 1423 lluminis
1535 1371 1598 1446 per
1629 1361 1767 1425 centum
1796 1363 1964 1426 steterunt

546 1487 673 1556 annos,
698 1491 777 1540 cum
802 1471 932 1544 lluvius
954 1473 990 1544 in
1014 1472 1137 1546 eodem
1160 1475 1261 1546 alveo
1284 1473 1491 1567 regreditur,
1510 1495 1556 1546 ax
1575 1473 1661 1570 ipsis
1685 1475 1763 1548 ovis
1788 1477 1962 1570 piscisouli

546 1601 784 1685 procreantur;
815 1593 863 1667 ita
889 1595 1063 1685 civitates,
1093 1599 1169 1670 loca
1196 1607 1232 1670 et
1255 1606 1432 1692 magnates
1457 1598 1584 1692 quein
1607 1597 1719 1688 gratia
1745 1599 1964 1694 imperatorie

546 1715 734 1806 majestatis
754 1719 946 1812 antiquitus
965 1721 1123 1810 luerunt,
1141 1743 1222 1792 cum
1237 1721 1426 1817 imperialis
1444 1721 1653 1794 excellencie
1673 1723 1833 1817 potencia
1856 1745 1963 1819 appa·

546 1837 671 1930 ruerit,
690 1839 737 1913 ad
752 1841 910 1914 eamdem
929 1845 1074 1936 gratiam
1093 1844 1265 1917 liberrime
1281 1844 1508 1916 inclinabunt.

595 1961 697 2037 Anno
717 1965 764 2038 tl.
778 1965 840 2039 CC.
855 1967 936 2058 XX,
956 1967 1146 2040 indictione
1168 1969 1275 2059 Vllll,
1303 1967 1348 2040 de
1374 1989 1494 2041 meuse
1520 1967 1672 2040 octubris
1694 1967 1762 2065 (l),
1789 1969 1963 2066 predictus

547 2085 710 2160 dominus
731 2089 934 2163 Fredericus
959 2091 995 2162 in
1022 2091 1263 2188 imperatorem
1281 2091 1512 2164 Romanorum
1533 2101 1718 2164 comuatus
1738 2094 1803 2165 luit
1825 2095 1870 2166 ab
1895 2097 1963 2169 llo-

547 2209 644 2284 norio
661 2213 767 2285 tercio
782 2235 872 2309 papa
898 2214 933 2284 in
959 2215 1101 2287 basilica
1125 2215 1240 2287 Sancti
1262 2215 1371 2303 Petri,
1397 2213 1487 2284 etin
1506 2213 1764 2308 regnoSoicilie
1786 2221 1822 2284 et
1837 2213 1964 2310 Apulie

547 2335 713 2428 plurimos
737 2337 882 2410 rebelles
906 2347 976 2410 tam
1004 2337 1207 2410 christianos
1230 2358 1335 2431 quam
1364 2337 1554 2408 Saracenos
1582 2335 1731 2409 diversis
1758 2337 1857 2432 penis
1885 2359 1964 2409 cru·

546 2459 664 2532 oiavit.
683 2461 849 2534 Delunota
868 2461 960 2533 enim
983 2462 1093 2556 prima
1118 2463 1195 2552 ejus
1224 2481 1335 2532 uxore
1360 2459 1453 2553 regis
1475 2458 1624 2554 drogoni
1648 2457 1719 2532 filia
1744 2482 1791 2534 ex
1809 2483 1879 2556 qua
1903 2483 1963 2556 ge·

546 2583 623 2653 nuit
638 2583 824 2654 Henricum
848 2605 952 2676 quem
975 2583 1151 2655 constituit
1165 2603 1283 2677 regem
1297 2581 1479 2654 Alamanie
1497 2582 1695 2678 copulando
1713 2583 1744 2655 ei
1762 2583 1797 2654 in
1818 2606 1962 2657 uxorem

550 2703 657 2777 liliam
685 2705 787 2778 ducis
811 2705 970 2798 Austris,
997 2706 1131 2802 acoepit
1154 2705 1191 2777 in
1217 2726 1363 2778 uxorem
1381 2703 1487 2777 liliam
1507 2705 1597 2800 regis
1614 2705 1795 2796 Iohannis,
1812 2728 1876 2803 pro
1896 2731 1965 2804 qua

452 2869 465 2900 a
548 2827 672 2902 babuit
695 2851 840 2924 regnum
863 2827 869 2926 Ι
891 2831 1100 2922 Jerusalem
1128 2851 1175 2902 ex
1201 2851 1271 2924 qua
1291 2827 1433 2902 domina
1449 2827 1499 2926 (o)
1521 2851 1637 2924 regem
1655 2829 1863 2904 Conradum.

597 2953 646 3026 Μ.
661 2952 723 3026 CC.
737 2955 859 3045 XXVl,
881 2954 927 3028 de
943 2975 1061 3026 mense
1078 2953 1199 3044 madii,
1217 2953 1393 3050 predictus
1413 2954 1597 3050 imperator
1615 2975 1695 3026 cum
1714 2955 1854 3050 egregia
1867 2956 1964 3050 prin·

550 3077 667 3174 cipum
693 3077 855 3152 comitiva
872 3079 918 3150 ab
935 3077 1064 3174 Apulia
1086 3077 1132 3150 ad
1154 3087 1268 3173 partes
1291 3075 1496 3150 lombardie
1514 3077 1678 3151 accedere
1701 3077 1896 3151 festinabat.
1926 3081 1965 3151 ln

548 3201 670 3274 itinere
695 3223 836 3296 quoque
861 3223 942 3273 cum
966 3199 1062 3296 apud
1088 3201 1263 3275 civitatem
1287 3201 1513 3274 Faventinam
1529 3199 1727 3274 accessisset
1747 3221 1862 3296 neque
1887 3223 1967 3297 spe-

549 3335 642 3400 raret
654 3327 783 3398 bonum
803 3325 850 3398 de
864 3326 933 3416 eis,
952 3325 1139 3419 quemdam
1155 3347 1258 3398 suum
1277 3325 1421 3398 militem
1440 3323 1520 3396 vice
1534 3323 1591 3396 sui
1611 3323 1648 3395 in
1663 3323 1773 3420 ipsam
1790 3325 1965 3398 civitatem

550 3471 630 3522 cum
655 3448 847 3523 honorabili
867 3449 1014 3520 militnm
1039 3450 1202 3522 comitiva
1225 3448 1365 3521 direxit.
1391 3449 1501 3534 Quem
1525 3447 1667 3518 militem
1694 3449 1874 3521 Faventini
1900 3471 1966 3544 pu·

550 3583 660 3646 tantm
685 3582 721 3645 et
749 3572 984 3646 indubitanter
1010 3571 1189 3646 credentes
1214 3571 1311 3668 quod
1336 3581 1427 3644 esset
1455 3569 1659 3666 imperator,
1694 3569 1809 3666 ipsum
1839 3570 1968 3664 gladiis

551 3695 862 3787 detruncaverunt,
878 3704 916 3792 et
930 3693 1128 3770 thesaurum
1146 3704 1182 3768 et
1205 3715 1314 3790 equos
1338 3693 1537 3767 bominibus
1555 3694 1616 3788 qui
1641 3715 1721 3766 oum
1742 3694 1836 3766 dicto
1861 3695 1969 3767 milite

551 3820 727 3894 civitatem
749 3819 916 3893 Faventie
943 3819 1177 3909 intraverant,
1204 3819 1435 3914 arripuerunt.
1462 3818 1650 3914 Imperator
1673 3815 1721 3914 (b)
1745 3827 1862 3890 autem
1887 3839 1968 3890 oum

551 3967 616 4018 sua
640 3956 743 4040 gente
772 3945 931 4018 Ymolam
958 3945 1056 4018 venit
1082 3953 1117 4017 et
1147 3965 1210 4040 per
1232 3941 1483 4016 Bnuoniensem
1512 3941 1751 4038 episcopatum
1778 3941 1966 4033 transiens,

552 4068 674 4142 militie
690 4069 874 4158 Cremona,
891 4068 1033 4158 Parme,
1055 4068 1154 4164 Regii
1167 4077 1203 4140 et
1218 4067 1350 4140 lllutine
1366 4065 1598 4140 obviaverunt
1614 4067 1662 4158 ei,
1677 4065 1739 4162 qui
1757 4066 1871 4164 ipsum
1888 4067 1970 4140 ttu-

596 4267 638 4348 (o)
660 4267 750 4328 Deest
762 4267 885 4329 verbum
899 4267 998 4349 penam
1011 4267 1058 4328 vel
1073 4266 1253 4344 hujmmodl.
1426 4345 1428 4352 Α

597 4374 639 4455 (b)
660 4375 717 4437 llio
729 4377 826 4453 lncpte
839 4375 980 4452 repetltur
992 4375 1088 4455 ipsam
1099 4369 1205 4455 pladia'r
1217 4369 1469 4434 dolmaoooemot.

592 4720 629 4794 lt)
649 4717 774 4777 Pretorio
789 4717 866 4776 lllut
876 4715 1011 4776 couroune
1022 4713 1039 4774 d
1050 4717 1134 4775 ltome
1145 4716 1217 4777 1022
1227 4714 1381 4774 novembre.
