4594 6066
638 601 697 664 rus
1113 603 1352 668 cneonrcon
1376 603 1428 664 nn
1452 601 1580 664 nesus
2246 569 2247 658 l

434 759 483 804 aar.
493 760 602 804 esee.
704 734 712 833 Ι
734 737 866 811 Interea
879 739 1032 812 marchio
1045 741 1179 814 Lancea
1197 740 1349 812 vicarius
1371 739 1586 834 imperatoris
1609 759 1689 811 cum
1705 738 1951 834 Papieusibus,
1965 739 2049 813 ller-

636 860 859 952 cellensibus,
880 861 1168 954 Novariensibus,
1193 862 1490 954 Terdonensibus,
1516 861 1737 953 Astensibus,
1759 863 1992 938 Turimaschis
2015 873 2050 937 et

635 983 802 1072 ltlarchis,
831 1005 892 1080 per
920 984 1113 1058 districtum
1140 985 1354 1058 Alexandria
1382 984 1630 1077 devastabaut3
1659 993 1874 1060 transeuntes
1901 985 2048 1059 fluuium

638 1107 762 1180 Tanari
782 1128 913 1180 moram
938 1109 987 1180 ibi
1012 1131 1075 1204 per
1093 1119 1163 1182 tres
1178 1108 1391 1183 ebdomadas
1413 1111 1581 1182 lecerunt.
1605 1109 1703 1182 Unde
1718 1109 1945 1184 Alexandrini
1968 1118 2050 1184 tunc

637 1230 893 1304 mandaverunt
908 1232 1114 1306 Placentinis
1136 1232 1265 1306 litteras
1284 1233 1498 1306 continentes
1516 1233 1592 1305 ita:
1616 1257 1634 1301 u
1659 1234 1805 1306 blortuis
1820 1244 1856 1306 et
1872 1255 1943 1306 uon
1959 1233 2050 1306 vivis

636 1353 842 1428 Placentinis
869 1375 1054 1428 commune
1080 1353 1291 1429 Alexandria
1317 1357 1460 1428 salutem
1486 1365 1518 1428 et
1546 1366 1666 1429 cetere
1691 1381 1710 1426 n
1735 1355 1867 1432 Eodem
1897 1367 2050 1452 tempure

637 1479 823 1576 imperator
850 1488 924 1553 erat
947 1481 984 1551 in
1011 1481 1169 1573 diarcha,
1190 1481 1274 1576 quia
1298 1479 1478 1553 Albericus
1506 1479 1552 1554 de
1568 1481 1746 1554 llomanno
1768 1481 1872 1556 irater
1896 1479 1995 1554 Ynoli
2018 1491 2052 1555 et

637 1603 813 1677 Guizonus
830 1603 876 1676 de
889 1603 1042 1696 Camino,
1057 1603 1239 1698 Ugozonus
1252 1603 1298 1678 de
1309 1605 1407 1677 Pullo
1430 1613 1465 1677 et
1490 1605 1550 1678 alii
1573 1612 1753 1698 magnates
1779 1605 1826 1678 de
1852 1605 1992 1678 biarche
2018 1605 2051 1679 ei

637 1728 867 1820 rebellabant,
887 1751 996 1822 quum
1014 1737 1151 1824 recepta
1174 1728 1322 1824 petuma
1344 1727 1452 1800 multa
1467 1749 1490 1801 a
1504 1727 1694 1818 veneticis,
1718 1729 1892 1802 civitatem
1906 1729 2050 1802 Trivixii

636 1851 688 1924 eis
708 1853 942 1943 contulerunt,
963 1851 1139 1946 capientes
1160 1851 1285 1923 milites
1309 1850 1524 1945 imperatoris
1539 1850 1602 1945 qui
1623 1850 1672 1922 ibi
1696 1859 1805 1924 erant.
1826 1851 1956 1924 Tamen
1982 1850 2051 1922 im-

636 1984 773 2072 perator
789 1974 921 2048 ossides
938 1974 1090 2047 babebat
1106 1974 1262 2067 ejusdem
1285 1973 1452 2058 civitatis3
1471 1973 1553 2047 dato
1567 1983 1691 2066 guasto
1708 1973 1863 2048 Paduam
1880 1973 1992 2048 venit.
2009 1975 2052 2046 lit

637 2108 721 2172 tuno
737 2099 796 2172 die
809 2098 945 2172 veneris
956 2099 1062 2170 tercio
1077 2099 1205 2172 mensis
1216 2097 1309 2192 junii
1327 2098 1363 2168 in
1386 2097 1472 2171 bora
1489 2118 1582 2171 uone
1604 2097 1655 2170 sol
1678 2097 1835 2191 undique
1856 2119 1981 2192 passus
2003 2108 2052 2170 est

638 2221 813 2317 eclipsim,
830 2220 868 2294 id
885 2231 937 2294 est
954 2221 1145 2313 delectum,
1164 2231 1200 2294 et
1216 2222 1355 2294 tenebre
1371 2222 1460 2294 lacte
1475 2230 1569 2294 sunt.
1585 2220 1629 2292 Et
1652 2228 1767 2292 motus
1794 2219 1982 2314 imperator
2009 2220 2052 2296 de

637 2345 777 2418 biarche
806 2366 887 2418 cum
916 2345 1078 2418 omnibns
1104 2345 1278 2418 ossidibus
1302 2343 1348 2416 de
1369 2342 1527 2435 blancha,
1554 2343 1757 2416 &emonam
1786 2343 1897 2415 venit.
1920 2343 2051 2416 Interea

637 2469 791 2543 marchio
816 2468 862 2543 de
885 2469 997 2540 liutet
1015 2489 1130 2542 comes
1151 2469 1266 2541 Sancti
1283 2466 1457 2540 Bonelauii
1482 2467 1681 2562 imperatori
1707 2465 1975 2559 rebellaverunt,
1991 2467 2051 2542 sed

638 2593 822 2688 imperator
841 2591 991 2664 babebat
1014 2613 1077 2686 pro
1098 2589 1275 2665 essidibns
1300 2590 1410 2664 lilium
1432 2589 1639 2664 marchionis
1664 2597 1700 2664 et
1724 2589 1830 2664 liliam
1848 2589 1987 2666 Abblioi
2003 2591 2051 2687 (o)

638 2717 684 2790 de
702 2717 892 2804 Romenno,
917 2737 1007 2810 qnos
1024 2713 1158 2788 ossides
1174 2737 1253 2788 cum
1273 2714 1343 2787 lilio
1358 2713 1458 2787 ducis
1480 2715 1632 2788 Veneuie
1656 2713 1695 2785 in
1721 2713 1886 2810 Apuliam
1910 2708 2048 2787 direxit.

638 2839 795 2912 Preterea
812 2839 939 2910 Paulus
959 2840 1206 2912 Intraversatns
1221 2837 1269 2936 (b)
1283 2837 1329 2912 de
1341 2839 1483 2912 Ravana
1498 2837 1679 2910 rebellavit
1697 2836 1866 2933 deditque
1879 2837 2051 2912 civitatem

638 2962 778 3035 liuvane
793 2961 830 3033 in
847 2961 1003 3034 custodia
1019 2962 1193 3034 veneticis
1215 2971 1251 3035 et
1272 2961 1564 3052 bononiensibus,
1585 2961 1796 3058 abstulitque
1812 2963 1960 3034 multum
1979 2984 2053 3056 gra·

639 3109 724 3159 uum
743 3095 777 3158 et
792 3086 919 3160 bestias
935 3087 1153 3181 imperatoris
1166 3107 1235 3181 que
1252 3086 1288 3158 in
1312 3087 1489 3159 Ravenam
1512 3095 1745 3177 accesserant,
1766 3085 1990 3181 expulsitque
2010 3085 2052 3160 de

640 3212 717 3307 ipsa
740 3211 877 3283 civitate
901 3218 1034 3307 partem
1059 3210 1295 3307 imperatoris,
1320 3211 1383 3306 qui
1406 3209 1621 3283 intraverunt
1636 3208 1684 3282 ad
1703 3209 1866 3283 standum
1881 3209 1918 3283 in
1935 3211 2053 3283 Barta-

641 3357 774 3408 norem.
794 3335 926 3408 Eodem
951 3343 1123 3432 tempore,
1146 3335 1421 3408 Mediolanenses
1447 3343 1482 3410 et
1503 3333 1692 3408 Placentini
1719 3355 1800 3406 cum
1825 3335 2054 3407 Januensibus

638 3459 861 3553 juraverunt,
875 3459 1049 3533 mittentes
1062 3481 1124 3554 per
1137 3459 1485 3532 mareambaxutores
1505 3457 1552 3532 ad
1576 3457 1756 3532 dominum
1771 3456 1975 3549 Gregorium
1995 3479 2052 3554 pa·

642 3606 723 3680 pam
740 3583 801 3678 qui
819 3583 941 3656 eratin
961 3583 1054 3657 Urbe
1075 3592 1110 3655 et
1135 3581 1357 3655 concordium
1380 3605 1460 3656 oum
1479 3603 1522 3656 eo
1539 3581 1704 3656 iacientes
1721 3581 1818 3677 quod
1836 3579 1968 3656 exinde
1986 3603 2051 3655 non

643 3707 899 3803 paciscerentur
923 3707 980 3779 vel
1002 3704 1225 3779 concordium
1243 3704 1377 3802 aliquid
1393 3707 1543 3780 lacerent
1557 3727 1637 3778 cum
1657 3705 1862 3802 imperatore
1877 3705 2054 3780 Frederioc

645 3831 777 3924 absque
792 3829 971 3902 voluntate
989 3828 1122 3903 domini
1138 3851 1229 3924 pape
1247 3829 1301 3902 vel
1317 3831 1393 3922 ejus
1409 3829 1627 3904 successoris.
1639 3829 1682 3902 lit
1698 3829 1773 3924 ipse
1790 3827 1954 3902 dominus
1968 3849 2055 3925 papa

646 3953 734 4026 illud
749 3953 842 4026 idem
859 3953 910 4026 eis
927 3953 1102 4027 convenit.
1119 3954 1187 4039 Qui
1203 3953 1444 4028 ambaxatores
1467 3953 1653 4028 redeuntes
1675 3975 1698 4026 a
1720 3953 1817 4026 curia
1836 3954 1991 4027 leomunt
2004 3955 2056 4047 jn-

646 4098 722 4150 rare
739 4077 805 4149 hoc
825 4075 987 4149 omnibus
1005 4077 1111 4172 partis
1128 4099 1249 4152 eorum
1268 4077 1455 4150 observare
1471 4098 1542 4172 qne
1557 4076 1699 4151 domino
1717 4097 1808 4174 pape
1829 4085 2058 4150 convenerant

648 4209 683 4274 et
705 4199 790 4274 dare
815 4201 848 4274 ei
870 4199 1073 4297 peccuniam
1099 4201 1145 4274 ad
1171 4223 1270 4275 suam
1289 4203 1515 4276 voluntatem.
1538 4201 1579 4273 ln
1606 4200 1728 4275 ultinm
1754 4199 1949 4273 ebdomada
1972 4197 2059 4293 junii

648 4327 799 4422 proximi
821 4327 1005 4426 imperator
1034 4349 1115 4400 cum
1144 4327 1217 4401 suis
1242 4327 1410 4400 militibus
1436 4327 1669 4422 Theotonieis,
1696 4347 1776 4400 oum
1800 4325 2059 4411 Parmensibus,

691 4610 732 4693 (a)
754 4610 804 4674 Sto
816 4627 871 4690 pro
884 4607 1018 4673 alderici.
1031 4611 1147 4673 Nomen
1159 4627 1229 4671 vero
1243 4625 1333 4688 supra
1345 4615 1424 4670 recte
1436 4611 1623 4689 exprlmltur.

692 4717 733 4801 (l)
755 4719 856 4781 lituus
867 4724 960 4794 recte,
976 4735 1071 4798 mum
1083 4734 1191 4780 nomen
1203 4716 1291 4778 luerit
1306 4717 1519 4780 Traoersuriar.
