4594 6066
606 612 668 673 224
1079 609 1321 672 CHRONICON
1346 611 1398 672 DE
1422 611 1551 674 annos

604 747 701 842 quod
721 745 759 820 id
777 743 873 841 quod
894 745 1023 819 laetum
1039 754 1112 818 erat
1132 768 1196 841 por
1212 747 1379 842 populum
1399 767 1468 821 non
1492 756 1566 822 erat
1587 748 1717 820 laetum
1740 749 1777 820 in
1800 749 2024 844 obprobrium

604 872 801 967 potestatis,
825 871 931 942 immo
952 869 1000 945 ad
1017 869 1180 942 honorem
1199 871 1276 962 ejus
1292 881 1327 944 ot
1343 871 1495 946 Eooleeie
1512 871 1665 945 Romane
1685 879 1722 944 et
1738 873 1913 946 societatis
1931 894 2023 947 oom-

604 996 722 1068 munie
745 993 933 1069 Mediolani
954 1003 1125 1066 eteorum
1150 993 1359 1087 amicorum,
1379 1004 1414 1067 et
1429 995 1497 1068 alia
1522 995 1661 1089 publiea
1675 997 1783 1069 verba
1805 995 1971 1070 dixerunt
1989 997 2026 1069 in

604 1119 727 1192 eodem
747 1117 925 1192 oonsoilio.
944 1117 987 1189 Et
1004 1117 1119 1189 statim
1138 1117 1337 1210 oongregati
1358 1117 1518 1190 oonsulee
1537 1117 1658 1212 populi
1677 1117 1781 1190 simul
1802 1118 1849 1191 ad
1866 1121 2024 1192 Sanctam
2043 1162 2045 1168 ·

604 1241 750 1315 Mariam
773 1241 819 1314 de
841 1241 982 1334 Templo
1005 1239 1255 1313 ordinaverunt
1273 1248 1401 1312 statuta
1423 1241 1536 1313 laoere
1554 1249 1589 1312 et
1609 1241 1811 1312 ooneoilium
1831 1242 1952 1337 populi
1968 1263 2026 1316 eo·
2073 1283 2077 1291 ·

604 1387 707 1456 nure3
737 1365 867 1461 quibus
900 1365 1037 1437 statutis
1064 1364 1289 1436 inoontinenti
1310 1364 1429 1456 laetis,
1455 1363 1513 1436 die
1539 1363 1715 1437 dominioo
1739 1386 1877 1437 summo
1902 1387 2023 1456 mane,

605 1497 814 1583 congregato
836 1509 956 1562 eornm
980 1488 1125 1561 oonsilio
1151 1488 1188 1558 in
1208 1487 1355 1560 eoolesia
1378 1487 1496 1559 Sancti
1520 1487 1611 1558 Petri
1634 1486 1695 1559 ubi
1721 1487 1787 1560 luit
1804 1496 1875 1560 tam
1900 1509 2027 1583 magna

605 1613 793 1686 multitudo
816 1614 935 1709 populi
973 1613 1069 1708 quod
1097 1623 1188 1685 stare
1216 1631 1285 1685 uon
1313 1621 1501 1708 potuerunt
1527 1611 1596 1702 ibi,
1625 1611 1766 1685 iverunt
1790 1611 1837 1686 ad
1861 1615 2027 1686 Sanctum

606 1739 758 1832 Sputum.
779 1737 824 1808 Et
844 1737 879 1808 in
900 1737 1020 1832 primis
1046 1737 1206 1830 capitulis
1225 1736 1362 1831 scriptis
1384 1757 1446 1831 per
1467 1733 1663 1808 conradum
1682 1733 1729 1808 de
1750 1737 1877 1808 Potenz
1893 1734 1946 1833 (o)
1964 1758 2027 1810 no·

607 1861 733 1932 tarium
748 1869 821 1933 erat
842 1861 1035 1956 capitulum
1059 1859 1104 1932 de
1124 1857 1287 1952 eligendo
1304 1868 1470 1932 rectorem
1488 1859 1621 1954 populi.
1643 1858 1741 1932 llulti
1759 1861 1851 1932 enim
1871 1881 1910 1933 se
1927 1859 2029 1932 intel-

606 1983 762 2076 ligebant
786 1982 823 2054 in
846 1983 1014 2076 regimine
1037 1983 1179 2077 populi,
1211 1981 1341 2054 seilicet
1368 1982 1577 2054 Fredenoiuo
1603 1980 1649 2054 de
1675 1981 1846 2071 Fontana,
1873 1981 2030 2076 Philipus

607 2105 871 2196 Vioedomiuue‚
900 2106 1049 2178 Ubertue
1076 2104 1275 2196 Zanardus‚
1304 2103 1447 2178 Guellos
1473 2105 1617 2176 Striotns
1641 2114 1677 2178 et
1704 2105 1762 2176 alii
1780 2107 1842 2198 qui
1865 2127 2029 2198 maguam

608 2249 749 2324 operam
769 2228 954 2300 iaciebant.
977 2229 1021 2300 Et
1036 2229 1127 2300 leoto
1144 2237 1178 2298 et
1196 2227 1316 2301 audito
1337 2229 1413 2324 ipso
1430 2229 1580 2323 capitulo
1599 2249 1727 2322 magua
1743 2228 1871 2301 divisio
1887 2237 1963 2300 orta
1978 2238 2032 2301 eet

609 2353 646 2424 in
672 2354 748 2448 ipso
766 2352 896 2448 populo
918 2377 927 2422 ε
949 2352 1007 2422 alii
1025 2351 1189 2425 volebant
1207 2375 1335 2444 unum,
1354 2353 1414 2424 alii
1434 2353 1578 2426 alterum
1602 2361 1637 2425 et
1657 2375 1805 2447 magnus
1824 2374 1943 2425 rumor
1965 2353 2032 2426 luit

609 2475 672 2547 ibi.
694 2477 737 2548 Et
752 2485 835 2547 tuno
852 2474 960 2548 Jadus
980 2473 1025 2548 de
1041 2476 1137 2549 Jadie
1152 2476 1244 2549 dixit
1263 2501 1273 2545 ε
1292 2499 1310 2545 a
1327 2477 1442 2562 Quare
1463 2497 1534 2547 non
1551 2475 1704 2569 accipitis
1721 2495 1784 2548 voe
1800 2475 1968 2547 Ubertnm
1985 2475 2032 2548 de

610 2599 801 2692 Niquitate,
816 2599 889 2690 jam
907 2597 1000 2672 enim
1021 2609 1074 2670 eet
1087 2599 1195 2671 molta
1211 2598 1362 2692 dampna
1381 2607 1417 2671 et
1432 2599 1576 2690 injurias
1591 2619 1715 2693 passus
1733 2620 1797 2692 pro
1817 2598 1937 2690 vobis;
1959 2625 1978 2668 o
1997 2610 2032 2673 et

611 2721 662 2792 sie
677 2720 724 2793 ad
738 2741 860 2792 uocem
878 2719 1009 2792 electus
1029 2721 1107 2792 fuit.
1128 2721 1170 2792 Et
1188 2729 1272 2792 tuno
1292 2721 1340 2791 illi
1364 2721 1425 2814 qui
1443 2719 1629 2792 extiterant
1645 2719 1838 2815 proditores
1855 2722 1976 2816 populi
1997 2731 2033 2794 et

612 2844 773 2916 Guilelmi
787 2841 832 2916 de
846 2843 993 2936 Audito,
1011 2845 1073 2939 qui
1090 2844 1137 2916 ibi
1156 2853 1253 2917 erant
1271 2845 1308 2914 in
1326 2865 1452 2938 magua
1468 2843 1660 2938 quantitate
1679 2853 1750 2914 tam
1767 2843 1812 2916 de
1830 2844 2032 2916 oonsulibus

612 2969 733 3063 populi
749 2989 856 3062 quarn
872 2968 918 3041 de
935 2967 1030 3060 aliie,
1049 2968 1234 3040 doluerunt
1246 2966 1292 3040 ad
1309 2975 1455 3038 mortem
1478 2975 1515 3038 et
1531 2967 1718 3039 voluerunt
1735 2975 1834 3038 extra
1851 2967 2032 3039 ecelesiam

614 3091 661 3164 ad
678 3111 851 3163 rumorem
868 3091 976 3164 exire.
997 3091 1067 3163 Sed
1085 3085 1228 3185 quidam
1247 3091 1293 3164 de
1310 3090 1378 3160 illis
1397 3089 1460 3182 qui
1478 3089 1572 3160 intue
1589 3088 1769 3161 eeclesiam
1787 3111 1857 3162 non
1875 3099 2034 3184 poterant

615 3214 742 3286 intrare
750 3215 949 3286 clauserunt
957 3223 1087 3310 portas,
1104 3214 1223 3308 itaque
1232 3213 1329 3285 exire
1341 3233 1411 3284 non
1420 3219 1626 3306 potuerunt:
1639 3211 1802 3284 tenebant
1811 3212 1905 3284 enim
1917 3213 2033 3308 ipeum

616 3335 796 3410 dominum
822 3339 989 3410 Ubertnm
1016 3337 1121 3408 nimis
1152 3337 1364 3432 imperialem
1393 3333 1582 3408 hominem.
1608 3335 1883 3430 verumptamen
1911 3337 2033 3411 sedato

615 3461 777 3535 conscilio
802 3462 932 3535 reversi
960 3460 1110 3534 suntad
1135 3459 1237 3532 sedes
1263 3468 1298 3532 et
1322 3457 1507 3532 ordinatim
1526 3457 1707 3551 elegerunt
1730 3459 1890 3532 eonsules
1912 3461 2034 3555 populi

616 3585 662 3658 de
672 3584 826 3680 qualibet
834 3585 996 3656 societate
1009 3601 1120 3655 unum
1131 3584 1187 3656 vel
1198 3582 1287 3655 duos
1299 3580 1491 3653 secundum
1501 3580 1702 3674 qualitatem
1714 3580 1941 3674 eooierant(d)
1953 3605 2034 3656 oum

616 3709 792 3802 aliquibus
806 3708 1006 3780 hominibus
1020 3729 1081 3800 per
1098 3715 1250 3800 portam;
1267 3706 1328 3800 qui
1342 3687 1463 3776 omnes
1475 3705 1512 3774 in
1523 3703 1708 3778 eoncordia
1723 3704 1902 3796 elegerunt
1918 3707 2033 3802 ipsum

616 3833 784 3904 Ubertnm
801 3830 845 3903 de
866 3830 1042 3922 Niquitate
1060 3829 1097 3899 in
1114 3836 1317 3924 potestatem
1339 3835 1375 3899 et
1393 3836 1559 3900 rectorem
1581 3825 1703 3921 populi
1724 3848 1837 3921 usque
1858 3827 1905 3902 ad
1922 3839 2036 3902 unum

616 3975 748 4026 annum
760 3953 825 4048 (l).
836 3953 877 4023 lit
890 3950 1069 4024 destinatis
1082 3951 1218 4022 nunciis
1227 3960 1263 4021 et
1274 3949 1556 4023 ambaxntoribuo
1568 3971 1633 4045 pro
1644 3969 1686 4022 eo
1700 3949 1748 4023 ad
1764 3950 1907 4024 domum
1919 3975 2031 4045 suam,

617 4078 693 4172 ipse
719 4077 816 4151 venit
838 4075 1065 4146 incontinenti
1088 4083 1122 4145 et
1145 4073 1311 4164 libenter,
1342 4095 1411 4146 non
1437 4072 1603 4168 requisito
1621 4072 1768 4165 alioujus
1797 4077 1950 4168 parentis
1976 4078 2035 4150 vel

660 4225 702 4306 (a)
723 4227 789 4297 Slo;
805 4225 1003 4286 vedslmlllter
1016 4221 1052 4283 de
1062 4223 1246 4300 Polemonem
1258 4223 1425 4300 compendit
1437 4229 1538 4283 tamen
1549 4187 1671 4300 tignum
1681 4225 1961 4302 lnepteexpreeeum
1976 4232 2033 4288 eet.

660 4331 701 4412 (d)
724 4331 855 4393 Verbum
869 4330 1026 4408 mutilum,
1048 4329 1171 4390 lomltan
1189 4329 1340 4390 redoletis.

655 4593 689 4666 (t)
707 4595 759 4652 Sur
767 4599 825 4651 tout
836 4601 880 4652 eat
891 4593 1001 4667 episode
1013 4591 1036 4650 si
1051 4589 1420 4665 intomsmntpourl’histoire
1429 4589 1463 4648 de
1475 4589 1832 4663 Plaisanre,1³oggiali‚daue
1842 4607 1884 4650 sea
1892 4593 2034 4651 litmoirer

621 4691 793 4766 historiques,
805 4691 850 4748 n'a
862 4693 944 4763 guero
959 4689 1007 4746 tait
1018 4704 1100 4762 usage
1113 4704 1166 4762 que
1185 4688 1220 4747 da
1236 4689 1301 4745 teau
1318 4687 1353 4744 do
1370 4686 1529 4746 monsieur
1543 4703 1575 4744 oe
1585 4687 1764 4761 ohmniqueor
1778 4703 1841 4746 aon
1855 4689 2037 4746 driderument
