4534 6074
620 608 661 670 80
1043 617 1284 680 CHllONlCON
1309 620 1611 684 PLACENTINUM.

617 742 842 818 Parmenonis
854 755 890 820 01
903 748 1155 824 Mutinensibus
1168 753 1438 828 innumerabiles
1458 765 1540 828 0001
1558 756 1744 848 vulnerati,
1761 766 1795 830 01
1813 763 2037 856 quamplures

617 867 684 941 viri
697 870 1165 969 nobilasetpotentesgladio
1177 877 1894 975 00011010110011,10011010100001110οοί
1906 884 2036 956 bellum

618 1014 730 1085 usque
742 993 788 1066 ad
798 993 943 1088 primam
954 999 1066 1070 noctis
1077 999 1232 1092 vigiliam
1247 999 1398 1074 dumrit.
1414 1002 1783 1076 Noctevamranianta
1795 1013 1943 1100 utraque
1955 1028 2038 1102 para

616 1117 809 1190 voluntarie
822 1121 974 1192 secessit.
994 1120 1109 1196 Altera
1125 1143 1209 1196 vero
1227 1123 1285 1196 die
1303 1123 1549 1198 Cremonenses
1565 1135 1602 1200 et
1614 1127 1815 1200 Parmenses
1833 1128 1881 1202 ad
1897 1130 2042 1224 propria

615 1238 806 1334 redierunt.
827 1243 1059 1318 Bononiensas
1086 1245 1228 1340 quidem
1259 1247 1356 1342 qnod
1386 1249 1586 1344 inceperant
1609 1251 1655 1324 ad
1680 1252 1813 1324 exitum
1844 1253 2043 1346 perducere

614 1363 789 1452 volentes,
811 1366 857 1438 ad
878 1367 1023 1461 predicti
1043 1370 1108 1442 loci
1125 1369 1342 1445 obsidionem
1361 1373 1492 1444 reversi
1514 1375 1674 1464 fuerunt,
1699 1374 1787 1447 illud
1811 1375 1915 1448 etiam
1939 1398 2046 1454 mom

615 1487 714 1561 solito
729 1511 810 1560 cum
826 1492 1007 1582 manganis
1024 1503 1059 1565 01
1076 1494 1243 1588 predariis
1258 1503 1293 1566 01
1311 1495 1389 1567 01110
1410 1497 1579 1568 machinis
1597 1498 1728 1570 fortiter
1745 1511 2039 1592 expugnaverunt

614 1620 720 1706 atque
735 1635 797 1708 per
813 1624 980 1688 terrarum
1005 1639 1173 1690 cavernas
1200 1619 1288 1690 muri
1311 1619 1469 1710 ejusdem
1497 1621 1564 1692 loci
1589 1619 1814 1694 fundamenta
1830 1619 2029 1712 diruerunt;

614 1745 782 1809 steterunt
805 1761 957 1832 namque
978 1741 1013 1810 in
1038 1741 1150 1834 ipsius
1172 1741 1273 1812 castri
1295 1740 1477 1814 obsidione
1495 1742 1670 1837 usquead
1697 1744 1775 1816 Xlll
1792 1743 1886 1816 diem
1904 1746 2032 1818 mensis

613 1861 825 1934 novembris.
839 1862 917 1946 Quo
933 1874 1083 1956 peracto,
1098 1863 1312 1937 dissensione
1328 1863 1460 1958 ingenti
1479 1866 1515 1936 in
1532 1867 1686 1938 Bononio
1701 1867 1927 1962 popularibus
1942 1877 2028 1960 orta,

613 1983 747 2056 insania
766 2005 906 2079 quoque
923 1986 1045 2080 repleti
1062 1982 1158 2085 [qua]
1174 2008 1256 2082 sepa
1274 1997 1309 2060 et
1324 1988 1443 2082 sapius
1457 1990 1493 2061 in
1511 1989 1596 2083 ipsis
1609 1990 1775 2063 accedere
1791 1991 2027 2084 cognoscitur,

612 2107 751 2202 publice
775 2107 930 2182 dieentes
945 2119 1084 2206 pmpter
1107 2110 1219 2206 yemis
1236 2119 1270 2184 et
1289 2111 1452 2205 temporis
1471 2112 1675 2205 gravitatem
1694 2111 1730 2182 in
1751 2114 1827 2206 ejus
1851 2113 1918 2186 loci
1938 2114 2030 2186 obsi·

613 2232 718 2306 dione
735 2243 826 2307 stara
844 2255 958 2330 nequa
976 2257 1177 2331 permanere
1189 2255 1304 2331 posse,
1325 2245 1442 2308 contra
1454 2235 1633 2331 potestatis
1646 2236 1800 2309 Bononia
1813 2247 2026 2332 preceptum,

613 2357 757 2430 domum
772 2358 962 2432 redierunt.

661 2481 795 2554 Eodem
810 2489 964 2578 tempore
977 2493 1012 2554 et
1026 2483 1093 2555 sub
1108 2483 1230 2558 eadem
1249 2485 1496 2571 incarnatione,
1514 2483 1559 2556 de
1574 2503 1693 2555 mense
1708 2483 1874 2554 februarii
1889 2481 1954 2579 (a),
1966 2483 2029 2557 do-

614 2603 730 2676 minns
750 2604 934 2678 Guilredus
950 2606 1102 2698 Romane
1119 2607 1216 2678 curie
1238 2606 1423 2680 cardinalis
1444 2607 1481 2678 in
1497 2605 1703 2678 lombardia
1720 2606 1855 2699 legatus
1876 2605 2030 2701 precepit

614 2728 841 2823 potestatibus
857 2738 892 2802 01
903 2729 1093 2801 rectoribus
1109 2731 1215 2802 unius
1226 2731 1396 2824 cujusque
1410 2728 1558 2802 civitatis
1574 2727 1780 2802 lombardie
1792 2728 1965 2801 societatis
1981 2750 2028 2801 ex

614 2863 713 2950 parte
733 2855 861 2925 summi
885 2851 1057 2948 pontilicis
1082 2861 1122 2924 ut
1142 2854 1297 2947 quelibet
1321 2854 1461 2939 civitas,
1480 2861 1582 2948 prout
1605 2861 1770 2926 statutum
1793 2861 1883 2944 arat,
1904 2853 2027 2926 milites

517 2991 522 3002 ’
614 2979 651 3050 10
667 2979 838 3052 auxilium
851 2985 885 3050 01
908 2977 1106 3049 subsidium
1125 2999 1188 3073 pro
1202 2979 1281 3072 jura
1302 2987 1419 3051 sancta
1434 2979 1587 3051 Romane
1604 2978 1756 3052 Ecclesia
1771 2977 2027 3052 manutenendo

613 3114 648 3176 et
663 3103 708 3175 ab
728 3100 876 3172 inimicis
890 3109 1008 3172 sancte
1021 3100 1174 3173 Ecclesia
1198 3099 1418 3174 defendendo
1432 3101 1567 3174 mittere
1587 3098 1765 3174 deberent.
1783 3099 1852 3185 Qui
1872 3101 1971 3192 jussa
1993 3109 2029 3178 01

613 3225 778 3298 mandata
794 3223 926 3297 domini
939 3243 1029 3318 pape
1041 3223 1226 3296 observare
1238 3231 1273 3297 01
1290 3223 1401 3296 iacere
1417 3223 1612 3318 cupientes,
1630 3233 1733 3318 prout
1748 3223 1832 3296 olim
1850 3221 2029 3296 decretum

612 3351 742 3440 fuerat,
763 3347 889 3419 milites
905 3346 1000 3418 viros
1021 3345 1155 3417 nobiles
1170 3355 1206 3418 01
1227 3347 1429 3441 prudentes,
1448 3347 1548 3440 equis
1568 3355 1603 3418 01
1625 3347 1730 3418 armis
1747 3345 1886 3440 egregie
1905 3367 2028 3441 prepa-

612 3481 724 3559 ratos,
744 3471 858 3543 statim
876 3468 1065 3543 adsummi
1081 3465 1253 3563 pontilicis
1276 3489 1400 3563 presen
1420 3467 1427 3566 Ι
1448 3469 1532 3540 tiam
1551 3467 1769 3542 direxerunt.
1795 3469 1924 3542 Milites
1942 3488 2028 3540 vero

611 3596 782 3669 Placentia
794 3587 857 3688 qui
879 3595 1021 3666 1001001
1036 3613 1180 3664 0001010
1196 3592 1339 3664 XXXVI
1356 3592 1414 3666 die
1433 3595 1593 3666 mercurii
1611 3593 1671 3666 1111
1688 3593 1823 3666 mensis
1834 3593 1948 3666 martii
1962 3593 2027 3666 1101

612 3741 732 3792 eorum
747 3719 954 3812 inciperunt.
971 3714 1040 3787 Sed
1052 3736 1133 3787 cum
1150 3735 1220 3788 non
1233 3725 1350 3788 essent
1364 3715 1482 3790 adhuc
1498 3715 1602 3788 rebus
1618 3716 1822 3789 necessariis
1837 3725 2022 3810 preparata,

611 3852 770 3937 sumptus
792 3861 926 3936 quasa
954 3839 1131 3911 communi
1154 3841 1330 3934 percipere
1361 3841 1535 3914 debebant
1560 3839 1703 3912 minima
1726 3841 1935 3912 habueruut.
1962 3841 2024 3912 Do

610 3966 727 4038 minus
740 3963 923 4038 Pernixius
940 3961 1145 4035 Ardazonus
1167 3961 1329 4035 dominus
1343 3972 1379 4035 01
1395 3971 1508 4035 100101
1522 3983 1642 4034 001010
1664 3984 1686 4035 0
1703 3963 1880 4035 communi
1897 3962 2025 4036 cousti-

610 4101 706 4161 tntus
736 4088 891 4184 predicta
919 4085 978 4158 die
1006 4085 1071 4158 iter
1096 4107 1199 4158 snum
1231 4085 1361 4181 incepit
1389 4095 1424 4160 01
1454 4084 1668 4159 decivitate
1698 4086 1872 4158 Placentia
1899 4085 2022 4158 exivit.

608 4215 673 4284 Die
690 4211 849 4284 mercurii
866 4209 958 4282 Xllll
981 4208 1118 4295 0100010Ι
1133 4209 1247 4282 martii
1272 4209 1332 4281 alii
1354 4208 1480 4282 milites
1501 4207 1614 4280 secuti
1637 4217 1720 4279 sunt
1742 4207 1923 4280 dominum
1941 4208 2027 4282 Per·

610 4336 752 4407 nisium.

659 4461 708 4531 De
726 4455 852 4530 eodem
881 4477 999 4530 mense
1015 4465 1051 4528 01
1069 4455 1225 4550 predicta
1242 4455 1495 4546 incarnatione,
1513 4453 1703 4528 Placentini
1726 4451 1908 4526 dominum
1931 4449 2025 4522 Guil-

651 4725 692 4807 (0)
716 4727 834 4789 Scilicet
850 4733 936 4788 tato.
