4568 6064
782 622 823 682 IN
846 619 986 680 trente
1011 619 1163 682 GESTIS.
1623 615 1684 676 sot

263 754 359 828 done
383 763 418 828 et
441 754 567 827 milites
583 755 767 828 extrinseci
787 755 833 829 de
851 756 956 852 Papia
976 777 1056 826 cum
1081 776 1202 826 eorum
1224 749 1431 844 sequacibus
1451 751 1496 822 de
1516 749 1635 822 litibus
1651 759 1687 822 et

265 877 452 950 discordiis
468 885 502 950 et
519 877 654 970 guerris
671 899 732 972 pro
745 899 785 952 se
800 887 833 950 et
845 877 1018 950 communi
1035 886 1070 950 et
1088 876 1288 948 hominibus
1303 871 1514 946 Alexandrie
1530 894 1686 968 compro·

266 1002 435 1074 miserunt
455 1022 493 1072 se
515 1001 550 1073 in
570 1022 755 1074 commune
775 1001 858 1074 dete
874 1011 909 1073 et
924 1001 1052 1074 habitis
1072 999 1247 1073 ossidibus
1268 997 1313 1069 ab
1332 1007 1481 1091 utraque
1504 1005 1600 1092 parte
1618 997 1685 1068 illis

265 1147 355 1219 quos
378 1125 564 1198 voluerunt
583 1135 618 1197 et
638 1146 726 1219 quos
748 1125 785 1196 in
802 1125 865 1196 Ast
888 1123 1149 1216 conduxerunt,
1175 1129 1368 1196 statuerunt
1391 1129 1574 1214 treuguam
1598 1120 1687 1192 inter

265 1249 360 1342 ipsas
386 1259 501 1343 partes
526 1249 571 1322 de
598 1249 773 1322 communi
803 1271 924 1324 eorum
954 1248 1139 1322 concordia
1166 1256 1200 1321 et
1226 1248 1418 1320 voluntate.
1450 1245 1494 1316 Et
1518 1244 1577 1318 die
1603 1245 1687 1318 lune

265 1373 341 1444 VIII
359 1373 558 1446 novembris
578 1373 615 1446 in
631 1375 707 1446 loco
723 1372 870 1468 Vogerie
891 1371 1056 1446 tullerunt
1078 1371 1282 1444 sententiam
1298 1371 1389 1442 inter
1404 1369 1496 1464 ipsas
1515 1377 1631 1463 partes
1653 1378 1688 1442 et

267 1495 327 1568 die
347 1498 430 1570 lune
451 1497 546 1570 XXII
563 1498 761 1572 novembris
774 1497 992 1571 intraverunt
1012 1497 1049 1570 in
1073 1497 1246 1570 civitatem
1275 1494 1382 1588 Papie
1399 1493 1437 1564 in
1458 1514 1585 1587 magna
1604 1513 1687 1564 con·

231 1689 239 1702 ,
266 1619 387 1694 cordia
415 1631 520 1715 atque
542 1642 650 1717 pace;
675 1621 738 1716 qui
763 1621 980 1695 reduxerunt
1006 1621 1042 1693 in
1072 1620 1249 1694 civitatem
1276 1617 1433 1690 Terdone
1458 1618 1636 1689 Granonos
1654 1626 1689 1688 et

266 1765 384 1816 eorum
403 1753 538 1839 partem
556 1744 618 1838 qui
635 1755 733 1817 erant
748 1751 859 1820 extra.
880 1744 963 1816 Item
983 1743 1020 1815 iu
1041 1743 1180 1816 civitate
1197 1739 1414 1815 Alexandria
1430 1739 1638 1812 [auraveias
1654 1748 1689 1811 et

267 1877 401 1963 partem
415 1889 536 1940 eornm
552 1867 613 1962 qui
630 1875 728 1939 erant
745 1877 857 1940 extra.

317 1993 368 2063 De
384 2012 504 2064 mense
522 1990 692 2078 octubris,
709 1989 816 2084 aliqui
831 1989 982 2084 magnati
994 1989 1040 2062 de
1049 1989 1185 2063 Verona
1196 1997 1338 2062 tractate
1355 1995 1390 2060 et
1401 1986 1565 2060 meditate
1578 1985 1689 2058 inter-

267 2115 424 2186 fecerunt
448 2113 628 2187 dominum
652 2113 841 2188 blastinum
867 2111 912 2186 de
932 2113 1096 2186 Lascalla.
1122 2113 1199 2199 Quo
1225 2111 1346 2185 audito
1369 2119 1404 2184 et
1428 2111 1599 2184 intellecto
1626 2132 1689 2206 per

268 2237 448 2310 dominum
465 2237 645 2310 Alhertum
665 2237 711 2310 de
723 2237 872 2310 Iascalla
888 2237 1025 2310 tratrem
1043 2259 1146 2310 suum
1165 2238 1226 2330 qui
1241 2244 1315 2309 erat
1327 2236 1363 2306 in
1381 2235 1566 2331 perosioris
1583 2234 1689 2306 Illan-

267 2370 347 2452 tue‚
367 2362 531 2436 continuo
545 2383 625 2434 cnm
644 2361 810 2434 militibus
830 2362 968 2434 Mantua
982 2360 1151 2456 equitavit
1166 2361 1337 2438 Veronam
1352 2369 1385 2432 et
1399 2359 1563 2432 continuo
1581 2359 1689 2452 captis

268 2485 335 2556 ilIIs
350 2485 396 2558 de
411 2487 541 2580 quihus
557 2485 798 2580 suspicabatur
816 2494 851 2558 et
868 2485 990 2580 positis
1012 2483 1059 2558 ad
1081 2493 1307 2576 tormentum,
1327 2483 1491 2556 continuo
1511 2482 1588 2554 illos
1607 2483 1689 2554 lecit

269 2607 457 2702 decapitari
489 2618 524 2682 et
551 2607 676 2682 habuit
700 2606 894 2680 dominium
926 2609 1002 2704 ipse
1032 2607 1196 2682 dominus
1222 2606 1386 2682 Albertns
1417 2607 1509 2679 illins
1539 2606 1689 2680 civitatIs

267 2731 404 2804 Verone
424 2731 470 2804 ad
492 2755 591 2805 suam
615 2732 827 2804 voluntatem
849 2735 855 2823 1
876 2741 911 2804 et
932 2731 1072 2804 fuerunt
1093 2733 1152 2806 LX
1173 2753 1318 2805 numero
1342 2731 1392 2802 illi
1416 2731 1477 2826 qni
1505 2729 1690 2825 decapitati
1716 2733 1881 2778 ¹²⁰¹·01'tm

268 2856 421 2926 luerunt.
439 2857 489 2927 De
502 2877 621 2928 mense
633 2854 832 2928 novembris
848 2853 907 2926 die
918 2855 1010 2947 jovis
1020 2856 1116 2928 XXV
1127 2854 1326 2929 novembris
1341 2854 1377 2926 in
1392 2853 1534 2926 civitate
1546 2852 1689 2925 Viterbii

267 2978 461 3051 cardinales
475 2979 511 3050 in
529 2979 712 3052 concordia
728 2979 889 3052 invocato
906 2978 1045 3052 nomine
1063 2977 1250 3052 Salvatoris
1271 2978 1442 3071 eligerunt
1459 2980 1495 3048 in
1509 2979 1691 3050 Summum

267 3101 470 3175 Pontificem
483 3102 664 3175 domiuum
680 3102 870 3176 Iohannem
885 3103 1079 3199 Gaytanum
1099 3101 1312 3175 cardinalem
1331 3112 1366 3174 et
1379 3111 1539 3176 vocatum
1556 3111 1609 3174 est
1624 3122 1689 3172 no·

267 3245 348 3298 men
364 3226 441 3317 ejus
454 3225 640 3298 Nicholans
653 3226 792 3298 tercius.
816 3225 859 3297 Et
873 3225 1022 3298 cesavit
1037 3225 1249 3321 apostolatus
1274 3247 1336 3320 per
1355 3248 1418 3298 sex
1438 3246 1577 3298 menses
1594 3232 1629 3296 et
1644 3225 1690 3296 VI

268 3347 344 3422 dies
355 3358 389 3421 et
402 3351 439 3421 in
456 3349 544 3423 leste
560 3350 652 3424 beati
666 3351 831 3446 Stephani
845 3351 881 3422 in
898 3350 985 3422 urbe
996 3359 1180 3422 coronatus
1194 3357 1246 3422 est
1257 3371 1319 3444 per
1330 3347 1533 3424 cardinales.

317 3473 363 3545 Μ.
382 3473 445 3546 CC.
464 3474 720 3571 septuagesimo
731 3483 868 3567 octavo,
885 3471 943 3547 die
958 3473 1094 3547 sabbati
1111 3473 1221 3546 XXVI
1237 3473 1366 3546 mensis
1382 3473 1514 3564 marcii,
1535 3467 1690 3550 Ianonus
1802 3527 1806 3538 -

268 3595 314 3670 de
330 3599 491 3672 Beccaria
512 3598 600 3672 civis
616 3598 721 3694 Papie
739 3619 820 3671 cum
841 3597 971 3694 populo
989 3597 1093 3693 Papie
1114 3619 1161 3670 ex
1183 3617 1323 3670 rumore
1346 3597 1442 3672 nulla
1460 3619 1564 3690 causa
1581 3601 1691 3675 inter-

266 3721 428 3795 veniente
443 3722 508 3795 suit
531 3723 579 3796 ad
599 3743 696 3795 arma
716 3732 751 3796 et
774 3729 941 3818 ceperunt
957 3721 1220 3816 Campanixium
1245 3721 1373 3795 Zazum
1393 3731 1428 3794 et
1446 3743 1511 3794 sex
1534 3723 1622 3796 alios
1644 3725 1690 3800 de

268 3845 435 3940 progenie
451 3847 618 3919 Zezornm
640 3855 675 3918 et
690 3845 857 3918 Iacobum
876 3846 1080 3940 Butigellam
1103 3855 1137 3918 et
1154 3845 1216 3918 VII
1244 3844 1289 3918 de
1307 3844 1486 3939 Butigellis
1508 3855 1541 3919 et
1562 3848 1690 3942 Rogle-

268 3969 360 4040 rium
376 3971 517 4042 Vortum
530 3979 565 4042 et
578 3971 705 4042 multos
720 3969 805 4042 alios
818 3969 943 4042 milites
961 3969 1067 4063 Papie
1084 3969 1176 4041 circu
1193 3969 1318 4042 XXVII
1332 3976 1366 4040 et
1381 3968 1481 4040 multi
1498 3970 1687 4061 lugierunt.

317 4095 369 4166 De
392 4115 510 4167 mense
538 4093 657 4165 marcii
680 4092 771 4163 circa
797 4091 900 4166 tinem
926 4091 1143 4164 marchiones
1167 4091 1358 4187 Malaspine
1381 4089 1426 4164 de
1448 4093 1538 4164 valle
1568 4095 1691 4167 Trevie

268 4213 388 4288 habito
404 4224 551 4288 tractatu
568 4238 647 4288 cnm
665 4214 850 4288 GrimaIdIs
868 4225 902 4288 et
918 4215 1104 4288 comitibus
1118 4213 1163 4288 de
1176 4215 1288 4288 FIIsco
1303 4222 1337 4286 et
1356 4214 1433 4286 aliis
1454 4215 1631 4288 lorbanitIs
1645 4217 1691 4292 de

268 4339 381 4411 Janna
391 4361 471 4412 cum
485 4359 604 4412 eorum
619 4348 722 4432 gente
733 4339 769 4410 in
784 4361 912 4434 magna
925 4339 1118 4434 quantitate
1130 4339 1346 4411 intraverunt
1358 4339 1395 4409 in
1407 4339 1600 4412 Clavarum.
1613 4341 1690 4426 Quo

267 4459 389 4532 audito
408 4481 471 4556 per
486 4462 684 4557 capitaneos
701 4461 821 4556 populi
839 4463 949 4534 Ianue
963 4461 1045 4532 illuc
1063 4460 1308 4556 equitaverunt
1324 4471 1360 4534 et
1378 4461 1461 4536 dicti
1476 4463 1690 4536 marchiones

269 4603 337 4653 non
356 4592 627 4677 expectaverunt
648 4607 708 4658 eos
730 4593 764 4656 et
785 4586 915 4658 reversi
938 4593 1019 4657 sunt
1039 4584 1086 4658 ad
1104 4586 1263 4682 proprIa‚
1282 4597 1316 4658 et
1334 4585 1384 4658 sic
1407 4597 1481 4659 orta
1497 4596 1548 4659 est
1566 4609 1690 4681 guerra
1730 4677 1733 4684 Ι

267 4705 357 4776 inter
371 4707 562 4780 Iannenses
574 4719 607 4780 et
622 4707 732 4780 dIctos
746 4709 976 4782 marchiones.
