4568 6064
564 629 626 692 364
1041 629 1281 694 CIIIIOIlIICON
1305 631 1356 690 nu
1381 631 1508 691 annus

614 765 676 838 Dia
692 765 931 838 martisIIIIIlI
948 767 1077 840 mensis
1093 766 1200 840 madIi
1215 767 1296 836 luna
1315 765 1414 859 quasi
1428 773 1497 838 tota
1511 787 1612 860 passa
1626 767 1691 840 luit
1708 769 1857 859 eolisim,
1876 767 1978 841 idest

565 887 763 962 deffectum.

614 1014 665 1085 De
675 1013 798 1086 eodem
814 1036 932 1088 mense
948 1037 1026 1110 pars
1040 1015 1194 1089 Bononia
1210 1015 1403 1086 extrinseca
1419 1038 1498 1087 cum
1513 1014 1678 1088 GibeIinis
1692 1013 1737 1088 de
1749 1016 1885 1106 Tuscia,
1900 1037 1978 1088 unm

566 1135 688 1208 amicis
712 1135 757 1208 de
774 1138 950 1233 Romagna
967 1150 1002 1214 et
1018 1161 1058 1212 co
1080 1137 1086 1236 Ι
1109 1139 1191 1210 mite
1210 1137 1368 1210 Gnidone
1393 1138 1438 1211 de
1462 1140 1677 1212 Monteleltro
1690 1148 1725 1212 et
1747 1139 1871 1212 comite
1889 1139 1979 1210 Gui-

567 1258 659 1332 dooe
683 1259 829 1333 Novello
854 1270 889 1334 et
908 1285 988 1335 cum
1015 1285 1141 1356 magno
1169 1263 1303 1334 auxilio
1320 1264 1562 1335 Veneticorum
1588 1265 1726 1334 suntin
1753 1263 1980 1335 obsciditione

565 1381 668 1454 castri
691 1381 736 1456 de
752 1385 992 1478 Bagnacavalo
1009 1386 1105 1479 quod
1133 1385 1314 1456 tenebatur
1337 1407 1399 1480 per
1414 1387 1646 1458 Bononienses
1669 1387 1883 1458 intrinsecos.
1913 1385 1980 1470 Qui

565 1527 645 1576 cum
662 1526 782 1578 eorum
799 1509 918 1580 amicis
945 1510 1112 1602 colligunt
1128 1529 1167 1580 se
1189 1509 1384 1580 incivitate
1404 1510 1526 1581 Ymole
1548 1519 1586 1580 nt
1606 1531 1808 1582 succursum
1830 1517 1982 1604 prestant

564 1628 631 1700 illis
658 1630 703 1702 de
728 1641 840 1703 castro
863 1631 1031 1726 predicto.
1061 1635 1188 1704 Tamen
1215 1631 1262 1702 ad
1286 1631 1445 1704 ultimum
1474 1633 1521 1704 illi
1548 1604 1592 1706 de
1619 1632 1869 1726 Bagnacavallo
1890 1630 1980 1726 pacti

564 1761 646 1822 sunt
676 1775 756 1824 cnm
784 1767 881 1848 parte
908 1757 1103 1828 extrinseca
1132 1755 1303 1844 Bononia,
1332 1767 1366 1826 et
1393 1755 1451 1827 die
1475 1766 1598 1827 octavo
1624 1757 1751 1827 mensis
1775 1755 1865 1846 junii
1896 1764 1982 1849 aput

564 1875 723 1948 Ymolam
750 1879 848 1950 multi
871 1901 918 1950 ax
943 1878 1216 1950 Bononiensibus
1236 1878 1430 1950 intrinsecis
1452 1901 1514 1972 per
1535 1879 1693 1950 comitem
1713 1876 1907 1950 Gnidonem
1937 1876 1981 1949 de

564 1999 779 2072 Monteleltro
792 2013 827 2074 et
841 2002 1000 2074 comitem
1021 1999 1216 2073 Guidonem
1235 2001 1416 2073 Novellnm
1436 2011 1470 2071 et
1486 2002 1571 2074 alios
1594 2001 1827 2074 Bononieusas
1844 1999 1982 2074 extrin-

564 2143 662 2196 seoos
682 2123 773 2217 capti
796 2133 877 2196 sunt
902 2125 937 2195 in
965 2123 1117 2196 maxima
1145 2125 1348 2218 quantitate.
1373 2124 1436 2196 Die
1453 2125 1546 2215 J'ovis
1568 2125 1634 2196 XX
1660 2123 1787 2196 mensis
1812 2123 1919 2196 madii
1944 2123 1980 2194 in

565 2245 702 2319 clvilate
711 2246 852 2319 Viterbii
866 2247 1028 2320 dominus
1038 2269 1126 2343 papa
1137 2247 1311 2320 Iohannes
1319 2257 1463 2340 quartus
1475 2245 1529 2342 (a)
1545 2247 1691 2319 cadente
1700 2269 1805 2342 super
1814 2267 1895 2318 eum
1909 2247 1983 2340 pal·

565 2370 647 2442 latio
678 2369 713 2441 in
738 2393 808 2464 quo
831 2371 1008 2444 habitabat
1032 2371 1117 2444 obiit
1141 2380 1176 2443 et
1200 2371 1356 2466 sepultus
1380 2384 1433 2441 est
1454 2370 1516 2442 ihi.
1538 2371 1635 2441 Vixit
1654 2381 1771 2442 autem
1794 2370 1869 2464 ipse
1892 2389 1982 2464 papa

564 2492 638 2562 VIII
662 2513 796 2564 menses
818 2501 852 2564 et
874 2495 951 2566 XIII
971 2495 1057 2566 dies.
1089 2495 1137 2565 De
1155 2515 1272 2564 mense
1289 2514 1373 2564 vero
1392 2491 1499 2564 madii
1527 2493 1576 2562 illi
1598 2491 1731 2564 banniti
1751 2489 1797 2562 de
1817 2491 1983 2562 Cremona

565 2623 599 2686 et
629 2615 686 2686 alii
715 2615 833 2709 plures
861 2615 907 2688 de
937 2615 1086 2688 diversis
1116 2615 1314 2687 civitatibus
1345 2614 1561 2685 intraverunt
1589 2615 1624 2684 in
1652 2621 1802 2684 castrum
1831 2611 1983 2684 Furuori

565 2737 670 2809 situm
694 2737 731 2807 in
754 2737 923 2810 territorio
950 2748 985 2809 et
1011 2737 1168 2810 districtu
1197 2737 1335 2826 Creme,
1364 2759 1425 2832 per
1451 2737 1546 2830 qnod
1574 2745 1723 2808 castrum
1751 2735 1927 2828 guerriant
1949 2745 1985 2806 et

565 2861 697 2932 Iaciuul
714 2881 876 2954 maguam
901 2883 1062 2955 guerram
1085 2862 1259 2932 communi
1284 2873 1319 2932 et
1335 2861 1536 2932 hominibus
1556 2860 1721 2932 Cremona
1743 2869 1778 2932 et
1795 2860 1930 2950 Brixis,
1950 2867 1984 2931 et

565 2983 715 3056 Beuzom
741 2985 786 3056 dc
804 2983 925 3056 Crema
942 2983 988 3057 de
1005 2984 1071 3057 hoo
1091 2985 1179 3057 lanto
1204 3006 1272 3056 non
1300 2985 1512 3078 impediunt,
1537 2985 1600 3057 sad
1626 2993 1719 3056 stant
1738 2983 1773 3054 in
1796 3005 1882 3078 pace
1904 3004 1983 3054 cum

566 3107 864 3180 Cremonensibus.
885 3111 935 3180 De
953 3129 1072 3180 mense
1089 3129 1173 3182 varo
1187 3108 1278 3200 jonii
1303 3109 1490 3204 Papienses
1507 3129 1587 3180 cum
1605 3116 1676 3180 toto
1695 3129 1815 3179 eorum
1838 3106 1984 3179 extortio

566 3239 601 3302 et
614 3251 694 3302 cum
711 3230 878 3302 militibus
893 3231 1080 3304 Mediolani
1097 3241 1132 3304 et
1156 3232 1305 3304 Novaria
1323 3243 1358 3303 et
1378 3231 1574 3304 marchione
1592 3231 1815 3304 Montislerati
1830 3238 1865 3302 et
1883 3238 1986 3322 gente

566 3375 630 3426 sua
647 3363 682 3426 et
697 3354 773 3427 aIiIs
785 3375 905 3427 eornm
921 3355 1042 3426 amicis
1054 3355 1194 3426 iverunt
1203 3377 1307 3428 causa
1322 3353 1559 3450 depopulandi
1570 3353 1743 3426 civitatem
1756 3351 1982 3442 Alexandria,

567 3487 602 3549 ot
616 3476 674 3550 die
689 3477 827 3549 veneris
843 3479 891 3548 XI
909 3479 1035 3550 mousIs
1046 3477 1137 3570 junii
1154 3477 1312 3550 homines
1328 3477 1373 3550 de
1390 3477 1549 3570 Bergolio
1567 3477 1629 3571 qui
1646 3485 1728 3548 sunt
1745 3497 1838 3548 unus
1850 3484 1986 3570 quarte·

566 3601 639 3672 rius
650 3599 860 3673 Alexandria
873 3601 1028 3674 nolentes
1045 3613 1206 3696 guastum
1227 3601 1433 3692 substinere,
1448 3602 1582 3696 absque
1598 3623 1769 3696 consensu
1782 3600 1929 3672 aliorum
1941 3598 1986 3671 de

567 3725 708 3796 civitate
722 3725 933 3797 AlexandrIe
953 3726 1186 3798 marchionem
1208 3725 1430 3797 Montislerati
1451 3737 1486 3797 et
1509 3725 1692 3820 Papienses
1718 3725 1986 3796 introduxerunt

567 3849 603 3920 io
619 3847 750 3921 dictum
761 3849 888 3937 locum,
904 3849 966 3942 qni
981 3849 1094 3943 ipsum
1111 3858 1229 3922 tenent
1241 3860 1276 3920 et
1292 3849 1521 3944 possidentia
1538 3871 1659 3922 eornm
1677 3849 1777 3920 fortia
1791 3857 1826 3919 et
1842 3847 1981 3919 virtute.

563 3971 610 4043 Et
632 3979 817 4043 tractantes
842 3970 888 4044 de
915 3971 1098 4044 concordia
1121 3994 1201 4044 cum
1224 3971 1300 4044 aliis
1322 3972 1366 4046 de
1390 3973 1530 4046 civitate
1550 3971 1784 4072 Alexandria,
1809 3993 1891 4042 oum
1916 3991 1986 4042 non

567 4105 708 4188 possent
720 4091 886 4189 perficere
897 4095 1132 4183 concordiam,
1144 4097 1298 4168 lecerunt
1313 4106 1434 4190 pontes
1445 4116 1551 4191 super
1563 4096 1712 4168 fluvium
1722 4094 1848 4167 Tanari
1861 4095 1921 4188 qui
1935 4103 1987 4166 est

568 4218 603 4288 in
621 4217 735 4289 medio
752 4219 904 4312 ipsorum
922 4219 1075 4290 locurum
1092 4241 1196 4291 causa
1213 4219 1415 4292 transeundi
1431 4219 1477 4292 ad
1496 4219 1765 4292 destructionem
1782 4227 1938 4310 segetum
1953 4226 1987 4288 et

568 4341 731 4434 arborum
749 4353 782 4412 et
798 4363 913 4414 rerum
927 4341 1106 4414 hominum
1121 4342 1166 4415 de
1180 4341 1407 4430 Alexandria,
1425 4353 1552 4415 etcum
1570 4363 1633 4438 per
1651 4341 1765 4433 girum
1777 4361 1839 4436 per
1855 4339 1986 4432 aliquot

569 4465 643 4538 dies
661 4465 821 4538 fecissent
840 4476 1018 4559 guastum,
1046 4465 1111 4561 ipsi
1133 4465 1316 4561 Papienses
1333 4477 1368 4538 at
1391 4465 1546 4538 marchio
1568 4463 1792 4537 Montislerati
1814 4483 1896 4535 cum
1916 4471 1986 4533 tota

610 4737 652 4813 (α)
672 4734 720 4797 Sto
733 4737 765 4794 ln
779 4735 879 4796 codlca
895 4751 902 4796 :
919 4751 1007 4813 supra
1021 4742 1123 4796 tumen
1138 4742 1215 4797 recte
1226 4736 1334 4797 dicItm
1347 4735 1431 4801 XIII.
