<?xml version="1.0" encoding="UTF-8"?>
<!DOCTYPE html PUBLIC "-//W3C//DTD XHTML 1.0 Transitional//EN"
    "http://www.w3.org/TR/xhtml1/DTD/xhtml1-transitional.dtd">
<html xmlns="http://www.w3.org/1999/xhtml" xml:lang="en" lang="en">
 <head>
  <title>
</title>
<meta http-equiv="Content-Type" content="text/html;charset=utf-8" />
  <meta name='ocr-system' content='tesseract 3.04.00' />
  <meta name='ocr-capabilities' content='ocr_page ocr_carea ocr_par ocr_line ocrx_word'/>
</head>
<body>
  <div class='ocr_page' id='page_1' title='image "./chroniconplacen00huilgoog_0181.png"; bbox 0 0 4534 6074; ppageno 0'>
   <div class='ocr_carea' id='block_1_1' title="bbox 591 633 1532 701">
    <p class='ocr_par' dir='ltr' id='par_1_1' title="bbox 591 633 1532 701">
     <span class='ocr_line' id='line_1_1' title="bbox 591 633 1532 701; baseline 0.001 -2"><span class='ocrx_word' id='word_1_1' title='bbox 591 635 651 699; x_wconf 71' lang='lat'><strong>122</strong></span> <span class='ocrx_word' id='word_1_2' title='bbox 1064 635 1305 701; x_wconf 78' lang='lat' dir='ltr'><strong>cuuoulcuu</strong></span> <span class='ocrx_word' id='word_1_3' title='bbox 1330 637 1381 700; x_wconf 79' lang='lat' dir='ltr'><strong>DE</strong></span> <span class='ocrx_word' id='word_1_4' title='bbox 1403 633 1532 700; x_wconf 69' lang='lat' dir='ltr'>RE&#39;BUS</span> 
     </span>
    </p>
   </div>
   <div class='ocr_carea' id='block_1_2' title="bbox 584 770 2003 1483">
    <p class='ocr_par' dir='ltr' id='par_1_2' title="bbox 584 770 2003 1483">
     <span class='ocr_line' id='line_1_2' title="bbox 588 770 2002 866; baseline 0.001 -24"><span class='ocrx_word' id='word_1_5' title='bbox 588 779 665 842; x_wconf 88' lang='lat' dir='ltr'><strong>lens</strong></span> <span class='ocrx_word' id='word_1_6' title='bbox 689 789 736 841; x_wconf 87' lang='lat' dir='ltr'><strong>ex</strong></span> <span class='ocrx_word' id='word_1_7' title='bbox 754 777 948 844; x_wconf 87' lang='lat' dir='ltr'><strong>transverso</strong></span> <span class='ocrx_word' id='word_1_8' title='bbox 971 770 1142 866; x_wconf 89' lang='lat' dir='ltr'><strong>quosdam</strong></span> <span class='ocrx_word' id='word_1_9' title='bbox 1163 774 1290 847; x_wconf 78' lang='lat' dir='ltr'><strong>milites</strong></span> <span class='ocrx_word' id='word_1_10' title='bbox 1313 795 1393 848; x_wconf 90' lang='lat' dir='ltr'><strong>cum</strong></span> <span class='ocrx_word' id='word_1_11' title='bbox 1414 793 1485 846; x_wconf 93' lang='lat' dir='ltr'><strong>uno</strong></span> <span class='ocrx_word' id='word_1_12' title='bbox 1506 771 1653 861; x_wconf 86' lang='lat' dir='ltr'><strong>vexillo;</strong></span> <span class='ocrx_word' id='word_1_13' title='bbox 1668 770 1767 864; x_wconf 89' lang='lat' dir='ltr'><strong>qnod</strong></span> <span class='ocrx_word' id='word_1_14' title='bbox 1782 771 1902 864; x_wconf 88' lang='lat' dir='ltr'><strong>utique</strong></span> <span class='ocrx_word' id='word_1_15' title='bbox 1923 792 2002 844; x_wconf 89' lang='lat' dir='ltr'><strong>cunr</strong></span> 
     </span>
     <span class='ocr_line' id='line_1_3' title="bbox 587 890 2002 991; baseline 0 -27"><span class='ocrx_word' id='word_1_16' title='bbox 587 891 757 964; x_wconf 87' lang='lat' dir='ltr'><strong>vidissent</strong></span> <span class='ocrx_word' id='word_1_17' title='bbox 778 891 1071 984; x_wconf 85' lang='lat' dir='ltr'><strong>Mediolanenses,</strong></span> <span class='ocrx_word' id='word_1_18' title='bbox 1092 907 1257 991; x_wconf 88' lang='lat' dir='ltr'><strong>ceperunt</strong></span> <span class='ocrx_word' id='word_1_19' title='bbox 1280 897 1413 990; x_wconf 79' lang='lat' dir='ltr'><strong>lugere.</strong></span> <span class='ocrx_word' id='word_1_20' title='bbox 1432 898 1513 966; x_wconf 83' lang='lat' dir='ltr'><strong>Dux</strong></span> <span class='ocrx_word' id='word_1_21' title='bbox 1534 893 1733 965; x_wconf 83' lang='lat' dir='ltr'><strong>Frederious</strong></span> <span class='ocrx_word' id='word_1_22' title='bbox 1754 890 1799 966; x_wconf 89' lang='lat' dir='ltr'><strong>de</strong></span> <span class='ocrx_word' id='word_1_23' title='bbox 1812 893 1942 966; x_wconf 85' lang='lat' dir='ltr'><strong>llulbnt</strong></span> <span class='ocrx_word' id='word_1_24' title='bbox 1955 892 2002 988; x_wconf 85' lang='lat' dir='ltr'><strong>(a)</strong></span> 
     </span>
     <span class='ocr_line' id='line_1_4' title="bbox 586 1014 2003 1112; baseline 0.003 -26"><span class='ocrx_word' id='word_1_25' title='bbox 586 1035 670 1088; x_wconf 82' lang='lat' dir='ltr'><strong>uero</strong></span> <span class='ocrx_word' id='word_1_26' title='bbox 688 1014 750 1110; x_wconf 92' lang='lat' dir='ltr'><strong>qui</strong></span> <span class='ocrx_word' id='word_1_27' title='bbox 763 1015 914 1110; x_wconf 80' lang='lat' dir='ltr'><strong>aquilam</strong></span> <span class='ocrx_word' id='word_1_28' title='bbox 933 1017 1147 1110; x_wconf 88' lang='lat' dir='ltr'><strong>imperatoris</strong></span> <span class='ocrx_word' id='word_1_29' title='bbox 1163 1018 1340 1112; x_wconf 86' lang='lat' dir='ltr'><strong>portabat,</strong></span> <span class='ocrx_word' id='word_1_30' title='bbox 1360 1039 1420 1091; x_wconf 88' lang='lat' dir='ltr'><strong>sos</strong></span> <span class='ocrx_word' id='word_1_31' title='bbox 1437 1016 1610 1112; x_wconf 88' lang='lat' dir='ltr'><strong>usquead</strong></span> <span class='ocrx_word' id='word_1_32' title='bbox 1625 1015 1790 1088; x_wconf 75' lang='lat' dir='ltr'><strong>fossatum</strong></span> <span class='ocrx_word' id='word_1_33' title='bbox 1815 1025 1870 1089; x_wconf 85' lang='lat' dir='ltr'><strong>est</strong></span> <span class='ocrx_word' id='word_1_34' title='bbox 1886 1039 2003 1112; x_wconf 86' lang='lat' dir='ltr'><strong>peree-</strong></span> 
     </span>
     <span class='ocr_line' id='line_1_5' title="bbox 586 1138 2002 1234; baseline 0.001 -24"><span class='ocrx_word' id='word_1_35' title='bbox 586 1138 1044 1232; x_wconf 87' lang='lat' dir='ltr'><strong>cutus.1mperatorantem</strong></span> <span class='ocrx_word' id='word_1_36' title='bbox 1064 1139 1168 1232; x_wconf 82' lang='lat' dir='ltr'><strong>juxta</strong></span> <span class='ocrx_word' id='word_1_37' title='bbox 1189 1162 1308 1214; x_wconf 87' lang='lat' dir='ltr'><strong>arcum</strong></span> <span class='ocrx_word' id='word_1_38' title='bbox 1339 1142 1529 1214; x_wconf 84' lang='lat' dir='ltr'><strong>Romanum</strong></span> <span class='ocrx_word' id='word_1_39' title='bbox 1556 1138 1724 1212; x_wconf 80' lang='lat' dir='ltr'><strong>amedeus</strong></span> <span class='ocrx_word' id='word_1_40' title='bbox 1749 1139 1795 1212; x_wconf 90' lang='lat' dir='ltr'><strong>de</strong></span> <span class='ocrx_word' id='word_1_41' title='bbox 1816 1159 1908 1234; x_wconf 90' lang='lat' dir='ltr'><strong>equo</strong></span> <span class='ocrx_word' id='word_1_42' title='bbox 1937 1141 2002 1212; x_wconf 89' lang='lat' dir='ltr'><strong>init</strong></span> 
     </span>
     <span class='ocr_line' id='line_1_6' title="bbox 584 1261 2001 1358; baseline 0.001 -25"><span class='ocrx_word' id='word_1_43' title='bbox 584 1269 785 1356; x_wconf 82' lang='lat' dir='ltr'><strong>prostratus.</strong></span> <span class='ocrx_word' id='word_1_44' title='bbox 807 1261 845 1332; x_wconf 95' lang='lat' dir='ltr'><strong>In</strong></span> <span class='ocrx_word' id='word_1_45' title='bbox 861 1283 903 1334; x_wconf 94' lang='lat' dir='ltr'><strong>eo</strong></span> <span class='ocrx_word' id='word_1_46' title='bbox 926 1263 1036 1358; x_wconf 89' lang='lat' dir='ltr'><strong>prelio</strong></span> <span class='ocrx_word' id='word_1_47' title='bbox 1059 1262 1157 1334; x_wconf 88' lang='lat' dir='ltr'><strong>multi</strong></span> <span class='ocrx_word' id='word_1_48' title='bbox 1175 1285 1222 1337; x_wconf 82' lang='lat' dir='ltr'><strong>ex</strong></span> <span class='ocrx_word' id='word_1_49' title='bbox 1237 1263 1552 1338; x_wconf 89' lang='lat' dir='ltr'><strong>Mediolanensibus</strong></span> <span class='ocrx_word' id='word_1_50' title='bbox 1563 1262 1690 1335; x_wconf 85' lang='lat' dir='ltr'><strong>mortui</strong></span> <span class='ocrx_word' id='word_1_51' title='bbox 1704 1271 1803 1349; x_wconf 86' lang='lat' dir='ltr'><strong>sunt,</strong></span> <span class='ocrx_word' id='word_1_52' title='bbox 1823 1263 1904 1358; x_wconf 89' lang='lat' dir='ltr'><strong>plus</strong></span> <span class='ocrx_word' id='word_1_53' title='bbox 1928 1261 2001 1344; x_wconf 78' lang='lat' dir='ltr'><strong>COE</strong></span> 
     </span>
     <span class='ocr_line' id='line_1_7' title="bbox 585 1375 1999 1483; baseline 0.001 -25"><span class='ocrx_word' id='word_1_54' title='bbox 585 1375 788 1480; x_wconf 74' lang='lat' dir='ltr'><strong>capti&#39;quos</strong></span> <span class='ocrx_word' id='word_1_55' title='bbox 803 1385 958 1458; x_wconf 84' lang='lat' dir='ltr'><strong>landam</strong></span> <span class='ocrx_word' id='word_1_56' title='bbox 975 1387 1011 1456; x_wconf 94' lang='lat' dir='ltr'><strong>in</strong></span> <span class='ocrx_word' id='word_1_57' title='bbox 1028 1386 1224 1460; x_wconf 79' lang='lat' dir='ltr'><strong>carceribus</strong></span> <span class='ocrx_word' id='word_1_58' title='bbox 1240 1387 1357 1460; x_wconf 77' lang='lat' dir='ltr'><strong>duxit,</strong></span> <span class='ocrx_word' id='word_1_59' title='bbox 1376 1389 1505 1460; x_wconf 86' lang='lat' dir='ltr'><strong>lterum</strong></span> <span class='ocrx_word' id='word_1_60' title='bbox 1523 1396 1599 1483; x_wconf 87' lang='lat' dir='ltr'><strong>post</strong></span> <span class='ocrx_word' id='word_1_61' title='bbox 1615 1407 1746 1482; x_wconf 88' lang='lat' dir='ltr'><strong>pancos</strong></span> <span class='ocrx_word' id='word_1_62' title='bbox 1768 1385 1845 1458; x_wconf 88' lang='lat' dir='ltr'><strong>dies</strong></span> <span class='ocrx_word' id='word_1_63' title='bbox 1856 1407 1999 1479; x_wconf 77' lang='lat' dir='ltr'><strong>congre-</strong></span> 
     </span>
    </p>
   </div>
   <div class='ocr_carea' id='block_1_3' title="bbox 573 1507 1999 3952">
    <p class='ocr_par' dir='ltr' id='par_1_3' title="bbox 573 1507 1999 3952">
     <span class='ocr_line' id='line_1_8' title="bbox 584 1507 1999 1606; baseline 0 -25"><span class='ocrx_word' id='word_1_64' title='bbox 584 1518 665 1604; x_wconf 81' lang='lat' dir='ltr'><strong>gato</strong></span> <span class='ocrx_word' id='word_1_65' title='bbox 689 1508 845 1580; x_wconf 87' lang='lat' dir='ltr'><strong>exercitu</strong></span> <span class='ocrx_word' id='word_1_66' title='bbox 874 1509 967 1605; x_wconf 88' lang='lat' dir='ltr'><strong>cepit</strong></span> <span class='ocrx_word' id='word_1_67' title='bbox 995 1507 1178 1584; x_wconf 85' lang='lat' dir='ltr'><strong>devastare</strong></span> <span class='ocrx_word' id='word_1_68' title='bbox 1199 1521 1333 1606; x_wconf 75' lang='lat' dir='ltr'><strong>segetes</strong></span> <span class='ocrx_word' id='word_1_69' title='bbox 1355 1509 1683 1599; x_wconf 67' lang='lat' dir='ltr'><strong>mediolanensium,</strong></span> <span class='ocrx_word' id='word_1_70' title='bbox 1710 1507 1892 1605; x_wconf 86' lang='lat' dir='ltr'><strong>preliando</strong></span> <span class='ocrx_word' id='word_1_71' title='bbox 1918 1521 1999 1605; x_wconf 87' lang='lat' dir='ltr'><strong>aput</strong></span> 
     </span>
     <span class='ocr_line' id='line_1_9' title="bbox 583 1631 1994 1729; baseline 0.001 -26"><span class='ocrx_word' id='word_1_72' title='bbox 583 1640 718 1728; x_wconf 88' lang='lat' dir='ltr'><strong>portam</strong></span> <span class='ocrx_word' id='word_1_73' title='bbox 726 1631 915 1704; x_wconf 89' lang='lat' dir='ltr'><strong>Cumanam</strong></span> <span class='ocrx_word' id='word_1_74' title='bbox 929 1643 963 1704; x_wconf 87' lang='lat' dir='ltr'><strong>et</strong></span> <span class='ocrx_word' id='word_1_75' title='bbox 974 1641 1060 1729; x_wconf 90' lang='lat' dir='ltr'><strong>aput</strong></span> <span class='ocrx_word' id='word_1_76' title='bbox 1070 1633 1581 1729; x_wconf 78' lang='lat' dir='ltr'><strong>portaml&#39;ercelinam.lleinde</strong></span> <span class='ocrx_word' id='word_1_77' title='bbox 1591 1653 1751 1705; x_wconf 88' lang='lat' dir='ltr'><strong>reversus</strong></span> <span class='ocrx_word' id='word_1_78' title='bbox 1764 1633 1994 1722; x_wconf 76' lang='lat' dir='ltr'><strong>estlandam3</strong></span> 
     </span>
     <span class='ocr_line' id='line_1_10' title="bbox 584 1754 1996 1852; baseline 0.001 -24"><span class='ocrx_word' id='word_1_79' title='bbox 584 1755 630 1828; x_wconf 90' lang='lat' dir='ltr'><strong>de</strong></span> <span class='ocrx_word' id='word_1_80' title='bbox 644 1755 792 1850; x_wconf 88' lang='lat' dir='ltr'><strong>captivis</strong></span> <span class='ocrx_word' id='word_1_81' title='bbox 810 1755 1117 1829; x_wconf 90' lang='lat' dir='ltr'><strong>Mediolanensium</strong></span> <span class='ocrx_word' id='word_1_82' title='bbox 1137 1779 1227 1852; x_wconf 91' lang='lat' dir='ltr'><strong>quos</strong></span> <span class='ocrx_word' id='word_1_83' title='bbox 1243 1758 1393 1831; x_wconf 85' lang='lat' dir='ltr'><strong>habebat</strong></span> <span class='ocrx_word' id='word_1_84' title='bbox 1409 1758 1446 1828; x_wconf 96' lang='lat' dir='ltr'><strong>in</strong></span> <span class='ocrx_word' id='word_1_85' title='bbox 1466 1757 1601 1847; x_wconf 87' lang='lat' dir='ltr'><strong>Lauda,</strong></span> <span class='ocrx_word' id='word_1_86' title='bbox 1620 1754 1784 1830; x_wconf 86' lang='lat' dir='ltr'><strong>videlicet</strong></span> <span class='ocrx_word' id='word_1_87' title='bbox 1799 1755 1846 1828; x_wconf 81' lang='lat' dir='ltr'><strong>vl</strong></span> <span class='ocrx_word' id='word_1_88' title='bbox 1861 1757 1996 1830; x_wconf 89' lang='lat' dir='ltr'><strong>illorum</strong></span> 
     </span>
     <span class='ocr_line' id='line_1_11' title="bbox 583 1877 1996 1978; baseline 0.004 -29"><span class='ocrx_word' id='word_1_89' title='bbox 583 1877 774 1972; x_wconf 89' lang='lat' dir='ltr'><strong>unicnique</strong></span> <span class='ocrx_word' id='word_1_90' title='bbox 803 1880 944 1952; x_wconf 92' lang='lat' dir='ltr'><strong>oculum</strong></span> <span class='ocrx_word' id='word_1_91' title='bbox 967 1901 1088 1952; x_wconf 88' lang='lat' dir='ltr'><strong>eruere</strong></span> <span class='ocrx_word' id='word_1_92' title='bbox 1111 1881 1264 1978; x_wconf 86' lang='lat' dir='ltr'><strong>precepit</strong></span> <span class='ocrx_word' id='word_1_93' title='bbox 1288 1892 1322 1954; x_wconf 87' lang='lat' dir='ltr'><strong>ot</strong></span> <span class='ocrx_word' id='word_1_94' title='bbox 1345 1882 1423 1953; x_wconf 87' lang='lat' dir='ltr'><strong>aliis</strong></span> <span class='ocrx_word' id='word_1_95' title='bbox 1443 1883 1490 1954; x_wconf 91' lang='lat' dir='ltr'><strong>Vl</strong></span> <span class='ocrx_word' id='word_1_96' title='bbox 1514 1901 1615 1953; x_wconf 89' lang='lat' dir='ltr'><strong>nares</strong></span> <span class='ocrx_word' id='word_1_97' title='bbox 1643 1878 1826 1974; x_wconf 87' lang='lat' dir='ltr'><strong>usquead</strong></span> <span class='ocrx_word' id='word_1_98' title='bbox 1851 1881 1996 1954; x_wconf 88' lang='lat' dir='ltr'><strong>lrontem</strong></span> 
     </span>
     <span class='ocr_line' id='line_1_12' title="bbox 582 1999 1996 2100; baseline 0.004 -28"><span class='ocrx_word' id='word_1_99' title='bbox 582 1999 737 2074; x_wconf 87' lang='lat' dir='ltr'><strong>inuidere</strong></span> <span class='ocrx_word' id='word_1_100' title='bbox 752 2011 791 2074; x_wconf 87' lang='lat' dir='ltr'><strong>et·</strong></span> <span class='ocrx_word' id='word_1_101' title='bbox 807 2023 917 2073; x_wconf 91' lang='lat' dir='ltr'><strong>unum</strong></span> <span class='ocrx_word' id='word_1_102' title='bbox 929 2005 1078 2076; x_wconf 69' lang='lat' dir='ltr'><strong>&#39;oculum</strong></span> <span class='ocrx_word' id='word_1_103' title='bbox 1097 2025 1217 2078; x_wconf 88' lang='lat' dir='ltr'><strong>ornere</strong></span> <span class='ocrx_word' id='word_1_104' title='bbox 1229 2005 1355 2098; x_wconf 82' lang='lat' dir='ltr'><strong>jussit,</strong></span> <span class='ocrx_word' id='word_1_105' title='bbox 1376 2015 1411 2078; x_wconf 89' lang='lat' dir='ltr'><strong>et</strong></span> <span class='ocrx_word' id='word_1_106' title='bbox 1432 2005 1483 2078; x_wconf 89' lang='lat' dir='ltr'><strong>sio</strong></span> <span class='ocrx_word' id='word_1_107' title='bbox 1503 2004 1690 2078; x_wconf 80' lang='lat' dir='ltr'><strong>devastatis</strong></span> <span class='ocrx_word' id='word_1_108' title='bbox 1703 2004 1868 2078; x_wconf 91' lang='lat' dir='ltr'><strong>omnibns</strong></span> <span class='ocrx_word' id='word_1_109' title='bbox 1882 2001 1931 2100; x_wconf 83' lang='lat' dir='ltr'><strong>(b)</strong></span> <span class='ocrx_word' id='word_1_110' title='bbox 1951 2005 1996 2078; x_wconf 90' lang='lat' dir='ltr'><strong>ad</strong></span> 
     </span>
     <span class='ocr_line' id='line_1_13' title="bbox 582 2123 1997 2223; baseline 0.001 -25"><span class='ocrx_word' id='word_1_111' title='bbox 582 2123 757 2198; x_wconf 82' lang='lat' dir='ltr'><strong>ciuitatem</strong></span> <span class='ocrx_word' id='word_1_112' title='bbox 775 2125 960 2198; x_wconf 83' lang='lat' dir='ltr'><strong>Mediolani</strong></span> <span class='ocrx_word' id='word_1_113' title='bbox 983 2126 1122 2200; x_wconf 86' lang='lat' dir='ltr'><strong>direxit.</strong></span> <span class='ocrx_word' id='word_1_114' title='bbox 1137 2129 1298 2201; x_wconf 86' lang='lat' dir='ltr'><strong>Similiter</strong></span> <span class='ocrx_word' id='word_1_115' title='bbox 1314 2129 1376 2223; x_wconf 95' lang='lat' dir='ltr'><strong>qni</strong></span> <span class='ocrx_word' id='word_1_116' title='bbox 1396 2128 1596 2202; x_wconf 78' lang='lat' dir='ltr'><strong>deferebant</strong></span> <span class='ocrx_word' id='word_1_117' title='bbox 1611 2138 1800 2201; x_wconf 89' lang='lat' dir='ltr'><strong>mercatum</strong></span> <span class='ocrx_word' id='word_1_118' title='bbox 1816 2149 1838 2200; x_wconf 90' lang='lat' dir='ltr'><strong>a</strong></span> <span class='ocrx_word' id='word_1_119' title='bbox 1854 2127 1997 2202; x_wconf 90' lang='lat' dir='ltr'><strong>Placen·</strong></span> 
     </span>
     <span class='ocr_line' id='line_1_14' title="bbox 580 2247 1997 2346; baseline 0.003 -28"><span class='ocrx_word' id='word_1_120' title='bbox 580 2247 815 2324; x_wconf 72' lang='lat' dir='ltr'><strong>timeremus</strong></span> <span class='ocrx_word' id='word_1_121' title='bbox 833 2247 1140 2343; x_wconf 80' lang='lat' dir='ltr'><strong>Mediolanenses,</strong></span> <span class='ocrx_word' id='word_1_122' title='bbox 1173 2273 1244 2324; x_wconf 88' lang='lat' dir='ltr'><strong>una</strong></span> <span class='ocrx_word' id='word_1_123' title='bbox 1270 2251 1329 2324; x_wconf 90' lang='lat' dir='ltr'><strong>die</strong></span> <span class='ocrx_word' id='word_1_124' title='bbox 1351 2253 1447 2324; x_wconf 87' lang='lat' dir='ltr'><strong>XXV</strong></span> <span class='ocrx_word' id='word_1_125' title='bbox 1470 2273 1595 2324; x_wconf 90' lang='lat' dir='ltr'><strong>manns</strong></span> <span class='ocrx_word' id='word_1_126' title='bbox 1617 2251 1834 2346; x_wconf 83' lang='lat' dir='ltr'><strong>amputavit,</strong></span> <span class='ocrx_word' id='word_1_127' title='bbox 1867 2251 1997 2325; x_wconf 84' lang='lat' dir='ltr'><strong>scilicet</strong></span> 
     </span>
     <span class='ocr_line' id='line_1_15' title="bbox 579 2369 1997 2468; baseline 0.003 -26"><span class='ocrx_word' id='word_1_128' title='bbox 579 2369 769 2468; x_wconf 90' lang='lat' dir='ltr'><strong>unicnique</strong></span> <span class='ocrx_word' id='word_1_129' title='bbox 788 2393 930 2445; x_wconf 88' lang='lat' dir='ltr'><strong>manum</strong></span> <span class='ocrx_word' id='word_1_130' title='bbox 950 2373 1106 2447; x_wconf 87' lang='lat' dir='ltr'><strong>dextram</strong></span> <span class='ocrx_word' id='word_1_131' title='bbox 1132 2375 1410 2447; x_wconf 77' lang='lat' dir='ltr'><strong>Placentinorum</strong></span> <span class='ocrx_word' id='word_1_132' title='bbox 1435 2375 1573 2445; x_wconf 82' lang='lat' dir='ltr'><strong>civium.</strong></span> <span class='ocrx_word' id='word_1_133' title='bbox 1600 2375 1734 2446; x_wconf 91' lang='lat' dir='ltr'><strong>Interea</strong></span> <span class='ocrx_word' id='word_1_134' title='bbox 1758 2373 1931 2446; x_wconf 85' lang='lat' dir='ltr'><strong>discensio</strong></span> <span class='ocrx_word' id='word_1_135' title='bbox 1952 2375 1997 2466; x_wconf 82' lang='lat' dir='ltr'><strong>(c)</strong></span> 
     </span>
     <span class='ocr_line' id='line_1_16' title="bbox 578 2491 1997 2590; baseline 0.001 -24"><span class='ocrx_word' id='word_1_136' title='bbox 578 2491 732 2568; x_wconf 89' lang='lat' dir='ltr'><strong>maxima</strong></span> <span class='ocrx_word' id='word_1_137' title='bbox 761 2505 837 2567; x_wconf 88' lang='lat' dir='ltr'><strong>orta</strong></span> <span class='ocrx_word' id='word_1_138' title='bbox 868 2507 921 2568; x_wconf 88' lang='lat' dir='ltr'><strong>est</strong></span> <span class='ocrx_word' id='word_1_139' title='bbox 947 2497 1034 2569; x_wconf 84' lang='lat' dir='ltr'><strong>inter</strong></span> <span class='ocrx_word' id='word_1_140' title='bbox 1061 2497 1158 2570; x_wconf 87' lang='lat' dir='ltr'><strong>cives</strong></span> <span class='ocrx_word' id='word_1_141' title='bbox 1186 2497 1384 2583; x_wconf 81' lang='lat' dir='ltr'><strong>Mediolani.</strong></span> <span class='ocrx_word' id='word_1_142' title='bbox 1412 2497 1488 2568; x_wconf 90' lang='lat' dir='ltr'><strong>Jam</strong></span> <span class='ocrx_word' id='word_1_143' title='bbox 1520 2495 1614 2568; x_wconf 88' lang='lat' dir='ltr'><strong>enim</strong></span> <span class='ocrx_word' id='word_1_144' title='bbox 1643 2516 1705 2590; x_wconf 90' lang='lat' dir='ltr'><strong>per</strong></span> <span class='ocrx_word' id='word_1_145' title='bbox 1736 2497 1869 2590; x_wconf 87' lang='lat' dir='ltr'><strong>plateas</strong></span> <span class='ocrx_word' id='word_1_146' title='bbox 1897 2495 1997 2567; x_wconf 85' lang='lat' dir='ltr'><strong>rixa-</strong></span> 
     </span>
     <span class='ocr_line' id='line_1_17' title="bbox 577 2615 1997 2714; baseline -0.001 -25"><span class='ocrx_word' id='word_1_147' title='bbox 577 2615 706 2690; x_wconf 86' lang='lat' dir='ltr'><strong>bantur</strong></span> <span class='ocrx_word' id='word_1_148' title='bbox 731 2615 795 2714; x_wconf 88' lang='lat' dir='ltr'><strong>(d),</strong></span> <span class='ocrx_word' id='word_1_149' title='bbox 816 2618 970 2692; x_wconf 84' lang='lat' dir='ltr'><strong>dicentes</strong></span> <span class='ocrx_word' id='word_1_150' title='bbox 987 2641 1026 2692; x_wconf 91' lang='lat' dir='ltr'><strong>se</strong></span> <span class='ocrx_word' id='word_1_151' title='bbox 1043 2621 1134 2693; x_wconf 83' lang='lat' dir='ltr'><strong>velle</strong></span> <span class='ocrx_word' id='word_1_152' title='bbox 1156 2619 1303 2694; x_wconf 91' lang='lat' dir='ltr'><strong>reddere</strong></span> <span class='ocrx_word' id='word_1_153' title='bbox 1331 2620 1505 2693; x_wconf 79' lang='lat' dir='ltr'><strong>civitatem</strong></span> <span class='ocrx_word' id='word_1_154' title='bbox 1522 2617 1736 2714; x_wconf 80' lang='lat' dir='ltr'><strong>imperatori3</strong></span> <span class='ocrx_word' id='word_1_155' title='bbox 1761 2627 1836 2688; x_wconf 90' lang='lat' dir='ltr'><strong>tum</strong></span> <span class='ocrx_word' id='word_1_156' title='bbox 1856 2626 1997 2713; x_wconf 88' lang='lat' dir='ltr'><strong>propter</strong></span> 
     </span>
     <span class='ocr_line' id='line_1_18' title="bbox 576 2741 1995 2838; baseline 0 -23"><span class='ocrx_word' id='word_1_157' title='bbox 576 2742 862 2836; x_wconf 89' lang='lat' dir='ltr'><strong>conspirationem</strong></span> <span class='ocrx_word' id='word_1_158' title='bbox 887 2766 993 2837; x_wconf 92' lang='lat' dir='ltr'><strong>quam</strong></span> <span class='ocrx_word' id='word_1_159' title='bbox 1014 2743 1157 2838; x_wconf 90' lang='lat' dir='ltr'><strong>quidam</strong></span> <span class='ocrx_word' id='word_1_160' title='bbox 1182 2744 1228 2819; x_wconf 90' lang='lat' dir='ltr'><strong>de</strong></span> <span class='ocrx_word' id='word_1_161' title='bbox 1248 2743 1434 2838; x_wconf 89' lang='lat' dir='ltr'><strong>maj0ribus</strong></span> <span class='ocrx_word' id='word_1_162' title='bbox 1453 2745 1603 2816; x_wconf 86' lang='lat' dir='ltr'><strong>lecerunt</strong></span> <span class='ocrx_word' id='word_1_163' title='bbox 1617 2751 1657 2814; x_wconf 91' lang='lat' dir='ltr'><strong>ut</strong></span> <span class='ocrx_word' id='word_1_164' title='bbox 1674 2741 1720 2815; x_wconf 91' lang='lat' dir='ltr'><strong>de</strong></span> <span class='ocrx_word' id='word_1_165' title='bbox 1738 2741 1879 2815; x_wconf 88' lang='lat' dir='ltr'><strong>civitate</strong></span> <span class='ocrx_word' id='word_1_166' title='bbox 1896 2763 1995 2834; x_wconf 81' lang='lat' dir='ltr'><strong>egre·</strong></span> 
     </span>
     <span class='ocr_line' id='line_1_19' title="bbox 576 2862 1996 2962; baseline 0 -25"><span class='ocrx_word' id='word_1_167' title='bbox 576 2862 760 2958; x_wconf 86' lang='lat' dir='ltr'><strong>darentur,</strong></span> <span class='ocrx_word' id='word_1_168' title='bbox 784 2875 857 2938; x_wconf 83' lang='lat' dir='ltr'><strong>tum</strong></span> <span class='ocrx_word' id='word_1_169' title='bbox 888 2877 1027 2962; x_wconf 88' lang='lat' dir='ltr'><strong>propter</strong></span> <span class='ocrx_word' id='word_1_170' title='bbox 1053 2869 1265 2941; x_wconf 87' lang='lat' dir='ltr'><strong>carissimam</strong></span> <span class='ocrx_word' id='word_1_171' title='bbox 1296 2889 1469 2940; x_wconf 89' lang='lat' dir='ltr'><strong>annonam</strong></span> <span class='ocrx_word' id='word_1_172' title='bbox 1489 2893 1498 2939; x_wconf 76' lang='lat' dir='ltr'><strong>a</strong></span> <span class='ocrx_word' id='word_1_173' title='bbox 1520 2867 1585 2940; x_wconf 90' lang='lat' dir='ltr'><strong>XX</strong></span> <span class='ocrx_word' id='word_1_174' title='bbox 1607 2865 1769 2938; x_wconf 89' lang='lat' dir='ltr'><strong>denarios</strong></span> <span class='ocrx_word' id='word_1_175' title='bbox 1798 2866 1925 2938; x_wconf 79' lang='lat' dir='ltr'><strong>sterius</strong></span> <span class='ocrx_word' id='word_1_176' title='bbox 1947 2865 1996 2962; x_wconf 83' lang='lat' dir='ltr'><strong>(e)</strong></span> 
     </span>
     <span class='ocr_line' id='line_1_20' title="bbox 574 2989 1994 3083; baseline 0.002 -24"><span class='ocrx_word' id='word_1_177' title='bbox 574 2989 673 3083; x_wconf 80' lang='lat' dir='ltr'><strong>grani</strong></span> <span class='ocrx_word' id='word_1_178' title='bbox 701 2999 736 3062; x_wconf 89' lang='lat' dir='ltr'><strong>et</strong></span> <span class='ocrx_word' id='word_1_179' title='bbox 767 2990 892 3062; x_wconf 78' lang='lat' dir='ltr'><strong>sterius</strong></span> <span class='ocrx_word' id='word_1_180' title='bbox 917 2991 998 3064; x_wconf 89' lang='lat' dir='ltr'><strong>salis</strong></span> <span class='ocrx_word' id='word_1_181' title='bbox 1021 2991 1120 3064; x_wconf 86' lang='lat' dir='ltr'><strong>XXX</strong></span> <span class='ocrx_word' id='word_1_182' title='bbox 1143 2991 1272 3065; x_wconf 90' lang='lat' dir='ltr'><strong>solidos</strong></span> <span class='ocrx_word' id='word_1_183' title='bbox 1297 2991 1533 3078; x_wconf 84' lang='lat' dir='ltr'><strong>vendebatur3</strong></span> <span class='ocrx_word' id='word_1_184' title='bbox 1559 2991 1647 3062; x_wconf 93' lang='lat' dir='ltr'><strong>libra</strong></span> <span class='ocrx_word' id='word_1_185' title='bbox 1672 2990 1763 3061; x_wconf 89' lang='lat' dir='ltr'><strong>casei</strong></span> <span class='ocrx_word' id='word_1_186' title='bbox 1781 2989 1857 3062; x_wconf 84' lang='lat' dir='ltr'><strong>Vlll</strong></span> <span class='ocrx_word' id='word_1_187' title='bbox 1880 2989 1994 3062; x_wconf 91' lang='lat' dir='ltr'><strong>dena-</strong></span> 
     </span>
     <span class='ocr_line' id='line_1_21' title="bbox 575 3111 1992 3207; baseline 0.001 -25"><span class='ocrx_word' id='word_1_188' title='bbox 575 3111 645 3184; x_wconf 86' lang='lat' dir='ltr'><strong>rios</strong></span> <span class='ocrx_word' id='word_1_189' title='bbox 672 3111 868 3206; x_wconf 77' lang='lat' dir='ltr'><strong>emebatur3</strong></span> <span class='ocrx_word' id='word_1_190' title='bbox 907 3135 988 3186; x_wconf 90' lang='lat' dir='ltr'><strong>caro</strong></span> <span class='ocrx_word' id='word_1_191' title='bbox 1019 3114 1196 3188; x_wconf 89' lang='lat' dir='ltr'><strong>carissima</strong></span> <span class='ocrx_word' id='word_1_192' title='bbox 1221 3125 1307 3188; x_wconf 86' lang='lat' dir='ltr'><strong>erat.</strong></span> <span class='ocrx_word' id='word_1_193' title='bbox 1335 3115 1473 3186; x_wconf 89' lang='lat' dir='ltr'><strong>Interim</strong></span> <span class='ocrx_word' id='word_1_194' title='bbox 1502 3113 1583 3187; x_wconf 91' lang='lat' dir='ltr'><strong>data</strong></span> <span class='ocrx_word' id='word_1_195' title='bbox 1613 3123 1665 3186; x_wconf 88' lang='lat' dir='ltr'><strong>est</strong></span> <span class='ocrx_word' id='word_1_196' title='bbox 1689 3113 1829 3207; x_wconf 89' lang='lat' dir='ltr'><strong>publice</strong></span> <span class='ocrx_word' id='word_1_197' title='bbox 1853 3113 1992 3184; x_wconf 91' lang='lat' dir='ltr'><strong>licentia</strong></span> 
     </span>
     <span class='ocr_line' id='line_1_22' title="bbox 573 3235 1996 3334; baseline -0.003 -23"><span class='ocrx_word' id='word_1_198' title='bbox 573 3248 608 3311; x_wconf 83' lang='lat' dir='ltr'><strong>et</strong></span> <span class='ocrx_word' id='word_1_199' title='bbox 626 3246 775 3334; x_wconf 89' lang='lat' dir='ltr'><strong>potestas</strong></span> <span class='ocrx_word' id='word_1_200' title='bbox 794 3238 912 3310; x_wconf 89' lang='lat' dir='ltr'><strong>comiti</strong></span> <span class='ocrx_word' id='word_1_201' title='bbox 934 3237 980 3310; x_wconf 91' lang='lat' dir='ltr'><strong>de</strong></span> <span class='ocrx_word' id='word_1_202' title='bbox 997 3239 1165 3312; x_wconf 88' lang='lat' dir='ltr'><strong>Blandate</strong></span> <span class='ocrx_word' id='word_1_203' title='bbox 1181 3238 1226 3311; x_wconf 91' lang='lat' dir='ltr'><strong>de</strong></span> <span class='ocrx_word' id='word_1_204' title='bbox 1244 3261 1315 3332; x_wconf 93' lang='lat' dir='ltr'><strong>quo</strong></span> <span class='ocrx_word' id='word_1_205' title='bbox 1332 3237 1608 3310; x_wconf 88' lang='lat' dir='ltr'><strong>Mediolanenses</strong></span> <span class='ocrx_word' id='word_1_206' title='bbox 1633 3235 1853 3309; x_wconf 85' lang='lat' dir='ltr'><strong>confidebant</strong></span> <span class='ocrx_word' id='word_1_207' title='bbox 1876 3243 1911 3308; x_wconf 91' lang='lat' dir='ltr'><strong>et</strong></span> <span class='ocrx_word' id='word_1_208' title='bbox 1926 3235 1996 3307; x_wconf 88' lang='lat' dir='ltr'><strong>Ose</strong></span> 
     </span>
     <span class='ocr_line' id='line_1_23' title="bbox 573 3357 1995 3459; baseline -0.004 -23"><span class='ocrx_word' id='word_1_209' title='bbox 573 3372 609 3436; x_wconf 90' lang='lat' dir='ltr'><strong>et</strong></span> <span class='ocrx_word' id='word_1_210' title='bbox 636 3361 705 3434; x_wconf 86' lang='lat' dir='ltr'><strong>filio</strong></span> <span class='ocrx_word' id='word_1_211' title='bbox 731 3358 824 3459; x_wconf 87' lang='lat' dir='ltr'><strong>[ejus</strong></span> <span class='ocrx_word' id='word_1_212' title='bbox 843 3357 1004 3459; x_wconf 80' lang='lat' dir='ltr'><strong>Alhertc]</strong></span> <span class='ocrx_word' id='word_1_213' title='bbox 1026 3371 1062 3435; x_wconf 89' lang='lat' dir='ltr'><strong>et</strong></span> <span class='ocrx_word' id='word_1_214' title='bbox 1083 3363 1247 3435; x_wconf 82' lang='lat' dir='ltr'><strong>Anselmo</strong></span> <span class='ocrx_word' id='word_1_215' title='bbox 1272 3361 1317 3434; x_wconf 93' lang='lat' dir='ltr'><strong>de</strong></span> <span class='ocrx_word' id='word_1_216' title='bbox 1334 3362 1416 3434; x_wconf 92' lang='lat' dir='ltr'><strong>Orto</strong></span> <span class='ocrx_word' id='word_1_217' title='bbox 1444 3371 1482 3432; x_wconf 87' lang='lat' dir='ltr'><strong>nt</strong></span> <span class='ocrx_word' id='word_1_218' title='bbox 1503 3359 1549 3434; x_wconf 91' lang='lat' dir='ltr'><strong>de</strong></span> <span class='ocrx_word' id='word_1_219' title='bbox 1576 3379 1661 3456; x_wconf 89' lang='lat' dir='ltr'><strong>pace</strong></span> <span class='ocrx_word' id='word_1_220' title='bbox 1683 3381 1764 3432; x_wconf 93' lang='lat' dir='ltr'><strong>cnm</strong></span> <span class='ocrx_word' id='word_1_221' title='bbox 1786 3359 1995 3454; x_wconf 88' lang='lat' dir='ltr'><strong>imperatore</strong></span> 
     </span>
     <span class='ocr_line' id='line_1_24' title="bbox 573 3482 1996 3580; baseline -0.001 -24"><span class='ocrx_word' id='word_1_222' title='bbox 573 3487 806 3580; x_wconf 90' lang='lat' dir='ltr'><strong>loquerentur.</strong></span> <span class='ocrx_word' id='word_1_223' title='bbox 824 3486 891 3571; x_wconf 89' lang='lat' dir='ltr'><strong>Qui</strong></span> <span class='ocrx_word' id='word_1_224' title='bbox 909 3505 1024 3557; x_wconf 89' lang='lat' dir='ltr'><strong>comes</strong></span> <span class='ocrx_word' id='word_1_225' title='bbox 1037 3483 1083 3558; x_wconf 92' lang='lat' dir='ltr'><strong>de</strong></span> <span class='ocrx_word' id='word_1_226' title='bbox 1100 3486 1267 3559; x_wconf 88' lang='lat' dir='ltr'><strong>Blandate</strong></span> <span class='ocrx_word' id='word_1_227' title='bbox 1284 3497 1319 3558; x_wconf 91' lang='lat' dir='ltr'><strong>et</strong></span> <span class='ocrx_word' id='word_1_228' title='bbox 1336 3485 1422 3558; x_wconf 91' lang='lat' dir='ltr'><strong>socii</strong></span> <span class='ocrx_word' id='word_1_229' title='bbox 1435 3485 1472 3556; x_wconf 96' lang='lat' dir='ltr'><strong>in</strong></span> <span class='ocrx_word' id='word_1_230' title='bbox 1485 3482 1582 3555; x_wconf 70' lang='lat' dir='ltr'><strong>*launo</strong></span> <span class='ocrx_word' id='word_1_231' title='bbox 1597 3483 1651 3579; x_wconf 77' lang='lat' dir='ltr'><strong>(s)</strong></span> <span class='ocrx_word' id='word_1_232' title='bbox 1666 3484 1810 3556; x_wconf 90' lang='lat' dir='ltr'><strong>modum</strong></span> <span class='ocrx_word' id='word_1_233' title='bbox 1828 3503 1908 3554; x_wconf 89' lang='lat' dir='ltr'><strong>cum</strong></span> <span class='ocrx_word' id='word_1_234' title='bbox 1928 3483 1996 3554; x_wconf 93' lang='lat' dir='ltr'><strong>im·</strong></span> 
     </span>
     <span class='ocr_line' id='line_1_25' title="bbox 573 3605 1990 3706; baseline -0.004 -23"><span class='ocrx_word' id='word_1_235' title='bbox 573 3617 730 3706; x_wconf 88' lang='lat' dir='ltr'><strong>peratore</strong></span> <span class='ocrx_word' id='word_1_236' title='bbox 740 3619 974 3682; x_wconf 83' lang='lat' dir='ltr'><strong>tractaverunt</strong></span> <span class='ocrx_word' id='word_1_237' title='bbox 988 3635 997 3679; x_wconf 74' lang='grc' dir='ltr'><strong>ι</strong></span> <span class='ocrx_word' id='word_1_238' title='bbox 1009 3608 1275 3702; x_wconf 88' lang='lat' dir='ltr'><strong>videlicetquod</strong></span> <span class='ocrx_word' id='word_1_239' title='bbox 1290 3609 1475 3704; x_wconf 86' lang='lat' dir='ltr'><strong>imperator</strong></span> <span class='ocrx_word' id='word_1_240' title='bbox 1487 3606 1610 3680; x_wconf 88' lang='lat' dir='ltr'><strong>debuit</strong></span> <span class='ocrx_word' id='word_1_241' title='bbox 1622 3606 1803 3680; x_wconf 85' lang='lat' dir='ltr'><strong>demittere</strong></span> <span class='ocrx_word' id='word_1_242' title='bbox 1814 3605 1990 3678; x_wconf 86' lang='lat' dir='ltr'><strong>civitatem</strong></span> 
     </span>
     <span class='ocr_line' id='line_1_26' title="bbox 574 3729 1995 3827; baseline -0.005 -21"><span class='ocrx_word' id='word_1_243' title='bbox 574 3741 610 3806; x_wconf 87' lang='lat' dir='ltr'><strong>el</strong></span> <span class='ocrx_word' id='word_1_244' title='bbox 630 3731 847 3806; x_wconf 83' lang='lat' dir='ltr'><strong>fortitudines</strong></span> <span class='ocrx_word' id='word_1_245' title='bbox 862 3730 1012 3804; x_wconf 89' lang='lat' dir='ltr'><strong>civitatis</strong></span> <span class='ocrx_word' id='word_1_246' title='bbox 1030 3733 1066 3803; x_wconf 95' lang='lat' dir='ltr'><strong>in</strong></span> <span class='ocrx_word' id='word_1_247' title='bbox 1082 3753 1146 3804; x_wconf 90' lang='lat' dir='ltr'><strong>suo</strong></span> <span class='ocrx_word' id='word_1_248' title='bbox 1160 3742 1272 3826; x_wconf 89' lang='lat' dir='ltr'><strong>statu,</strong></span> <span class='ocrx_word' id='word_1_249' title='bbox 1288 3735 1368 3826; x_wconf 76' lang='lat' dir='ltr'><strong>Jura</strong></span> <span class='ocrx_word' id='word_1_250' title='bbox 1394 3732 1537 3827; x_wconf 87' lang='lat' dir='ltr'><strong>qnidam</strong></span> <span class='ocrx_word' id='word_1_251' title='bbox 1557 3741 1593 3804; x_wconf 93' lang='lat' dir='ltr'><strong>et</strong></span> <span class='ocrx_word' id='word_1_252' title='bbox 1610 3731 1840 3826; x_wconf 85' lang='lat' dir='ltr'><strong>possessiones</strong></span> <span class='ocrx_word' id='word_1_253' title='bbox 1856 3729 1995 3801; x_wconf 86' lang='lat' dir='ltr'><strong>uiribus</strong></span> 
     </span>
     <span class='ocr_line' id='line_1_27' title="bbox 573 3853 1995 3952; baseline -0.005 -22"><span class='ocrx_word' id='word_1_254' title='bbox 573 3855 760 3930; x_wconf 85' lang='lat' dir='ltr'><strong>Mediolani</strong></span> <span class='ocrx_word' id='word_1_255' title='bbox 787 3855 904 3950; x_wconf 86' lang='lat' dir='ltr'><strong>quiete</strong></span> <span class='ocrx_word' id='word_1_256' title='bbox 934 3854 1118 3929; x_wconf 86' lang='lat' dir='ltr'><strong>dimittere.</strong></span> <span class='ocrx_word' id='word_1_257' title='bbox 1148 3857 1304 3952; x_wconf 85' lang='lat' dir='ltr'><strong>Cumque</strong></span> <span class='ocrx_word' id='word_1_258' title='bbox 1334 3857 1398 3929; x_wconf 92' lang='lat' dir='ltr'><strong>hec</strong></span> <span class='ocrx_word' id='word_1_259' title='bbox 1424 3855 1473 3952; x_wconf 75' lang='lat' dir='ltr'><strong>(q)</strong></span> <span class='ocrx_word' id='word_1_260' title='bbox 1497 3863 1723 3928; x_wconf 85' lang='lat' dir='ltr'><strong>tractarentur</strong></span> <span class='ocrx_word' id='word_1_261' title='bbox 1749 3863 1783 3928; x_wconf 91' lang='lat' dir='ltr'><strong>et</strong></span> <span class='ocrx_word' id='word_1_262' title='bbox 1806 3853 1995 3948; x_wconf 83' lang='lat' dir='ltr'><strong>imperator</strong></span> 
     </span>
    </p>
   </div>
   <div class='ocr_carea' id='block_1_4' title="bbox 573 4015 1989 4835">
    <p class='ocr_par' dir='ltr' id='par_1_4' title="bbox 618 4015 1138 4096">
     <span class='ocr_line' id='line_1_28' title="bbox 618 4015 1138 4096; baseline 0.006 -20"><span class='ocrx_word' id='word_1_263' title='bbox 618 4015 659 4096; x_wconf 85' lang='lat' dir='ltr'><strong>(a)</strong></span> <span class='ocrx_word' id='word_1_264' title='bbox 682 4017 731 4078; x_wconf 88' lang='lat' dir='ltr'><strong>Sle</strong></span> <span class='ocrx_word' id='word_1_265' title='bbox 744 4019 776 4075; x_wconf 89' lang='lat' dir='ltr'><strong>ln</strong></span> <span class='ocrx_word' id='word_1_266' title='bbox 790 4017 890 4078; x_wconf 85' lang='lat' dir='ltr'><strong>codice</strong></span> <span class='ocrx_word' id='word_1_267' title='bbox 901 4033 955 4095; x_wconf 83' lang='lat' dir='ltr'><strong>pro</strong></span> <span class='ocrx_word' id='word_1_268' title='bbox 967 4015 1138 4080; x_wconf 80' lang='lat' dir='ltr'><strong>llotrulurc.</strong></span> 
     </span>
    </p>

    <p class='ocr_par' dir='ltr' id='par_1_5' title="bbox 615 4120 951 4200">
     <span class='ocr_line' id='line_1_29' title="bbox 615 4120 951 4200; baseline 0 -18"><span class='ocrx_word' id='word_1_269' title='bbox 615 4120 657 4200; x_wconf 81' lang='lat' dir='ltr'><strong>(b)</strong></span> <span class='ocrx_word' id='word_1_270' title='bbox 683 4121 717 4182; x_wconf 91' lang='lat' dir='ltr'><strong>ln</strong></span> <span class='ocrx_word' id='word_1_271' title='bbox 731 4121 832 4182; x_wconf 89' lang='lat' dir='ltr'><strong>codice</strong></span> <span class='ocrx_word' id='word_1_272' title='bbox 845 4138 951 4184; x_wconf 70' lang='lat' dir='ltr'><strong>umam.</strong></span> 
     </span>
    </p>

    <p class='ocr_par' dir='ltr' id='par_1_6' title="bbox 614 4215 968 4309">
     <span class='ocr_line' id='line_1_30' title="bbox 614 4215 968 4309; baseline 0.003 -21"><span class='ocrx_word' id='word_1_273' title='bbox 614 4227 654 4309; x_wconf 83' lang='lat' dir='ltr'><strong>(c)</strong></span> <span class='ocrx_word' id='word_1_274' title='bbox 679 4229 719 4289; x_wconf 88' lang='lat' dir='ltr'><strong>ln</strong></span> <span class='ocrx_word' id='word_1_275' title='bbox 729 4215 829 4289; x_wconf 86' lang='lat' dir='ltr'><strong>codice</strong></span> <span class='ocrx_word' id='word_1_276' title='bbox 842 4223 968 4289; x_wconf 67' lang='lat' dir='ltr'><strong>Meae.</strong></span> 
     </span>
    </p>

    <p class='ocr_par' dir='ltr' id='par_1_7' title="bbox 616 4331 1029 4414">
     <span class='ocr_line' id='line_1_31' title="bbox 616 4331 1029 4414; baseline -0.002 -20"><span class='ocrx_word' id='word_1_277' title='bbox 616 4331 660 4414; x_wconf 85' lang='lat' dir='ltr'><strong>(d)</strong></span> <span class='ocrx_word' id='word_1_278' title='bbox 682 4335 717 4394; x_wconf 87' lang='lat' dir='ltr'><strong>In</strong></span> <span class='ocrx_word' id='word_1_279' title='bbox 730 4331 831 4393; x_wconf 85' lang='lat' dir='ltr'><strong>codice</strong></span> <span class='ocrx_word' id='word_1_280' title='bbox 843 4331 1029 4394; x_wconf 63' lang='lat' dir='ltr'><strong>mabuntur.</strong></span> 
     </span>
    </p>

    <p class='ocr_par' dir='ltr' id='par_1_8' title="bbox 573 4433 1989 4607">
     <span class='ocr_line' id='line_1_32' title="bbox 615 4433 1989 4519; baseline -0.004 -21"><span class='ocrx_word' id='word_1_281' title='bbox 615 4435 654 4519; x_wconf 81' lang='grc' dir='ltr'><strong>(ι)</strong></span> <span class='ocrx_word' id='word_1_282' title='bbox 680 4439 718 4498; x_wconf 92' lang='lat' dir='ltr'><strong>ln</strong></span> <span class='ocrx_word' id='word_1_283' title='bbox 731 4437 832 4498; x_wconf 89' lang='lat' dir='ltr'><strong>codloe</strong></span> <span class='ocrx_word' id='word_1_284' title='bbox 852 4443 896 4508; x_wconf 80' lang='lat' dir='ltr'><strong>st,</strong></span> <span class='ocrx_word' id='word_1_285' title='bbox 911 4439 1012 4500; x_wconf 84' lang='lat' dir='ltr'><strong>addito</strong></span> <span class='ocrx_word' id='word_1_286' title='bbox 1025 4445 1140 4501; x_wconf 84' lang='lat' dir='ltr'><strong>tantum</strong></span> <span class='ocrx_word' id='word_1_287' title='bbox 1153 4439 1279 4518; x_wconf 79' lang='lat' dir='ltr'><strong>paruulo</strong></span> <span class='ocrx_word' id='word_1_288' title='bbox 1292 4439 1377 4518; x_wconf 75' lang='lat' dir='ltr'><strong>signo</strong></span> <span class='ocrx_word' id='word_1_289' title='bbox 1389 4437 1470 4516; x_wconf 86' lang='lat' dir='ltr'><strong>quod</strong></span> <span class='ocrx_word' id='word_1_290' title='bbox 1483 4444 1570 4500; x_wconf 85' lang='lat' dir='ltr'><strong>sonat</strong></span> <span class='ocrx_word' id='word_1_291' title='bbox 1581 4453 1629 4498; x_wconf 83' lang='lat' dir='ltr'><strong>ur.</strong></span> <span class='ocrx_word' id='word_1_292' title='bbox 1643 4437 1680 4498; x_wconf 87' lang='lat' dir='ltr'><strong>ln</strong></span> <span class='ocrx_word' id='word_1_293' title='bbox 1693 4433 1765 4496; x_wconf 89' lang='lat' dir='ltr'><strong>cod.</strong></span> <span class='ocrx_word' id='word_1_294' title='bbox 1781 4435 1876 4497; x_wconf 84' lang='lat' dir='ltr'><strong>Paris.</strong></span> <span class='ocrx_word' id='word_1_295' title='bbox 1892 4439 1923 4494; x_wconf 86' lang='lat' dir='ltr'><strong>et</strong></span> <span class='ocrx_word' id='word_1_296' title='bbox 1938 4449 1989 4510; x_wconf 85' lang='lat' dir='ltr'><strong>ap.</strong></span> 
     </span>
     <span class='ocr_line' id='line_1_33' title="bbox 573 4542 1078 4607; baseline -0.002 0"><span class='ocrx_word' id='word_1_297' title='bbox 573 4545 719 4607; x_wconf 80' lang='lat' dir='ltr'><strong>Moratur.</strong></span> <span class='ocrx_word' id='word_1_298' title='bbox 735 4542 777 4603; x_wconf 90' lang='lat' dir='ltr'><strong>lbl</strong></span> <span class='ocrx_word' id='word_1_299' title='bbox 790 4549 821 4603; x_wconf 86' lang='lat' dir='ltr'><strong>et</strong></span> <span class='ocrx_word' id='word_1_300' title='bbox 833 4543 1078 4606; x_wconf 66' lang='lat' dir='ltr'><strong>monumentor.</strong></span> 
     </span>
    </p>

    <p class='ocr_par' dir='ltr' id='par_1_9' title="bbox 614 4645 905 4729">
     <span class='ocr_line' id='line_1_34' title="bbox 614 4645 905 4729; baseline 0.01 -22"><span class='ocrx_word' id='word_1_301' title='bbox 614 4645 659 4729; x_wconf 78' lang='lat' dir='ltr'><strong>(s)</strong></span> <span class='ocrx_word' id='word_1_302' title='bbox 682 4649 718 4709; x_wconf 92' lang='lat' dir='ltr'><strong>lu</strong></span> <span class='ocrx_word' id='word_1_303' title='bbox 728 4648 832 4710; x_wconf 88' lang='lat' dir='ltr'><strong>codlce</strong></span> <span class='ocrx_word' id='word_1_304' title='bbox 843 4645 905 4710; x_wconf 82' lang='lat' dir='ltr'><strong>doc.</strong></span> 
     </span>
    </p>

    <p class='ocr_par' dir='ltr' id='par_1_10' title="bbox 616 4752 1090 4835">
     <span class='ocr_line' id='line_1_35' title="bbox 616 4752 1090 4835; baseline 0 -21"><span class='ocrx_word' id='word_1_305' title='bbox 616 4752 657 4835; x_wconf 81' lang='lat'><strong>(9)</strong></span> <span class='ocrx_word' id='word_1_306' title='bbox 681 4753 727 4814; x_wconf 89' lang='lat' dir='ltr'><strong>lbl</strong></span> <span class='ocrx_word' id='word_1_307' title='bbox 741 4771 860 4833; x_wconf 86' lang='lat' dir='ltr'><strong>quoqne</strong></span> <span class='ocrx_word' id='word_1_308' title='bbox 873 4757 905 4816; x_wconf 87' lang='lat' dir='ltr'><strong>ln</strong></span> <span class='ocrx_word' id='word_1_309' title='bbox 917 4755 1017 4817; x_wconf 84' lang='lat' dir='ltr'><strong>codice</strong></span> <span class='ocrx_word' id='word_1_310' title='bbox 1028 4753 1090 4817; x_wconf 77' lang='lat' dir='ltr'><strong>lace.</strong></span> 
     </span>
    </p>
   </div>
   <div class='ocr_carea' id='block_1_5' title="bbox 0 0 2272 6074">
    <p class='ocr_par' dir='ltr' id='par_1_11' title="bbox 0 0 2272 6074">
     <span class='ocr_line' id='line_1_36' title="bbox 0 0 2272 6074; baseline 0 1"><span class='ocrx_word' id='word_1_311' title='bbox 0 0 2272 6074; x_wconf 95' lang='lat' dir='ltr'><strong> </strong></span> 
     </span>
    </p>
   </div>
  </div>
 </body>
</html>
