4568 6064
820 643 860 701 ΙΝ
886 643 1024 702 thiLlA
1049 641 1200 702 (tussis
1667 643 1728 706 38¹1

307 777 408 850 multi
428 778 547 850 occisi.
568 777 630 849 Die
646 777 728 848 lune
747 777 844 850 XXX
858 778 986 850 mensis
1004 778 1158 852 octubris
1172 798 1309 849 summo
1327 798 1430 849 mane
1449 775 1603 850 marchio
1622 779 1729 852 Mon-

308 903 452 976 tisierati
465 903 600 976 babens
617 910 802 974 tractatum
823 925 902 974 cum
919 905 1070 997 Spmone
1087 903 1214 976 Corolo
1236 911 1408 996 potestate
1424 903 1543 996 populi
1569 903 1729 978 Terdone

309 1037 345 1098 et
360 1049 440 1099 cunr
455 1027 632 1122 aliquibus
651 1026 696 1098 de
712 1027 773 1098 illa
791 1027 943 1118 civitate,
965 1027 1108 1100 intravit
1131 1027 1169 1098 16
1187 1026 1361 1098 civitatem
1378 1027 1536 1098 Terdonc
1558 1027 1729 1121 capiendo

310 1151 490 1223 dominum
516 1153 717 1246 episcopum
736 1150 896 1224 Terdone
915 1161 951 1223 et
967 1151 1068 1244 quasi
1086 1171 1208 1224 omnes
1224 1149 1269 1221 (16
1288 1159 1387 1244 parte
1404 1149 1544 1222 illorum
1563 1149 1607 1220 (16
1624 1150 1731 1222 Puteo

309 1277 372 1368 661
390 1288 490 1348 erant
508 1277 543 1346 16
564 1276 721 1350 custodia
745 1275 923 1366 Terdone;
950 1275 995 1347 de
1021 1272 1152 1369 quibus
1177 1274 1269 1369 capti
1293 1275 1434 1345 luerunt
1455 1281 1606 1366 quatuor
1626 1273 1732 1346 velV

309 1399 355 1472 de
374 1401 577 1492 majoribus.
594 1402 638 1472 Et
655 1400 713 1472 die
727 1400 817 1492 jovis
839 1400 930 1474 Villi
951 1401 1080 1472 mensis
1101 1399 1301 1472 novembris
1325 1398 1504 1470 dominum
1530 1398 1733 1492 episcopum

311 1523 471 1596 Terdone
500 1547 607 1618 quem
633 1525 748 1597 dictus
778 1525 931 1598 marchio
960 1523 1107 1598 conduci
1137 1525 1266 1598 lecerat
1293 1523 1339 1596 ad
1371 1521 1550 1616 quoddam
1584 1531 1734 1594 castrum

312 1649 396 1720 dicti
417 1649 550 1720 domini
576 1649 732 1744 episcopi
757 1650 854 1744 quod
879 1649 1085 1744 promiserat
1106 1671 1146 1722 se
1167 1648 1330 1722 daturum
1352 1647 1445 1720 dicto
1471 1646 1612 1720 domino
1638 1669 1734 1720 mar·

313 1771 450 1863 ebioni,
477 1773 576 1867 quod
602 1783 676 1846 erat
698 1773 1329 1868 161666166666616666166166666
1355 1771 1464 1866 ipsius
1493 1770 1628 1844 domini
1653 1771 1736 1866 epi-

311 1897 421 1990 scopi,
443 1919 523 1969 cum
542 1899 591 1968 illi
606 1899 668 1992 qni
685 1898 862 1970 habebant
879 1897 968 1969 illud
988 1897 1024 1967 in
1046 1897 1154 1969 seroie
1168 1898 1287 1971 nolent
1309 1895 1399 1968 illud
1420 1895 1506 1968 dare
1520 1894 1732 1986 marchioni,

313 2020 419 2113 Niger
436 2020 481 2093 de
502 2021 619 2092 Monte
644 2021 751 2094 Merlo
772 2023 925 2115 quierat
945 2021 1110 2092 inimicus
1128 2020 1212 2092 (11611
1236 2019 1368 2092 domini
1388 2015 1543 2114 episcopi
1565 2018 1737 2092 interfecit

316 2153 351 2214 et
369 2145 516 2236 occidit;
535 2156 570 2216 et
593 2145 773 2218 redierunt
796 2145 993 2218 'lerdonam
1016 2155 1051 2218 et
1070 2145 1225 2218 marchio
1249 2166 1288 2216 se
1306 2143 1457 2216 ostendit
1474 2144 1623 2216 multum
1646 2163 1737 2216 mes·

315 2277 390 2338 tum
416 2267 461 2340 de
491 2279 603 2342 morte
636 2270 719 2341 dicti
745 2269 877 2342 domini
912 2271 1067 2366 episcopi
1092 2281 1126 2342 et
1152 2269 1234 2341 lecit
1259 2268 1408 2341 detineri
1437 2267 1661 2340 Guillelmnm
1693 2266 1738 2340 de

315 2392 430 2464 Monte
440 2394 550 2464 Merlo
562 2405 597 2464 61
608 2415 696 2486 6666
708 2401 822 2488 preter
833 2393 947 2488 ipsum
957 2393 1105 2466 credidit
1113 2393 1316 2488 culpabiles,
1326 2413 1415 2487 quos
1426 2413 1547 2465 omnes
1558 2392 1604 2465 ad
1614 2412 1738 2488 preces

316 2515 456 2586 illorum
475 2515 521 2588 (16
540 2525 637 2610 parte
655 2515 815 2590 Terdone
837 2517 1022 2590 relaxavit.
1048 2520 1099 2588 De
1117 2539 1237 2589 mense
1255 2539 1342 2588 vero
1359 2517 1562 2591 novembris
1577 2516 1739 2590 dominus

315 2639 480 2712 Simonus
502 2639 548 2713 de
566 2639 733 2712 Lochario
753 2639 814 2734 qui
836 2641 946 2712 noluit
966 2640 1141 2712 adsentire
1160 2639 1347 2713 concordio
1367 2642 1459 2714 lacto
1477 2661 1539 2736 per
1557 2640 1740 2713 dominum

316 2764 556 2836 marchionem
571 2763 800 2836 Montisierati
826 2771 862 2836 et
880 2763 1051 2837 Cumanos
1069 2773 1149 2834 cum
1167 2763 1234 2835 illis
1252 2763 1297 2836 de
1312 2765 1467 2853 Laturre,
1488 2761 1740 2858 propterquod

317 2886 434 2982 ipsum
456 2895 649 2959 'tenuerunt
674 2889 711 2958 16
740 2888 939 2960 carceribus
966 2887 1003 2958 in
1030 2887 1170 2959 civitate
1197 2885 1405 2976 Mediolani,
1432 2884 1573 2958 intravit
1597 2885 1634 2956 in
1664 2906 1740 2958 cas·

318 3020 410 3081 trum
433 3010 478 3082 de
496 3011 640 3104 Lugano
665 3011 870 3084 rebellando
890 3011 1068 3084 communi
1086 3013 1285 3084 Cumarum.
1315 3011 1589 3085 Mediolanenses
1609 3009 1741 3082 intrin-

318 3133 390 3204 seci
415 3132 499 3205 dant
521 3134 555 3205 ei
577 3157 781 3208 succursum
797 3144 831 3208 61
853 3136 1022 3208 auxilium
1042 3147 1163 3208 contra
1181 3135 1372 3224 Cumanos,
1394 3115 1429 3207 et
1447 3135 1498 3206 sio
1519 3133 1661 3207 videtur
1682 3134 1740 3206 in-

318 3266 420 3352 cepta
431 3281 556 3352 guerra
568 3259 659 3332 inter
671 3282 855 3332 commune
868 3259 1058 3332 Mediolani
1073 3271 1107 3332 et
1120 3281 1305 3332 commune
1317 3260 1517 3348 Cumarum,
1530 3269 1565 3331 et
1578 3259 1740 3332 dominus

319 3383 472 3454 marchio
506 3383 650 3476 adjuvat
682 3383 852 3456 Cumanos
881 3383 1021 3456 etfacit
1046 3394 1250 3479 apparatum
1278 3385 1390 3476 gentis
1419 3383 1526 3456 eundi
1553 3383 1600 3456 ad
1623 3394 1741 3479 partes

319 3505 516 3578 Cumarum.
531 3507 665 3579 Eodem
689 3515 843 3602 ternpore
861 3506 1023 3580 dominus
1037 3529 1126 3603 papa
1144 3508 1312 3582 Martinus
1335 3507 1382 3582 ad
1402 3509 1606 3580 instanciam
1628 3519 1662 3581 et
1683 3531 1739 3583 re·

319 3629 540 3724 quisitionem
575 3630 706 3703 domini
735 3632 827 3724 regis
857 3632 972 3704 Karoli
1002 3634 1121 3706 statuit
1147 3631 1371 3706 vehementer
1398 3633 1589 3728 procedere
1619 3643 1740 3708 contra

319 3775 437 3846 regern
453 3753 711 3848 Aragonensem
728 3777 834 3849 quem
849 3756 1010 3852 deposuit
1028 3756 1074 3830 de
1092 3757 1168 3852 ipso
1187 3779 1310 3850 regno,
1331 3757 1493 3830 videlicet
1514 3755 1613 3852 quod
1636 3757 1741 3832 ordi-

322 3879 420 3948 navit
443 3886 479 3950 61
501 3881 621 3950 statuit
639 3901 801 3972 magnam
825 3890 1006 3954 cruxatam
1023 3903 1085 3977 per
1105 3881 1327 3973 christianos,
1353 3881 1402 3954 ita
1422 3880 1518 3975 quod
1535 3879 1743 3976 generaliter

320 4000 522 4095 predicatur
547 4023 609 4096 per
629 4005 707 4095 ejus
725 4005 871 4076 nuncios
895 4005 1026 4098 ubique
1050 4027 1177 4097 magna
1206 4015 1353 4079 cruxata
1371 4013 1492 4078 contra
1516 4027 1598 4077 eum
1619 4013 1741 4078 61166-

320 4147 395 4196 ram
413 4147 512 4197 suam
526 4147 632 4220 quam
650 4135 762 4218 tenet,
780 4129 962 4202 occasione
980 4129 1064 4222 quia
1080 4129 1154 4224 ipse
1178 4130 1298 4201 Petrus
1315 4129 1360 4204 de
1379 4129 1540 4224 Aragono
1559 4130 1690 4202 invasit
1707 4139 1743 4202 et

322 4249 508 4341 occupavit
522 4259 646 4324 terram
664 4251 800 4324 Soioilie
814 4275 920 4347 quam
935 4252 1097 4325 dominus
1111 4275 1170 4326 rex
1187 4254 1334 4326 Karalus
1347 4254 1488 4328 tenebat
1500 4274 1563 4349 pro
1574 4252 1740 4326 Ecclesia.

323 4372 366 4444 Et
382 4395 531 4467 regnum
551 4383 586 4444 61
603 4385 728 4448 terram
744 4377 855 4472 ipsius
878 4377 972 4470 regis
992 4375 1227 4470 Aragonensis
1252 4378 1350 4452 dedit
1367 4389 1402 4452 et
1423 4377 1596 4454 concessit
1618 4385 1654 4448 et
1674 4384 1743 4448 tra·

325 4495 415 4570 didit
437 4497 511 4591 regi
539 4497 750 4571 Francorum
782 4501 845 4595 qui
876 4509 1064 4593 congregat
1094 4510 1129 4572 et
1154 4501 1237 4572 facit
1262 4502 1458 4573 exercitum
1488 4519 1595 4596 super
1629 4499 1744 4596 ipsum

325 4641 443 4714 regem
471 4621 743 4717 Aragonensern.
770 4624 813 4694 Et
838 4623 884 4694 (16
903 4645 1024 4696 mense
1052 4623 1160 4698 madii
1187 4627 1366 4718 sequentis
1397 4627 1460 4699 ivit
1487 4635 1746 4722 superterram

326 4743 420 4838 regis
443 4743 676 4840 bregonensis
698 4769 779 4820 cnm
806 4748 961 4820 maxima
985 4748 1176 4841 quantitate
1195 4749 1343 4822 militum
1367 4761 1402 4823 et
1424 4750 1692 4823 ballistariorum
1714 4757 1747 4822 61
