<?xml version="1.0" encoding="UTF-8"?>
<!DOCTYPE html PUBLIC "-//W3C//DTD XHTML 1.0 Transitional//EN"
    "http://www.w3.org/TR/xhtml1/DTD/xhtml1-transitional.dtd">
<html xmlns="http://www.w3.org/1999/xhtml" xml:lang="en" lang="en">
 <head>
  <title>
</title>
<meta http-equiv="Content-Type" content="text/html;charset=utf-8" />
  <meta name='ocr-system' content='tesseract 3.04.00' />
  <meta name='ocr-capabilities' content='ocr_page ocr_carea ocr_par ocr_line ocrx_word'/>
</head>
<body>
  <div class='ocr_page' id='page_1' title='image "./chroniconplacen00huilgoog_0399.png"; bbox 0 0 4568 6064; ppageno 0'>
   <div class='ocr_carea' id='block_1_1' title="bbox 592 648 1535 712">
    <p class='ocr_par' dir='ltr' id='par_1_1' title="bbox 592 648 1535 712">
     <span class='ocr_line' id='line_1_1' title="bbox 592 648 1535 712; baseline 0.002 -2"><span class='ocrx_word' id='word_1_1' title='bbox 592 650 653 710; x_wconf 72' lang='lat'><strong>340</strong></span> <span class='ocrx_word' id='word_1_2' title='bbox 1068 648 1306 710; x_wconf 80' lang='lat' dir='ltr'>CHRONICON</span> <span class='ocrx_word' id='word_1_3' title='bbox 1331 652 1383 710; x_wconf 85' lang='lat' dir='ltr'><strong>DE</strong></span> <span class='ocrx_word' id='word_1_4' title='bbox 1407 651 1535 712; x_wconf 79' lang='lat' dir='ltr'><strong>ussus</strong></span> 
     </span>
    </p>
   </div>
   <div class='ocr_carea' id='block_1_2' title="bbox 591 781 2009 1497">
    <p class='ocr_par' dir='ltr' id='par_1_2' title="bbox 591 781 2009 1497">
     <span class='ocr_line' id='line_1_2' title="bbox 592 781 2007 878; baseline -0.001 -22"><span class='ocrx_word' id='word_1_5' title='bbox 592 785 751 856; x_wconf 82' lang='lat' dir='ltr'><strong>ebionem</strong></span> <span class='ocrx_word' id='word_1_6' title='bbox 776 781 1014 854; x_wconf 88' lang='lat' dir='ltr'><strong>ltlontislerati.</strong></span> <span class='ocrx_word' id='word_1_7' title='bbox 1033 781 1186 854; x_wconf 87' lang='lat' dir='ltr'><strong>Marchio</strong></span> <span class='ocrx_word' id='word_1_8' title='bbox 1207 805 1290 856; x_wconf 85' lang='lat' dir='ltr'><strong>vero</strong></span> <span class='ocrx_word' id='word_1_9' title='bbox 1309 786 1530 859; x_wconf 83' lang='lat' dir='ltr'><strong>Montisterati</strong></span> <span class='ocrx_word' id='word_1_10' title='bbox 1550 784 1677 878; x_wconf 78' lang='lat' dir='ltr'>colligit</span> <span class='ocrx_word' id='word_1_11' title='bbox 1699 793 1836 878; x_wconf 80' lang='lat' dir='ltr'><strong>gentem</strong></span> <span class='ocrx_word' id='word_1_12' title='bbox 1853 806 1951 855; x_wconf 88' lang='lat' dir='ltr'><strong>suam</strong></span> <span class='ocrx_word' id='word_1_13' title='bbox 1975 795 2007 856; x_wconf 88' lang='lat' dir='ltr'><strong>et</strong></span> 
     </span>
     <span class='ocr_line' id='line_1_3' title="bbox 591 905 2007 1002; baseline -0.001 -23"><span class='ocrx_word' id='word_1_14' title='bbox 591 907 723 979; x_wconf 88' lang='lat' dir='ltr'><strong>amieos</strong></span> <span class='ocrx_word' id='word_1_15' title='bbox 739 915 772 977; x_wconf 87' lang='lat' dir='ltr'><strong>et</strong></span> <span class='ocrx_word' id='word_1_16' title='bbox 787 906 910 976; x_wconf 87' lang='lat' dir='ltr'><strong>invitat</strong></span> <span class='ocrx_word' id='word_1_17' title='bbox 920 905 1316 979; x_wconf 87' lang='lat' dir='ltr'><strong>homineslllediolaniet</strong></span> <span class='ocrx_word' id='word_1_18' title='bbox 1329 908 1415 980; x_wconf 91' lang='lat' dir='ltr'><strong>alios</strong></span> <span class='ocrx_word' id='word_1_19' title='bbox 1427 911 1503 1002; x_wconf 86' lang='lat' dir='ltr'><strong>ejus</strong></span> <span class='ocrx_word' id='word_1_20' title='bbox 1514 909 1643 982; x_wconf 86' lang='lat' dir='ltr'><strong>amicos</strong></span> <span class='ocrx_word' id='word_1_21' title='bbox 1657 909 1691 979; x_wconf 96' lang='lat' dir='ltr'><strong>in</strong></span> <span class='ocrx_word' id='word_1_22' title='bbox 1704 931 1805 980; x_wconf 91' lang='lat' dir='ltr'><strong>suum</strong></span> <span class='ocrx_word' id='word_1_23' title='bbox 1817 906 2007 980; x_wconf 86' lang='lat' dir='ltr'><strong>suscidium</strong></span> 
     </span>
     <span class='ocr_line' id='line_1_4' title="bbox 592 1029 2009 1126; baseline -0.001 -23"><span class='ocrx_word' id='word_1_24' title='bbox 592 1043 631 1103; x_wconf 93' lang='lat' dir='ltr'><strong>ut</strong></span> <span class='ocrx_word' id='word_1_25' title='bbox 647 1031 720 1102; x_wconf 91' lang='lat' dir='ltr'><strong>suis</strong></span> <span class='ocrx_word' id='word_1_26' title='bbox 739 1031 801 1124; x_wconf 93' lang='lat' dir='ltr'><strong>qui</strong></span> <span class='ocrx_word' id='word_1_27' title='bbox 818 1039 899 1102; x_wconf 91' lang='lat' dir='ltr'><strong>sunt</strong></span> <span class='ocrx_word' id='word_1_28' title='bbox 918 1030 952 1100; x_wconf 94' lang='lat' dir='ltr'><strong>in</strong></span> <span class='ocrx_word' id='word_1_29' title='bbox 967 1031 1100 1101; x_wconf 82' lang='lat' dir='ltr'><strong>torticia</strong></span> <span class='ocrx_word' id='word_1_30' title='bbox 1118 1029 1230 1122; x_wconf 82' lang='lat' dir='ltr'><strong>Aquis</strong></span> <span class='ocrx_word' id='word_1_31' title='bbox 1244 1039 1371 1125; x_wconf 91' lang='lat' dir='ltr'><strong>prestet</strong></span> <span class='ocrx_word' id='word_1_32' title='bbox 1386 1054 1620 1121; x_wconf 89' lang='lat' dir='ltr'><strong>succurssum,</strong></span> <span class='ocrx_word' id='word_1_33' title='bbox 1636 1041 1671 1106; x_wconf 91' lang='lat' dir='ltr'><strong>et</strong></span> <span class='ocrx_word' id='word_1_34' title='bbox 1687 1055 1766 1103; x_wconf 92' lang='lat' dir='ltr'><strong>cum</strong></span> <span class='ocrx_word' id='word_1_35' title='bbox 1783 1053 1853 1102; x_wconf 93' lang='lat' dir='ltr'><strong>non</strong></span> <span class='ocrx_word' id='word_1_36' title='bbox 1870 1040 2009 1126; x_wconf 76' lang='lat' dir='ltr'>possent</span> 
     </span>
     <span class='ocr_line' id='line_1_5' title="bbox 593 1153 2008 1248; baseline -0.002 -21"><span class='ocrx_word' id='word_1_37' title='bbox 593 1155 642 1227; x_wconf 91' lang='lat' dir='ltr'><strong>ibi</strong></span> <span class='ocrx_word' id='word_1_38' title='bbox 663 1153 797 1248; x_wconf 93' lang='lat' dir='ltr'><strong>aliquid</strong></span> <span class='ocrx_word' id='word_1_39' title='bbox 821 1155 932 1225; x_wconf 88' lang='lat' dir='ltr'><strong>lacere</strong></span> <span class='ocrx_word' id='word_1_40' title='bbox 948 1163 1194 1226; x_wconf 87' lang='lat' dir='ltr'><strong>seccesserunt.</strong></span> <span class='ocrx_word' id='word_1_41' title='bbox 1212 1155 1262 1226; x_wconf 87' lang='lat' dir='ltr'><strong>lle</strong></span> <span class='ocrx_word' id='word_1_42' title='bbox 1286 1177 1404 1227; x_wconf 90' lang='lat' dir='ltr'><strong>mense</strong></span> <span class='ocrx_word' id='word_1_43' title='bbox 1423 1177 1506 1228; x_wconf 86' lang='lat' dir='ltr'><strong>vero</strong></span> <span class='ocrx_word' id='word_1_44' title='bbox 1531 1155 1638 1228; x_wconf 88' lang='lat' dir='ltr'><strong>madii</strong></span> <span class='ocrx_word' id='word_1_45' title='bbox 1656 1156 1773 1228; x_wconf 87' lang='lat' dir='ltr'><strong>habito</strong></span> <span class='ocrx_word' id='word_1_46' title='bbox 1793 1163 1938 1226; x_wconf 87' lang='lat' dir='ltr'><strong>tractatu</strong></span> <span class='ocrx_word' id='word_1_47' title='bbox 1956 1155 2008 1224; x_wconf 91' lang='lat' dir='ltr'><strong>in·</strong></span> 
     </span>
     <span class='ocr_line' id='line_1_6' title="bbox 593 1276 2009 1372; baseline 0 -24"><span class='ocrx_word' id='word_1_48' title='bbox 593 1288 771 1350; x_wconf 88' lang='lat' dir='ltr'><strong>traverunt</strong></span> <span class='ocrx_word' id='word_1_49' title='bbox 796 1277 968 1348; x_wconf 88' lang='lat' dir='ltr'><strong>civitatem</strong></span> <span class='ocrx_word' id='word_1_50' title='bbox 997 1276 1110 1368; x_wconf 90' lang='lat' dir='ltr'><strong>Aquie</strong></span> <span class='ocrx_word' id='word_1_51' title='bbox 1136 1287 1170 1348; x_wconf 93' lang='lat' dir='ltr'><strong>et</strong></span> <span class='ocrx_word' id='word_1_52' title='bbox 1199 1278 1288 1350; x_wconf 87' lang='lat' dir='ltr'><strong>lacta</strong></span> <span class='ocrx_word' id='word_1_53' title='bbox 1315 1278 1519 1351; x_wconf 86' lang='lat' dir='ltr'><strong>ossiditione</strong></span> <span class='ocrx_word' id='word_1_54' title='bbox 1545 1281 1636 1352; x_wconf 85' lang='lat' dir='ltr'><strong>circa</strong></span> <span class='ocrx_word' id='word_1_55' title='bbox 1664 1279 1873 1368; x_wconf 84' lang='lat' dir='ltr'><strong>fortiliciam,</strong></span> <span class='ocrx_word' id='word_1_56' title='bbox 1899 1278 2009 1372; x_wconf 81' lang='lat' dir='ltr'><strong>ipsam</strong></span> 
     </span>
     <span class='ocr_line' id='line_1_7' title="bbox 594 1399 2006 1497; baseline 0.001 -25"><span class='ocrx_word' id='word_1_57' title='bbox 594 1402 792 1473; x_wconf 89' lang='lat' dir='ltr'><strong>habuerunt</strong></span> <span class='ocrx_word' id='word_1_58' title='bbox 809 1399 854 1472; x_wconf 89' lang='lat' dir='ltr'><strong>ad</strong></span> <span class='ocrx_word' id='word_1_59' title='bbox 871 1421 989 1472; x_wconf 89' lang='lat' dir='ltr'><strong>eornm</strong></span> <span class='ocrx_word' id='word_1_60' title='bbox 1004 1399 1178 1487; x_wconf 88' lang='lat' dir='ltr'><strong>mandata,</strong></span> <span class='ocrx_word' id='word_1_61' title='bbox 1199 1401 1308 1495; x_wconf 87' lang='lat' dir='ltr'><strong>captis</strong></span> <span class='ocrx_word' id='word_1_62' title='bbox 1325 1403 1485 1474; x_wconf 90' lang='lat' dir='ltr'><strong>omnibus</strong></span> <span class='ocrx_word' id='word_1_63' title='bbox 1501 1403 1561 1495; x_wconf 90' lang='lat' dir='ltr'><strong>qui</strong></span> <span class='ocrx_word' id='word_1_64' title='bbox 1580 1404 1615 1473; x_wconf 94' lang='lat' dir='ltr'><strong>in</strong></span> <span class='ocrx_word' id='word_1_65' title='bbox 1634 1404 1709 1497; x_wconf 90' lang='lat' dir='ltr'><strong>ipsa</strong></span> <span class='ocrx_word' id='word_1_66' title='bbox 1730 1403 1887 1474; x_wconf 86' lang='lat' dir='ltr'><strong>sortilicia</strong></span> <span class='ocrx_word' id='word_1_67' title='bbox 1900 1411 2006 1473; x_wconf 90' lang='lat' dir='ltr'><strong>erant.</strong></span> 
     </span>
    </p>
   </div>
   <div class='ocr_carea' id='block_1_3' title="bbox 593 1522 2101 4711">
    <p class='ocr_par' dir='ltr' id='par_1_3' title="bbox 596 1522 2011 1992">
     <span class='ocr_line' id='line_1_8' title="bbox 644 1522 2010 1620; baseline 0 -26"><span class='ocrx_word' id='word_1_68' title='bbox 644 1525 706 1596; x_wconf 89' lang='lat' dir='ltr'><strong>Die</strong></span> <span class='ocrx_word' id='word_1_69' title='bbox 721 1524 815 1595; x_wconf 87' lang='lat' dir='ltr'><strong>XXll</strong></span> <span class='ocrx_word' id='word_1_70' title='bbox 830 1522 959 1594; x_wconf 81' lang='lat' dir='ltr'>mensis</span> <span class='ocrx_word' id='word_1_71' title='bbox 974 1522 1111 1603; x_wconf 87' lang='lat' dir='ltr'><strong>marcii,</strong></span> <span class='ocrx_word' id='word_1_72' title='bbox 1127 1545 1190 1594; x_wconf 85' lang='lat' dir='ltr'><strong>rex</strong></span> <span class='ocrx_word' id='word_1_73' title='bbox 1205 1525 1355 1596; x_wconf 89' lang='lat' dir='ltr'><strong>Hencius</strong></span> <span class='ocrx_word' id='word_1_74' title='bbox 1369 1526 1429 1618; x_wconf 91' lang='lat' dir='ltr'><strong>qui</strong></span> <span class='ocrx_word' id='word_1_75' title='bbox 1446 1527 1482 1596; x_wconf 90' lang='lat' dir='ltr'><strong>in</strong></span> <span class='ocrx_word' id='word_1_76' title='bbox 1500 1526 1653 1598; x_wconf 92' lang='lat' dir='ltr'><strong>Bononia</strong></span> <span class='ocrx_word' id='word_1_77' title='bbox 1674 1526 1834 1620; x_wconf 88' lang='lat' dir='ltr'><strong>captivus</strong></span> <span class='ocrx_word' id='word_1_78' title='bbox 1848 1525 1907 1596; x_wconf 90' lang='lat' dir='ltr'><strong>diu</strong></span> <span class='ocrx_word' id='word_1_79' title='bbox 1925 1523 2010 1595; x_wconf 89' lang='lat' dir='ltr'><strong>deti-</strong></span> 
     </span>
     <span class='ocr_line' id='line_1_9' title="bbox 596 1645 2010 1742; baseline -0.001 -22"><span class='ocrx_word' id='word_1_80' title='bbox 596 1648 742 1720; x_wconf 87' lang='lat' dir='ltr'><strong>nebatur</strong></span> <span class='ocrx_word' id='word_1_81' title='bbox 759 1647 804 1718; x_wconf 94' lang='lat' dir='ltr'><strong>ab</strong></span> <span class='ocrx_word' id='word_1_82' title='bbox 822 1647 887 1720; x_wconf 91' lang='lat' dir='ltr'><strong>hac</strong></span> <span class='ocrx_word' id='word_1_83' title='bbox 908 1647 986 1716; x_wconf 87' lang='lat' dir='ltr'><strong>luce</strong></span> <span class='ocrx_word' id='word_1_84' title='bbox 1007 1645 1148 1716; x_wconf 85' lang='lat' dir='ltr'><strong>dicessit</strong></span> <span class='ocrx_word' id='word_1_85' title='bbox 1160 1657 1195 1718; x_wconf 88' lang='lat' dir='ltr'><strong>et</strong></span> <span class='ocrx_word' id='word_1_86' title='bbox 1213 1649 1370 1742; x_wconf 90' lang='lat' dir='ltr'><strong>sepultus</strong></span> <span class='ocrx_word' id='word_1_87' title='bbox 1385 1659 1437 1720; x_wconf 90' lang='lat' dir='ltr'><strong>est</strong></span> <span class='ocrx_word' id='word_1_88' title='bbox 1454 1672 1532 1720; x_wconf 89' lang='lat' dir='ltr'><strong>eum</strong></span> <span class='ocrx_word' id='word_1_89' title='bbox 1544 1649 1696 1720; x_wconf 84' lang='lat' dir='ltr'><strong>maximo</strong></span> <span class='ocrx_word' id='word_1_90' title='bbox 1713 1648 1856 1720; x_wconf 91' lang='lat' dir='ltr'><strong>honore.</strong></span> <span class='ocrx_word' id='word_1_91' title='bbox 1880 1646 2010 1719; x_wconf 88' lang='lat' dir='ltr'><strong>Eodem</strong></span> 
     </span>
     <span class='ocr_line' id='line_1_10' title="bbox 597 1771 2011 1866; baseline -0.002 -22"><span class='ocrx_word' id='word_1_92' title='bbox 597 1783 749 1866; x_wconf 90' lang='lat' dir='ltr'><strong>ternpore</strong></span> <span class='ocrx_word' id='word_1_93' title='bbox 771 1771 936 1843; x_wconf 90' lang='lat' dir='ltr'><strong>dominus</strong></span> <span class='ocrx_word' id='word_1_94' title='bbox 964 1771 1174 1843; x_wconf 88' lang='lat' dir='ltr'><strong>Octavianus</strong></span> <span class='ocrx_word' id='word_1_95' title='bbox 1198 1773 1382 1844; x_wconf 86' lang='lat' dir='ltr'><strong>cardinalis</strong></span> <span class='ocrx_word' id='word_1_96' title='bbox 1407 1795 1488 1844; x_wconf 93' lang='lat' dir='ltr'><strong>cum</strong></span> <span class='ocrx_word' id='word_1_97' title='bbox 1519 1773 1582 1846; x_wconf 89' lang='lat' dir='ltr'><strong>iret</strong></span> <span class='ocrx_word' id='word_1_98' title='bbox 1604 1775 1745 1845; x_wconf 83' lang='lat' dir='ltr'><strong>Romam</strong></span> <span class='ocrx_word' id='word_1_99' title='bbox 1769 1793 1848 1844; x_wconf 89' lang='lat' dir='ltr'><strong>cum</strong></span> <span class='ocrx_word' id='word_1_100' title='bbox 1870 1771 2011 1844; x_wconf 90' lang='lat' dir='ltr'><strong>domino</strong></span> 
     </span>
     <span class='ocr_line' id='line_1_11' title="bbox 598 1887 1357 1992; baseline -0.016 -23"><span class='ocrx_word' id='word_1_101' title='bbox 598 1919 688 1992; x_wconf 86' lang='lat' dir='ltr'><strong>papa</strong></span> <span class='ocrx_word' id='word_1_102' title='bbox 704 1896 819 1967; x_wconf 90' lang='lat' dir='ltr'><strong>subito</strong></span> <span class='ocrx_word' id='word_1_103' title='bbox 833 1895 930 1966; x_wconf 86' lang='lat' dir='ltr'><strong>obiit.</strong></span> <span class='ocrx_word' id='word_1_104' title='bbox 1354 1887 1357 1892; x_wconf 82' lang='grc'><strong>’</strong></span> 
     </span>
    </p>

    <p class='ocr_par' dir='ltr' id='par_1_4' title="bbox 593 2015 2101 4588">
     <span class='ocr_line' id='line_1_12' title="bbox 668 2015 2011 2115; baseline -0.001 -25"><span class='ocrx_word' id='word_1_105' title='bbox 668 2017 673 2115; x_wconf 91' lang='grc' dir='ltr'>Ι</span> <span class='ocrx_word' id='word_1_106' title='bbox 697 2020 744 2090; x_wconf 89' lang='grc' dir='ltr'><strong>Μ.</strong></span> <span class='ocrx_word' id='word_1_107' title='bbox 769 2019 833 2090; x_wconf 84' lang='lat' dir='ltr'><strong>CC.</strong></span> <span class='ocrx_word' id='word_1_108' title='bbox 854 2017 1074 2114; x_wconf 78' lang='lat' dir='ltr'><strong>septuaginta</strong></span> <span class='ocrx_word' id='word_1_109' title='bbox 1093 2015 1264 2110; x_wconf 87' lang='lat' dir='ltr'><strong>secundo,</strong></span> <span class='ocrx_word' id='word_1_110' title='bbox 1287 2018 1333 2090; x_wconf 92' lang='lat' dir='ltr'><strong>de</strong></span> <span class='ocrx_word' id='word_1_111' title='bbox 1358 2041 1476 2092; x_wconf 91' lang='lat' dir='ltr'><strong>mense</strong></span> <span class='ocrx_word' id='word_1_112' title='bbox 1499 2041 1583 2091; x_wconf 90' lang='lat' dir='ltr'><strong>vero</strong></span> <span class='ocrx_word' id='word_1_113' title='bbox 1603 2018 1711 2110; x_wconf 87' lang='lat' dir='ltr'><strong>junii,</strong></span> <span class='ocrx_word' id='word_1_114' title='bbox 1736 2017 1898 2090; x_wconf 89' lang='lat' dir='ltr'><strong>dominus</strong></span> <span class='ocrx_word' id='word_1_115' title='bbox 1923 2039 2011 2113; x_wconf 91' lang='lat' dir='ltr'><strong>papa</strong></span> 
     </span>
     <span class='ocr_line' id='line_1_13' title="bbox 599 2140 2013 2242; baseline 0.001 -29"><span class='ocrx_word' id='word_1_116' title='bbox 599 2143 695 2242; x_wconf 87' lang='lat' dir='ltr'><strong>misit</strong></span> <span class='ocrx_word' id='word_1_117' title='bbox 710 2143 745 2213; x_wconf 89' lang='lat' dir='ltr'><strong>in</strong></span> <span class='ocrx_word' id='word_1_118' title='bbox 765 2140 1007 2214; x_wconf 92' lang='lat' dir='ltr'><strong>Lombardiam</strong></span> <span class='ocrx_word' id='word_1_119' title='bbox 1025 2164 1087 2237; x_wconf 92' lang='lat' dir='ltr'><strong>pro</strong></span> <span class='ocrx_word' id='word_1_120' title='bbox 1100 2163 1164 2214; x_wconf 91' lang='lat' dir='ltr'><strong>suo</strong></span> <span class='ocrx_word' id='word_1_121' title='bbox 1181 2145 1292 2236; x_wconf 80' lang='lat' dir='ltr'><strong>legato</strong></span> <span class='ocrx_word' id='word_1_122' title='bbox 1311 2153 1345 2214; x_wconf 91' lang='lat' dir='ltr'><strong>et</strong></span> <span class='ocrx_word' id='word_1_123' title='bbox 1364 2144 1456 2216; x_wconf 89' lang='lat' dir='ltr'><strong>sedis</strong></span> <span class='ocrx_word' id='word_1_124' title='bbox 1471 2143 1655 2238; x_wconf 87' lang='lat' dir='ltr'><strong>apostolice</strong></span> <span class='ocrx_word' id='word_1_125' title='bbox 1671 2141 1851 2214; x_wconf 93' lang='lat' dir='ltr'><strong>dominum</strong></span> <span class='ocrx_word' id='word_1_126' title='bbox 1866 2140 2013 2215; x_wconf 85' lang='lat' dir='ltr'><strong>llicedo·</strong></span> 
     </span>
     <span class='ocr_line' id='line_1_14' title="bbox 599 2263 2012 2360; baseline 0 -24"><span class='ocrx_word' id='word_1_127' title='bbox 599 2265 732 2336; x_wconf 89' lang='lat' dir='ltr'><strong>minum</strong></span> <span class='ocrx_word' id='word_1_128' title='bbox 748 2263 1043 2360; x_wconf 86' lang='lat' dir='ltr'><strong>archiepiscopum</strong></span> <span class='ocrx_word' id='word_1_129' title='bbox 1062 2265 1257 2358; x_wconf 87' lang='lat' dir='ltr'><strong>Aquensem</strong></span> <span class='ocrx_word' id='word_1_130' title='bbox 1274 2265 1324 2360; x_wconf 86' lang='lat' dir='ltr'><strong>(a)</strong></span> <span class='ocrx_word' id='word_1_131' title='bbox 1343 2277 1378 2338; x_wconf 91' lang='lat' dir='ltr'><strong>et</strong></span> <span class='ocrx_word' id='word_1_132' title='bbox 1395 2267 1453 2338; x_wconf 88' lang='lat' dir='ltr'><strong>die</strong></span> <span class='ocrx_word' id='word_1_133' title='bbox 1468 2267 1586 2338; x_wconf 89' lang='lat' dir='ltr'><strong>martis</strong></span> <span class='ocrx_word' id='word_1_134' title='bbox 1597 2266 1676 2337; x_wconf 85' lang='lat' dir='ltr'><strong>XXI</strong></span> <span class='ocrx_word' id='word_1_135' title='bbox 1692 2266 1783 2357; x_wconf 89' lang='lat' dir='ltr'><strong>junii</strong></span> <span class='ocrx_word' id='word_1_136' title='bbox 1797 2266 1965 2359; x_wconf 82' lang='lat' dir='ltr'><strong>applicuit</strong></span> <span class='ocrx_word' id='word_1_137' title='bbox 1978 2265 2012 2336; x_wconf 93' lang='lat' dir='ltr'><strong>in</strong></span> 
     </span>
     <span class='ocr_line' id='line_1_15' title="bbox 597 2381 2101 2484; baseline 0 -24"><span class='ocrx_word' id='word_1_138' title='bbox 597 2389 818 2478; x_wconf 79' lang='lat' dir='ltr'><strong>Placentiam,</strong></span> <span class='ocrx_word' id='word_1_139' title='bbox 835 2399 869 2460; x_wconf 88' lang='lat' dir='ltr'><strong>et</strong></span> <span class='ocrx_word' id='word_1_140' title='bbox 883 2396 960 2483; x_wconf 92' lang='lat' dir='ltr'><strong>post</strong></span> <span class='ocrx_word' id='word_1_141' title='bbox 972 2411 1051 2458; x_wconf 92' lang='lat' dir='ltr'><strong>eum</strong></span> <span class='ocrx_word' id='word_1_142' title='bbox 1069 2399 1241 2460; x_wconf 84' lang='lat' dir='ltr'><strong>venerunt</strong></span> <span class='ocrx_word' id='word_1_143' title='bbox 1254 2389 1330 2460; x_wconf 89' lang='lat' dir='ltr'><strong>CCL</strong></span> <span class='ocrx_word' id='word_1_144' title='bbox 1347 2390 1472 2462; x_wconf 87' lang='lat' dir='ltr'><strong>milites</strong></span> <span class='ocrx_word' id='word_1_145' title='bbox 1486 2401 1520 2462; x_wconf 87' lang='lat' dir='ltr'><strong>et</strong></span> <span class='ocrx_word' id='word_1_146' title='bbox 1536 2390 1776 2462; x_wconf 87' lang='lat' dir='ltr'><strong>Challisterios</strong></span> <span class='ocrx_word' id='word_1_147' title='bbox 1794 2388 1867 2484; x_wconf 85' lang='lat' dir='ltr'><strong>(sic)</strong></span> <span class='ocrx_word' id='word_1_148' title='bbox 1880 2389 2012 2462; x_wconf 93' lang='lat' dir='ltr'><strong>domini</strong></span> <span class='ocrx_word' id='word_1_149' title='bbox 2099 2381 2101 2386; x_wconf 74' lang='grc'><strong>’</strong></span> 
     </span>
     <span class='ocr_line' id='line_1_16' title="bbox 598 2511 2013 2604; baseline 0 -22"><span class='ocrx_word' id='word_1_150' title='bbox 598 2512 686 2604; x_wconf 77' lang='lat' dir='ltr'><strong>regis</strong></span> <span class='ocrx_word' id='word_1_151' title='bbox 711 2512 838 2583; x_wconf 91' lang='lat' dir='ltr'><strong>Karoli.</strong></span> <span class='ocrx_word' id='word_1_152' title='bbox 857 2511 924 2596; x_wconf 89' lang='lat' dir='ltr'><strong>Qui</strong></span> <span class='ocrx_word' id='word_1_153' title='bbox 952 2511 1114 2584; x_wconf 89' lang='lat' dir='ltr'><strong>dominus</strong></span> <span class='ocrx_word' id='word_1_154' title='bbox 1134 2511 1266 2603; x_wconf 81' lang='lat' dir='ltr'><strong>legatus</strong></span> <span class='ocrx_word' id='word_1_155' title='bbox 1292 2512 1350 2584; x_wconf 91' lang='lat' dir='ltr'><strong>die</strong></span> <span class='ocrx_word' id='word_1_156' title='bbox 1366 2513 1458 2604; x_wconf 87' lang='lat' dir='ltr'><strong>jovis</strong></span> <span class='ocrx_word' id='word_1_157' title='bbox 1483 2513 1604 2582; x_wconf 91' lang='lat' dir='ltr'><strong>ultimo</strong></span> <span class='ocrx_word' id='word_1_158' title='bbox 1626 2513 1754 2582; x_wconf 91' lang='lat' dir='ltr'><strong>mensis</strong></span> <span class='ocrx_word' id='word_1_159' title='bbox 1776 2513 1865 2602; x_wconf 88' lang='lat' dir='ltr'><strong>junii</strong></span> <span class='ocrx_word' id='word_1_160' title='bbox 1892 2513 2013 2582; x_wconf 87' lang='lat' dir='ltr'><strong>habuit</strong></span> 
     </span>
     <span class='ocr_line' id='line_1_17' title="bbox 597 2633 2013 2730; baseline 0.001 -25"><span class='ocrx_word' id='word_1_161' title='bbox 597 2637 806 2729; x_wconf 87' lang='lat' dir='ltr'><strong>colloquium</strong></span> <span class='ocrx_word' id='word_1_162' title='bbox 820 2657 881 2730; x_wconf 93' lang='lat' dir='ltr'><strong>pro</strong></span> <span class='ocrx_word' id='word_1_163' title='bbox 899 2634 1136 2728; x_wconf 89' lang='lat' dir='ltr'><strong>componenda</strong></span> <span class='ocrx_word' id='word_1_164' title='bbox 1156 2657 1241 2728; x_wconf 87' lang='lat' dir='ltr'><strong>pace</strong></span> <span class='ocrx_word' id='word_1_165' title='bbox 1258 2657 1336 2706; x_wconf 89' lang='lat' dir='ltr'><strong>oum</strong></span> <span class='ocrx_word' id='word_1_166' title='bbox 1355 2635 1495 2706; x_wconf 91' lang='lat' dir='ltr'><strong>domino</strong></span> <span class='ocrx_word' id='word_1_167' title='bbox 1516 2633 1639 2706; x_wconf 91' lang='lat' dir='ltr'><strong>comite</strong></span> <span class='ocrx_word' id='word_1_168' title='bbox 1655 2634 1819 2707; x_wconf 89' lang='lat' dir='ltr'><strong>Ubertino</strong></span> <span class='ocrx_word' id='word_1_169' title='bbox 1837 2634 2013 2708; x_wconf 83' lang='lat' dir='ltr'><strong>dolando</strong></span> 
     </span>
     <span class='ocr_line' id='line_1_18' title="bbox 593 2757 2013 2853; baseline 0 -23"><span class='ocrx_word' id='word_1_170' title='bbox 593 2760 696 2850; x_wconf 85' lang='lat' dir='ltr'><strong>juxta</strong></span> <span class='ocrx_word' id='word_1_171' title='bbox 715 2761 901 2844; x_wconf 89' lang='lat' dir='ltr'><strong>Zilianum,</strong></span> <span class='ocrx_word' id='word_1_172' title='bbox 918 2767 1038 2852; x_wconf 88' lang='lat' dir='ltr'><strong>petens</strong></span> <span class='ocrx_word' id='word_1_173' title='bbox 1054 2759 1099 2828; x_wconf 90' lang='lat' dir='ltr'><strong>ab</strong></span> <span class='ocrx_word' id='word_1_174' title='bbox 1115 2777 1157 2828; x_wconf 89' lang='lat' dir='ltr'><strong>eo</strong></span> <span class='ocrx_word' id='word_1_175' title='bbox 1173 2770 1210 2827; x_wconf 94' lang='lat' dir='ltr'><strong>ut</strong></span> <span class='ocrx_word' id='word_1_176' title='bbox 1226 2781 1263 2830; x_wconf 91' lang='lat' dir='ltr'><strong>se</strong></span> <span class='ocrx_word' id='word_1_177' title='bbox 1280 2758 1612 2853; x_wconf 88' lang='lat' dir='ltr'><strong>compromitteretin</strong></span> <span class='ocrx_word' id='word_1_178' title='bbox 1631 2757 1811 2830; x_wconf 94' lang='lat' dir='ltr'><strong>dominum</strong></span> <span class='ocrx_word' id='word_1_179' title='bbox 1828 2779 1955 2852; x_wconf 91' lang='lat' dir='ltr'><strong>papam</strong></span> <span class='ocrx_word' id='word_1_180' title='bbox 1969 2758 2013 2830; x_wconf 90' lang='lat' dir='ltr'><strong>de</strong></span> 
     </span>
     <span class='ocr_line' id='line_1_19' title="bbox 596 2881 2014 2976; baseline 0 -22"><span class='ocrx_word' id='word_1_181' title='bbox 596 2883 715 2954; x_wconf 92' lang='lat' dir='ltr'><strong>litibus</strong></span> <span class='ocrx_word' id='word_1_182' title='bbox 730 2904 818 2976; x_wconf 89' lang='lat' dir='ltr'><strong>quas</strong></span> <span class='ocrx_word' id='word_1_183' title='bbox 838 2882 940 2954; x_wconf 87' lang='lat' dir='ltr'><strong>habet</strong></span> <span class='ocrx_word' id='word_1_184' title='bbox 954 2903 1033 2952; x_wconf 93' lang='lat' dir='ltr'><strong>cum</strong></span> <span class='ocrx_word' id='word_1_185' title='bbox 1052 2881 1258 2953; x_wconf 87' lang='lat' dir='ltr'><strong>Placentinis</strong></span> <span class='ocrx_word' id='word_1_186' title='bbox 1279 2882 1488 2974; x_wconf 82' lang='lat' dir='ltr'><strong>intrinsecis,</strong></span> <span class='ocrx_word' id='word_1_187' title='bbox 1512 2892 1547 2954; x_wconf 92' lang='lat' dir='ltr'><strong>et</strong></span> <span class='ocrx_word' id='word_1_188' title='bbox 1560 2883 1750 2954; x_wconf 88' lang='lat' dir='ltr'><strong>cellehratis</strong></span> <span class='ocrx_word' id='word_1_189' title='bbox 1769 2882 1885 2954; x_wconf 87' lang='lat' dir='ltr'><strong>multis</strong></span> <span class='ocrx_word' id='word_1_190' title='bbox 1904 2883 2014 2954; x_wconf 89' lang='lat' dir='ltr'><strong>collo-</strong></span> 
     </span>
     <span class='ocr_line' id='line_1_20' title="bbox 597 3004 2013 3100; baseline 0.001 -24"><span class='ocrx_word' id='word_1_191' title='bbox 597 3006 690 3100; x_wconf 90' lang='lat' dir='ltr'><strong>quiis</strong></span> <span class='ocrx_word' id='word_1_192' title='bbox 706 3005 751 3076; x_wconf 88' lang='lat' dir='ltr'><strong>ad</strong></span> <span class='ocrx_word' id='word_1_193' title='bbox 771 3005 918 3076; x_wconf 87' lang='lat' dir='ltr'><strong>invicem</strong></span> <span class='ocrx_word' id='word_1_194' title='bbox 939 3005 987 3075; x_wconf 94' lang='lat' dir='ltr'><strong>nil</strong></span> <span class='ocrx_word' id='word_1_195' title='bbox 1008 3006 1161 3076; x_wconf 88' lang='lat' dir='ltr'><strong>lecerunt</strong></span> <span class='ocrx_word' id='word_1_196' title='bbox 1177 3004 1222 3076; x_wconf 92' lang='lat' dir='ltr'><strong>de</strong></span> <span class='ocrx_word' id='word_1_197' title='bbox 1240 3027 1339 3100; x_wconf 86' lang='lat' dir='ltr'><strong>pace.</strong></span> <span class='ocrx_word' id='word_1_198' title='bbox 1361 3006 1428 3090; x_wconf 84' lang='lat' dir='ltr'><strong>Qui</strong></span> <span class='ocrx_word' id='word_1_199' title='bbox 1447 3006 1612 3082; x_wconf 57' lang='lat' dir='ltr'><strong>dominus,</strong></span> <span class='ocrx_word' id='word_1_200' title='bbox 1631 3007 1765 3098; x_wconf 79' lang='lat' dir='ltr'><strong>legatus</strong></span> <span class='ocrx_word' id='word_1_201' title='bbox 1788 3007 1850 3099; x_wconf 92' lang='lat' dir='ltr'><strong>qui</strong></span> <span class='ocrx_word' id='word_1_202' title='bbox 1866 3017 1939 3078; x_wconf 91' lang='lat' dir='ltr'><strong>erat</strong></span> <span class='ocrx_word' id='word_1_203' title='bbox 1954 3028 2013 3078; x_wconf 92' lang='lat' dir='ltr'><strong>na·</strong></span> 
     </span>
     <span class='ocr_line' id='line_1_21' title="bbox 598 3128 2013 3224; baseline 0.001 -24"><span class='ocrx_word' id='word_1_204' title='bbox 598 3130 692 3201; x_wconf 87' lang='lat' dir='ltr'><strong>tione</strong></span> <span class='ocrx_word' id='word_1_205' title='bbox 709 3129 930 3202; x_wconf 88' lang='lat' dir='ltr'><strong>Placentinus</strong></span> <span class='ocrx_word' id='word_1_206' title='bbox 946 3128 990 3200; x_wconf 89' lang='lat' dir='ltr'><strong>de</strong></span> <span class='ocrx_word' id='word_1_207' title='bbox 1006 3130 1160 3222; x_wconf 76' lang='lat' dir='ltr'><strong>proienie</strong></span> <span class='ocrx_word' id='word_1_208' title='bbox 1178 3129 1482 3201; x_wconf 77' lang='lat' dir='ltr'><strong>vicedominorum</strong></span> <span class='ocrx_word' id='word_1_209' title='bbox 1497 3131 1629 3202; x_wconf 89' lang='lat' dir='ltr'><strong>amicus</strong></span> <span class='ocrx_word' id='word_1_210' title='bbox 1645 3129 1777 3202; x_wconf 91' lang='lat' dir='ltr'><strong>domini</strong></span> <span class='ocrx_word' id='word_1_211' title='bbox 1794 3131 1884 3224; x_wconf 81' lang='lat' dir='ltr'><strong>regis</strong></span> <span class='ocrx_word' id='word_1_212' title='bbox 1901 3131 2013 3202; x_wconf 89' lang='lat' dir='ltr'><strong>Karoli</strong></span> 
     </span>
     <span class='ocr_line' id='line_1_22' title="bbox 598 3253 2014 3348; baseline 0 -22"><span class='ocrx_word' id='word_1_213' title='bbox 598 3255 736 3326; x_wconf 85' lang='lat' dir='ltr'><strong>nolebat</strong></span> <span class='ocrx_word' id='word_1_214' title='bbox 752 3255 864 3348; x_wconf 89' lang='lat' dir='ltr'><strong>ipsum</strong></span> <span class='ocrx_word' id='word_1_215' title='bbox 882 3254 1061 3324; x_wconf 93' lang='lat' dir='ltr'><strong>dominum</strong></span> <span class='ocrx_word' id='word_1_216' title='bbox 1075 3253 1232 3325; x_wconf 88' lang='lat' dir='ltr'><strong>comitem</strong></span> <span class='ocrx_word' id='word_1_217' title='bbox 1253 3263 1287 3324; x_wconf 90' lang='lat' dir='ltr'><strong>et</strong></span> <span class='ocrx_word' id='word_1_218' title='bbox 1306 3269 1437 3348; x_wconf 90' lang='lat' dir='ltr'><strong>partem</strong></span> <span class='ocrx_word' id='word_1_219' title='bbox 1455 3256 1530 3346; x_wconf 89' lang='lat' dir='ltr'><strong>ejus</strong></span> <span class='ocrx_word' id='word_1_220' title='bbox 1544 3255 1695 3347; x_wconf 89' lang='lat' dir='ltr'><strong>recipere</strong></span> <span class='ocrx_word' id='word_1_221' title='bbox 1711 3253 1778 3324; x_wconf 92' lang='lat' dir='ltr'><strong>nisi</strong></span> <span class='ocrx_word' id='word_1_222' title='bbox 1796 3254 1833 3323; x_wconf 94' lang='lat' dir='ltr'><strong>in</strong></span> <span class='ocrx_word' id='word_1_223' title='bbox 1853 3263 1961 3324; x_wconf 89' lang='lat' dir='ltr'><strong>totum</strong></span> <span class='ocrx_word' id='word_1_224' title='bbox 1979 3275 2014 3326; x_wconf 85' lang='lat' dir='ltr'><strong>sa</strong></span> 
     </span>
     <span class='ocr_line' id='line_1_23' title="bbox 598 3377 2011 3473; baseline 0 -23"><span class='ocrx_word' id='word_1_225' title='bbox 598 3389 632 3450; x_wconf 89' lang='lat' dir='ltr'><strong>et</strong></span> <span class='ocrx_word' id='word_1_226' title='bbox 648 3388 758 3450; x_wconf 88' lang='lat' dir='ltr'><strong>castra</strong></span> <span class='ocrx_word' id='word_1_227' title='bbox 776 3400 841 3450; x_wconf 93' lang='lat' dir='ltr'><strong>sua</strong></span> <span class='ocrx_word' id='word_1_228' title='bbox 858 3377 955 3450; x_wconf 89' lang='lat' dir='ltr'><strong>daret</strong></span> <span class='ocrx_word' id='word_1_229' title='bbox 969 3378 1003 3446; x_wconf 92' lang='lat' dir='ltr'><strong>in</strong></span> <span class='ocrx_word' id='word_1_230' title='bbox 1023 3377 1126 3448; x_wconf 82' lang='lat' dir='ltr'><strong>torcia</strong></span> <span class='ocrx_word' id='word_1_231' title='bbox 1145 3387 1179 3448; x_wconf 90' lang='lat' dir='ltr'><strong>et</strong></span> <span class='ocrx_word' id='word_1_232' title='bbox 1193 3377 1321 3450; x_wconf 91' lang='lat' dir='ltr'><strong>virtute</strong></span> <span class='ocrx_word' id='word_1_233' title='bbox 1336 3379 1434 3450; x_wconf 88' lang='lat' dir='ltr'><strong>istius</strong></span> <span class='ocrx_word' id='word_1_234' title='bbox 1451 3377 1583 3450; x_wconf 92' lang='lat' dir='ltr'><strong>domini</strong></span> <span class='ocrx_word' id='word_1_235' title='bbox 1600 3379 1690 3472; x_wconf 84' lang='lat' dir='ltr'><strong>regis</strong></span> <span class='ocrx_word' id='word_1_236' title='bbox 1708 3389 1742 3449; x_wconf 91' lang='lat' dir='ltr'><strong>et</strong></span> <span class='ocrx_word' id='word_1_237' title='bbox 1759 3377 1887 3450; x_wconf 92' lang='lat' dir='ltr'><strong>domini</strong></span> <span class='ocrx_word' id='word_1_238' title='bbox 1908 3399 2011 3473; x_wconf 87' lang='lat' dir='ltr'><strong>pape;</strong></span> 
     </span>
     <span class='ocr_line' id='line_1_24' title="bbox 599 3499 2015 3596; baseline -0.001 -24"><span class='ocrx_word' id='word_1_239' title='bbox 599 3502 693 3596; x_wconf 90' lang='lat' dir='ltr'><strong>quod</strong></span> <span class='ocrx_word' id='word_1_240' title='bbox 714 3502 861 3574; x_wconf 90' lang='lat' dir='ltr'><strong>condam</strong></span> <span class='ocrx_word' id='word_1_241' title='bbox 881 3499 1043 3572; x_wconf 90' lang='lat' dir='ltr'><strong>dominus</strong></span> <span class='ocrx_word' id='word_1_242' title='bbox 1065 3521 1179 3573; x_wconf 89' lang='lat' dir='ltr'><strong>comes</strong></span> <span class='ocrx_word' id='word_1_243' title='bbox 1197 3503 1310 3573; x_wconf 88' lang='lat' dir='ltr'><strong>lacere</strong></span> <span class='ocrx_word' id='word_1_244' title='bbox 1328 3503 1449 3574; x_wconf 91' lang='lat' dir='ltr'><strong>noluit.</strong></span> <span class='ocrx_word' id='word_1_245' title='bbox 1468 3501 1570 3572; x_wconf 90' lang='lat' dir='ltr'><strong>Unde</strong></span> <span class='ocrx_word' id='word_1_246' title='bbox 1585 3500 1679 3572; x_wconf 91' lang='lat' dir='ltr'><strong>idem</strong></span> <span class='ocrx_word' id='word_1_247' title='bbox 1700 3501 1863 3574; x_wconf 92' lang='lat' dir='ltr'><strong>dominus</strong></span> <span class='ocrx_word' id='word_1_248' title='bbox 1883 3501 2015 3594; x_wconf 82' lang='lat' dir='ltr'><strong>legatus</strong></span> 
     </span>
     <span class='ocr_line' id='line_1_25' title="bbox 600 3622 2013 3721; baseline -0.003 -23"><span class='ocrx_word' id='word_1_249' title='bbox 600 3627 716 3721; x_wconf 92' lang='lat' dir='ltr'><strong>ipsum</strong></span> <span class='ocrx_word' id='word_1_250' title='bbox 734 3625 910 3697; x_wconf 92' lang='lat' dir='ltr'><strong>dominum</strong></span> <span class='ocrx_word' id='word_1_251' title='bbox 929 3626 1087 3696; x_wconf 88' lang='lat' dir='ltr'><strong>comitem</strong></span> <span class='ocrx_word' id='word_1_252' title='bbox 1103 3625 1438 3714; x_wconf 83' lang='lat' dir='ltr'><strong>excommunicavit,</strong></span> <span class='ocrx_word' id='word_1_253' title='bbox 1460 3625 1505 3696; x_wconf 88' lang='lat' dir='ltr'><strong>de</strong></span> <span class='ocrx_word' id='word_1_254' title='bbox 1516 3645 1586 3718; x_wconf 86' lang='lat' dir='ltr'><strong>qua</strong></span> <span class='ocrx_word' id='word_1_255' title='bbox 1602 3623 1960 3696; x_wconf 85' lang='lat' dir='ltr'><strong>excommunicatione</strong></span> <span class='ocrx_word' id='word_1_256' title='bbox 1971 3622 2013 3694; x_wconf 93' lang='lat' dir='ltr'><strong>ad</strong></span> 
     </span>
     <span class='ocr_line' id='line_1_26' title="bbox 601 3747 2014 3844; baseline -0.002 -21"><span class='ocrx_word' id='word_1_257' title='bbox 601 3753 780 3823; x_wconf 92' lang='lat' dir='ltr'><strong>Summum</strong></span> <span class='ocrx_word' id='word_1_258' title='bbox 796 3747 993 3822; x_wconf 84' lang='lat' dir='ltr'><strong>Pontificem</strong></span> <span class='ocrx_word' id='word_1_259' title='bbox 1007 3750 1207 3844; x_wconf 88' lang='lat' dir='ltr'><strong>appellavit.</strong></span> <span class='ocrx_word' id='word_1_260' title='bbox 1225 3749 1290 3833; x_wconf 85' lang='lat' dir='ltr'><strong>Qui</strong></span> <span class='ocrx_word' id='word_1_261' title='bbox 1306 3749 1468 3821; x_wconf 90' lang='lat' dir='ltr'><strong>dominns</strong></span> <span class='ocrx_word' id='word_1_262' title='bbox 1479 3751 1612 3844; x_wconf 82' lang='lat' dir='ltr'><strong>legatus</strong></span> <span class='ocrx_word' id='word_1_263' title='bbox 1629 3770 1708 3820; x_wconf 89' lang='lat' dir='ltr'><strong>cum</strong></span> <span class='ocrx_word' id='word_1_264' title='bbox 1726 3747 1867 3820; x_wconf 88' lang='lat' dir='ltr'><strong>deberet</strong></span> <span class='ocrx_word' id='word_1_265' title='bbox 1880 3747 2014 3820; x_wconf 86' lang='lat' dir='ltr'><strong>venisse</strong></span> 
     </span>
     <span class='ocr_line' id='line_1_27' title="bbox 601 3871 2014 3970; baseline -0.004 -23"><span class='ocrx_word' id='word_1_266' title='bbox 601 3897 663 3970; x_wconf 93' lang='lat' dir='ltr'><strong>pro</strong></span> <span class='ocrx_word' id='word_1_267' title='bbox 682 3875 929 3969; x_wconf 88' lang='lat' dir='ltr'><strong>componendis</strong></span> <span class='ocrx_word' id='word_1_268' title='bbox 942 3874 1086 3968; x_wconf 88' lang='lat' dir='ltr'><strong>pacibus</strong></span> <span class='ocrx_word' id='word_1_269' title='bbox 1102 3873 1190 3945; x_wconf 87' lang='lat' dir='ltr'><strong>inter</strong></span> <span class='ocrx_word' id='word_1_270' title='bbox 1206 3874 1362 3945; x_wconf 85' lang='lat' dir='ltr'><strong>civitates</strong></span> <span class='ocrx_word' id='word_1_271' title='bbox 1376 3873 1598 3964; x_wconf 90' lang='lat' dir='ltr'><strong>Lombardie,</strong></span> <span class='ocrx_word' id='word_1_272' title='bbox 1621 3872 1716 3945; x_wconf 89' lang='lat' dir='ltr'><strong>venit</strong></span> <span class='ocrx_word' id='word_1_273' title='bbox 1733 3881 1864 3942; x_wconf 89' lang='lat' dir='ltr'><strong>tantum</strong></span> <span class='ocrx_word' id='word_1_274' title='bbox 1882 3871 1929 3942; x_wconf 92' lang='lat' dir='ltr'><strong>ad</strong></span> <span class='ocrx_word' id='word_1_275' title='bbox 1947 3894 2014 3943; x_wconf 95' lang='lat' dir='ltr'><strong>au-</strong></span> 
     </span>
     <span class='ocr_line' id='line_1_28' title="bbox 602 3994 2014 4096; baseline -0.004 -26"><span class='ocrx_word' id='word_1_276' title='bbox 602 3998 755 4091; x_wconf 81' lang='lat' dir='ltr'><strong>gendum</strong></span> <span class='ocrx_word' id='word_1_277' title='bbox 781 3997 971 4070; x_wconf 92' lang='lat' dir='ltr'><strong>dominium</strong></span> <span class='ocrx_word' id='word_1_278' title='bbox 995 4007 1029 4068; x_wconf 90' lang='lat' dir='ltr'><strong>et</strong></span> <span class='ocrx_word' id='word_1_279' title='bbox 1053 3997 1246 4090; x_wconf 82' lang='lat' dir='ltr'><strong>segnoriam</strong></span> <span class='ocrx_word' id='word_1_280' title='bbox 1272 3997 1416 4091; x_wconf 86' lang='lat' dir='ltr'><strong>predicti</strong></span> <span class='ocrx_word' id='word_1_281' title='bbox 1441 3997 1573 4069; x_wconf 94' lang='lat' dir='ltr'><strong>domini</strong></span> <span class='ocrx_word' id='word_1_282' title='bbox 1598 3997 1688 4090; x_wconf 80' lang='lat' dir='ltr'><strong>regis</strong></span> <span class='ocrx_word' id='word_1_283' title='bbox 1711 3994 1826 4096; x_wconf 88' lang='lat' dir='ltr'><strong>Karoli</strong></span> <span class='ocrx_word' id='word_1_284' title='bbox 1853 3995 1889 4064; x_wconf 96' lang='lat' dir='ltr'><strong>in</strong></span> <span class='ocrx_word' id='word_1_285' title='bbox 1914 3997 2014 4066; x_wconf 87' lang='lat' dir='ltr'><strong>Lom-</strong></span> 
     </span>
     <span class='ocr_line' id='line_1_29' title="bbox 602 4118 2014 4216; baseline -0.004 -22"><span class='ocrx_word' id='word_1_286' title='bbox 602 4122 723 4194; x_wconf 85' lang='lat' dir='ltr'><strong>hardia</strong></span> <span class='ocrx_word' id='word_1_287' title='bbox 749 4130 783 4194; x_wconf 92' lang='lat' dir='ltr'><strong>et</strong></span> <span class='ocrx_word' id='word_1_288' title='bbox 806 4121 851 4193; x_wconf 88' lang='lat' dir='ltr'><strong>nd</strong></span> <span class='ocrx_word' id='word_1_289' title='bbox 873 4121 1131 4216; x_wconf 87' lang='lat' dir='ltr'><strong>provocandum</strong></span> <span class='ocrx_word' id='word_1_290' title='bbox 1167 4121 1321 4193; x_wconf 90' lang='lat' dir='ltr'><strong>homines</strong></span> <span class='ocrx_word' id='word_1_291' title='bbox 1343 4121 1531 4193; x_wconf 89' lang='lat' dir='ltr'><strong>llediolani</strong></span> <span class='ocrx_word' id='word_1_292' title='bbox 1563 4119 1608 4192; x_wconf 93' lang='lat' dir='ltr'><strong>ad</strong></span> <span class='ocrx_word' id='word_1_293' title='bbox 1637 4141 1797 4214; x_wconf 77' lang='lat' dir='ltr'><strong>guerram</strong></span> <span class='ocrx_word' id='word_1_294' title='bbox 1824 4118 2014 4191; x_wconf 81' lang='lat' dir='ltr'><strong>faciendam</strong></span> 
     </span>
     <span class='ocr_line' id='line_1_30' title="bbox 603 4242 2013 4340; baseline -0.004 -20"><span class='ocrx_word' id='word_1_295' title='bbox 603 4247 802 4320; x_wconf 89' lang='lat' dir='ltr'><strong>hominibus</strong></span> <span class='ocrx_word' id='word_1_296' title='bbox 818 4247 922 4340; x_wconf 89' lang='lat' dir='ltr'><strong>Papie</strong></span> <span class='ocrx_word' id='word_1_297' title='bbox 941 4256 975 4318; x_wconf 93' lang='lat' dir='ltr'><strong>et</strong></span> <span class='ocrx_word' id='word_1_298' title='bbox 993 4245 1148 4340; x_wconf 88' lang='lat' dir='ltr'><strong>predicto</strong></span> <span class='ocrx_word' id='word_1_299' title='bbox 1165 4245 1305 4317; x_wconf 91' lang='lat' dir='ltr'><strong>domino</strong></span> <span class='ocrx_word' id='word_1_300' title='bbox 1326 4246 1458 4332; x_wconf 89' lang='lat' dir='ltr'><strong>comiti,</strong></span> <span class='ocrx_word' id='word_1_301' title='bbox 1480 4254 1514 4317; x_wconf 89' lang='lat' dir='ltr'><strong>et</strong></span> <span class='ocrx_word' id='word_1_302' title='bbox 1538 4244 1695 4316; x_wconf 92' lang='lat' dir='ltr'><strong>homines</strong></span> <span class='ocrx_word' id='word_1_303' title='bbox 1711 4243 1897 4316; x_wconf 89' lang='lat' dir='ltr'><strong>Mediolani</strong></span> <span class='ocrx_word' id='word_1_304' title='bbox 1922 4242 2013 4314; x_wconf 86' lang='lat' dir='ltr'><strong>lede-</strong></span> 
     </span>
     <span class='ocr_line' id='line_1_31' title="bbox 604 4368 2013 4466; baseline -0.004 -26"><span class='ocrx_word' id='word_1_305' title='bbox 604 4373 692 4442; x_wconf 85' lang='lat' dir='ltr'><strong>ravit</strong></span> <span class='ocrx_word' id='word_1_306' title='bbox 718 4393 797 4442; x_wconf 89' lang='lat' dir='ltr'><strong>oum</strong></span> <span class='ocrx_word' id='word_1_307' title='bbox 827 4370 920 4441; x_wconf 91' lang='lat' dir='ltr'><strong>dicto</strong></span> <span class='ocrx_word' id='word_1_308' title='bbox 951 4369 1092 4442; x_wconf 92' lang='lat' dir='ltr'><strong>domino</strong></span> <span class='ocrx_word' id='word_1_309' title='bbox 1119 4390 1199 4460; x_wconf 80' lang='lat' dir='ltr'><strong>rege</strong></span> <span class='ocrx_word' id='word_1_310' title='bbox 1228 4368 1412 4462; x_wconf 86' lang='lat' dir='ltr'><strong>usquead</strong></span> <span class='ocrx_word' id='word_1_311' title='bbox 1441 4369 1597 4466; x_wconf 88' lang='lat' dir='ltr'><strong>quinque</strong></span> <span class='ocrx_word' id='word_1_312' title='bbox 1623 4389 1745 4440; x_wconf 90' lang='lat' dir='ltr'><strong>annos.</strong></span> <span class='ocrx_word' id='word_1_313' title='bbox 1772 4368 2013 4438; x_wconf 86' lang='lat' dir='ltr'><strong>Verumtamen</strong></span> 
     </span>
     <span class='ocr_line' id='line_1_32' title="bbox 603 4490 2010 4588; baseline -0.004 -23"><span class='ocrx_word' id='word_1_314' title='bbox 603 4493 759 4565; x_wconf 88' lang='lat' dir='ltr'><strong>homines</strong></span> <span class='ocrx_word' id='word_1_315' title='bbox 777 4494 957 4566; x_wconf 87' lang='lat' dir='ltr'><strong>Mediolani</strong></span> <span class='ocrx_word' id='word_1_316' title='bbox 979 4501 1158 4588; x_wconf 87' lang='lat' dir='ltr'><strong>propterea</strong></span> <span class='ocrx_word' id='word_1_317' title='bbox 1181 4493 1368 4563; x_wconf 90' lang='lat' dir='ltr'><strong>noluerunt</strong></span> <span class='ocrx_word' id='word_1_318' title='bbox 1393 4494 1504 4566; x_wconf 86' lang='lat' dir='ltr'><strong>facere</strong></span> <span class='ocrx_word' id='word_1_319' title='bbox 1525 4513 1686 4586; x_wconf 81' lang='lat' dir='ltr'><strong>guerram</strong></span> <span class='ocrx_word' id='word_1_320' title='bbox 1708 4491 1883 4564; x_wconf 89' lang='lat' dir='ltr'><strong>communi</strong></span> <span class='ocrx_word' id='word_1_321' title='bbox 1902 4490 2010 4584; x_wconf 90' lang='lat' dir='ltr'><strong>Papie.</strong></span> 
     </span>
    </p>

    <p class='ocr_par' dir='ltr' id='par_1_5' title="bbox 653 4599 2015 4711">
     <span class='ocr_line' id='line_1_33' title="bbox 653 4599 2015 4711; baseline -0.004 -23"><span class='ocrx_word' id='word_1_322' title='bbox 653 4618 715 4688; x_wconf 88' lang='lat' dir='ltr'><strong>Die</strong></span> <span class='ocrx_word' id='word_1_323' title='bbox 730 4617 864 4690; x_wconf 87' lang='lat' dir='ltr'><strong>veneris</strong></span> <span class='ocrx_word' id='word_1_324' title='bbox 878 4599 988 4688; x_wconf 85' lang='lat' dir='ltr'><strong>XXlll</strong></span> <span class='ocrx_word' id='word_1_325' title='bbox 1000 4616 1129 4688; x_wconf 90' lang='lat' dir='ltr'><strong>mensis</strong></span> <span class='ocrx_word' id='word_1_326' title='bbox 1137 4617 1229 4708; x_wconf 89' lang='lat' dir='ltr'><strong>julii,</strong></span> <span class='ocrx_word' id='word_1_327' title='bbox 1241 4615 1477 4688; x_wconf 86' lang='lat' dir='ltr'><strong>Terdonenses</strong></span> <span class='ocrx_word' id='word_1_328' title='bbox 1491 4615 1762 4711; x_wconf 89' lang='lat' dir='ltr'><strong>repudiaverunt</strong></span> <span class='ocrx_word' id='word_1_329' title='bbox 1775 4613 1970 4710; x_wconf 85' lang='lat' dir='ltr'><strong>dominium</strong></span> <span class='ocrx_word' id='word_1_330' title='bbox 1983 4621 2015 4684; x_wconf 91' lang='lat' dir='ltr'><strong>et</strong></span> 
     </span>
    </p>
   </div>
   <div class='ocr_carea' id='block_1_4' title="bbox 647 4763 1019 4849">
    <p class='ocr_par' dir='ltr' id='par_1_6' title="bbox 647 4763 1019 4849">
     <span class='ocr_line' id='line_1_34' title="bbox 647 4763 1019 4849; baseline 0.005 -23"><span class='ocrx_word' id='word_1_331' title='bbox 647 4766 686 4845; x_wconf 85' lang='lat' dir='ltr'><strong>(a)</strong></span> <span class='ocrx_word' id='word_1_332' title='bbox 710 4771 744 4829; x_wconf 95' lang='lat' dir='ltr'><strong>ln</strong></span> <span class='ocrx_word' id='word_1_333' title='bbox 758 4769 857 4830; x_wconf 88' lang='lat' dir='ltr'><strong>codice</strong></span> <span class='ocrx_word' id='word_1_334' title='bbox 870 4763 1019 4849; x_wconf 76' lang='lat' dir='ltr'><strong>Aquilam.</strong></span> 
     </span>
    </p>
   </div>
   <div class='ocr_carea' id='block_1_5' title="bbox 0 0 2309 6064">
    <p class='ocr_par' dir='ltr' id='par_1_7' title="bbox 0 0 2309 6064">
     <span class='ocr_line' id='line_1_35' title="bbox 0 0 2309 6064; baseline 0 0"><span class='ocrx_word' id='word_1_335' title='bbox 0 0 2309 6064; x_wconf 95' lang='lat' dir='ltr'><strong> </strong></span> 
     </span>
    </p>
   </div>
  </div>
 </body>
</html>
