4594 6066
807 665 849 726 ΙΝ
873 663 1015 726 ΙΤΑΗΑ
1038 663 1188 728 ennete
1647 665 1711 728 238

336 807 362 898 i
380 805 455 898 ugo
473 800 646 876 Iohannes
665 797 710 874 de
727 797 885 874 Ydronto
900 799 950 898 (a)
969 799 1169 896 subscripsi.

337 925 456 1022 J[ligo
477 924 665 998 Nicbolaus
692 923 827 1019 imperii
850 925 1006 998 notarius
1029 923 1217 1020 subscripsi
1240 933 1276 998 et
1295 944 1437 1020 presens
1466 931 1710 997 testamentum

287 1073 396 1124 manu
411 1046 617 1144 subscripsi.
1269 1113 1285 1124 ,

359 1169 366 1270 Ι
388 1173 426 1244 ln
445 1171 607 1268 proximo
621 1189 740 1244 mense
753 1169 872 1242 marcii
884 1169 1011 1244 milites
1019 1170 1208 1245 Placentini
1222 1169 1276 1266 (i)
1292 1191 1355 1267 pro
1364 1170 1593 1264 majoripurto
1610 1179 1710 1244 extra
1745 1189 1909 1234 rasisse.

289 1297 466 1370 ciuitatem
486 1303 660 1369 exeuntes
679 1294 928 1368 rebelaverunt
953 1293 1086 1366 civitati
1113 1291 1272 1366 iaciendo
1296 1291 1346 1390 (b)
1373 1293 1515 1366 comites
1536 1291 1583 1366 de
1605 1290 1710 1366 Bardi

286 1438 367 1494 esse
379 1419 525 1494 rebelles
539 1417 684 1508 ciuitati,
695 1413 892 1512 expelendo
905 1414 1129 1488 Ubertucium
1146 1413 1192 1488 dc
1206 1415 1383 1510 Niquitale
1393 1425 1429 1490 et
1443 1418 1521 1509 ejus
1536 1415 1710 1490 nomnium

287 1552 493 1640 potestatem
509 1541 610 1614 vallis
628 1539 711 1614 Ccui
728 1538 774 1614 de
790 1538 907 1614 llochu
924 1537 1050 1629 Bardi3
1064 1547 1183 1612 contra
1197 1559 1287 1634 quos
1303 1539 1453 1614 Uberius
1470 1537 1520 1614 de
1535 1537 1711 1637 Niquitate

287 1675 442 1765 potestas
467 1664 663 1740 communis
687 1663 781 1738 misit
805 1662 857 1736 CC
875 1661 1009 1758 peditus
1024 1669 1060 1736 et
1085 1663 1261 1738 Cmilites.
1280 1661 1350 1738 Sed
1367 1671 1555 1759 antequam
1577 1662 1711 1759 pedites

287 1812 412 1868 omnes
431 1791 514 1864 illuc
531 1787 755 1877 accederent,
776 1785 896 1860 rustici
920 1787 1051 1862 valiam
1072 1787 1151 1860 Turi
1167 1796 1203 1860 et
1220 1786 1302 1862 Ceni
1321 1786 1468 1862 servicio
1491 1789 1656 1862 comitum
1676 1795 1712 1862 et

288 1914 359 2012 ipsi
379 1913 524 1988 comites
544 1933 625 1986 cum
650 1913 703 1986 eis
718 1933 800 1986 cum
825 1910 1036 2007 quibusdam
1063 1911 1231 1986 militibus
1246 1911 1453 1987 Placentinis
1476 1908 1651 1984 adsultum
1674 1912 1711 1986 in

289 2037 427 2134 pedites
441 2038 598 2112 lecerunt
617 2045 653 2110 et
667 2035 831 2132 spoliatos
850 2044 885 2108 et
901 2033 1084 2109 derobatos
1100 2035 1196 2132 ipsos
1214 2033 1333 2110 venire
1349 2034 1596 2132 permiserunt,
1615 2035 1712 2108 mili·

289 2160 386 2234 tibus
400 2181 486 2235 uem
502 2161 636 2234 nullum
651 2157 843 2254 dampnum
858 2157 1059 2232 inserentes.

338 2283 471 2358 Eodem
502 2292 657 2380 tempure
683 2281 958 2356 Mediolanenses
985 2290 1021 2354 et
1040 2280 1227 2376 Pupienses
1247 2278 1388 2354 insimul
1409 2299 1531 2375 pacem
1557 2279 1714 2354 fecerunt

289 2407 427 2502 absque
453 2426 575 2480 eorum
602 2403 726 2478 amicis
745 2428 753 2474 :
781 2402 910 2498 inqua
932 2423 1018 2497 pace
1040 2403 1246 2504 tenebantur
1266 2401 1440 2498 appellare
1460 2423 1581 2478 omnes
1602 2403 1713 2476 Lonc-

287 2527 421 2604 bardos
434 2528 555 2602 venire
566 2525 613 2602 ad
628 2527 722 2600 illum
736 2546 876 2622 pnoem3
891 2534 925 2600 et
939 2522 1254 2625 [propter1hoollll
1270 2523 1524 2616 ambaxntores,
1537 2523 1714 2600 Mediola-

288 2673 418 2728 nenses
429 2651 534 2745 dnos,
547 2650 732 2748 Pupienses
747 2648 838 2724 duos
855 2650 932 2746 ipsu
946 2649 1038 2724 dicta
1049 2648 1123 2746 (sic)
1136 2649 1182 2723 ad
1198 2649 1372 2724 civitatem
1386 2647 1559 2722 Placentie
1573 2647 1713 2724 direxe-

289 2783 390 2865 runt,
408 2776 622 2870 inquirentes
637 2785 673 2850 et
688 2773 901 2870 appellantes
916 2774 1133 2848 Placentinos
1149 2771 1195 2846 de
1209 2793 1295 2868 pace
1313 2773 1405 2870 ipsa3
1424 2773 1583 2868 quicum
1599 2783 1714 2848 essem

290 2900 329 2974 in
349 2899 525 2974 discordia
542 2897 589 2974 ad
605 2897 698 2970 illam
718 2918 841 2994 pacem
857 2919 929 2972 non
947 2905 1132 2972 veneunt.
1743 2875 1745 2880 ¹

338 3023 387 3096 Μ.
399 3021 491 3096 CCLl
498 3075 509 3116 ,
535 3019 725 3095 indictione
746 3020 850 3094 llllll.
874 3021 1007 3094 Interea
1030 3019 1220 3096 trachatur
1241 3018 1286 3096 de
1307 3041 1391 3117 pace
1419 3020 1509 3094 inter
1529 3019 1656 3094 milites
1679 3029 1715 3094 et

289 3147 462 3244 populum
481 3143 632 3218 civitatis
645 3142 836 3235 Placentia,
859 3151 895 3216 et
914 3143 961 3217 ob
975 3143 1041 3218 hoc
1063 3143 1189 3220 milites
1204 3145 1368 3218 miserant
1383 3144 1420 3218 in
1441 3143 1652 3218 Placentiam
1668 3144 1713 3218 Vl

290 3259 536 3343 ambnxatune'e
552 3287 617 3363 pro
640 3285 728 3362 poce
740 3263 1003 3362 componenda,
1024 3266 1157 3341 scilicet
1179 3265 1343 3342 Rufinum
1365 3265 1411 3342 de
1428 3267 1547 3358 Nona,
1574 3266 1712 3338 Petrum

291 3391 339 3466 de
355 3390 538 3481 Furnurie,
563 3389 703 3464 Petrum
721 3386 767 3462 de
787 3387 939 3480 Abietis,
962 3387 1182 3462 Guillelmum
1205 3389 1377 3464 Rudinum
1397 3387 1574 3483 judicem,
1593 3390 1711 3464 Petra·

273 3515 387 3590 ¹cium
406 3513 631 3588 Palastrelum
653 3521 689 3586 et
708 3511 874 3585 Ubertnm
895 3511 1127 3586 Lecacorvum
1148 3511 1321 3606 judicem,
1346 3509 1510 3586 Rufinum
1532 3510 1578 3584 de
1599 3513 1711 3586 Brenn

290 3659 357 3734 pro
374 3637 520 3712 notario.
540 3637 583 3708 Et
600 3634 686 3708 dum
703 3633 804 3731 quasi
821 3643 937 3710 essent
955 3635 990 3708 in
1009 3635 1195 3711 eoncordia
1212 3637 1247 3708 in
1266 3635 1426 3708 omnibus
1442 3633 1616 3710 infirmare
1635 3639 1711 3712 vel·

335 3851 378 3933 (α)
400 3851 436 3912 nn
449 3851 548 3913 cons
565 3850 723 3914 ruamus.

220 4049 222 4054 ,
334 3955 377 4038 (c)
398 3953 681 4034 remansisse.

325 4296 361 4371 (t)
379 4297 417 4356 le
435 4302 508 4357 texte
521 4295 638 4372 rcprend
651 4295 684 4354 ici
698 4298 778 4370 apres
790 4311 829 4352 un
846 4301 965 4353 moment
977 4295 1188 4354 d'hesitstion.ll
1202 4311 1222 4372 y
1236 4311 1253 4354 a
1266 4312 1302 4354 eu
1315 4297 1377 4357 edet
1390 4297 1456 4357 trois
1466 4305 1709 4361 commencements

290 4393 433 4453 d’alineas:
448 4397 479 4450 i⁰
489 4393 526 4451 ln
535 4394 664 4468 prwimo
673 4407 763 4450 mansa
774 4393 879 4450 mccii
889 4392 994 4450 militer
1003 4391 1160 4451 Placentini
1170 4399 1196 4451 ct
1207 4395 1239 4451 in
1249 4393 1362 4462 uoce,
1376 4397 1707 4458 2⁰1tsmllddlmilitcc

290 4499 385 4552 eunuc
395 4490 428 4550 ds
441 4491 599 4559 Placentia,
615 4493 645 4546 3⁰
658 4490 694 4546 ln
703 4491 834 4564 proeium
845 4504 934 4548 mnus
953 4491 1057 4547 marcii
1074 4490 1177 4547 milites
1193 4490 1361 4564 Placentini,
1374 4507 1440 4549 sans
1457 4493 1582 4567 indiquer
1592 4495 1627 4554 do
1639 4511 1706 4554 nou·

290 4605 359 4647 veau
377 4589 403 4646 le
419 4587 569 4646 millesimo.
583 4585 684 4645 C'estl
699 4591 770 4644 cette
781 4586 904 4645 deniers
919 4586 1056 4645 reductiora
1068 4603 1121 4660 quo
1136 4587 1252 4645 l'autour
1264 4589 1330 4646 s’est
1347 4587 1442 4645 arreti„
1466 4588 1517 4646 Les
1534 4588 1604 4646 deux
1621 4591 1707 4665 lignos

290 4683 483 4758 precedentes,
496 4683 543 4757 qui
554 4699 620 4742 sans
630 4683 712 4742 doute
725 4682 853 4741 n'etaient
864 4699 915 4758 pas
925 4682 1019 4742 billdes
1032 4683 1099 4742 dans
1111 4683 1251 4758 l’criginnl,
1266 4689 1313 4745 ont
1322 4685 1365 4744 ete
1378 4685 1546 4760 reproduites
1556 4686 1621 4745 dens
1629 4693 1706 4747 nous

290 4777 448 4838 manuscrit.
1360 4821 1364 4832 .

1507 4892 1545 4946 80
