4594 6066
782 629 825 690 ΙΝ
850 629 993 692 tretis
1016 629 1168 693 GESTIS.
1626 629 1685 692 193

265 765 368 838 buxit
381 776 533 838 castrum
548 763 675 838 lieuaui
688 773 723 836 et
738 763 932 839 Corneliani
947 772 982 840 et
995 787 1057 862 per
1073 767 1151 838 illas
1168 771 1300 860 partem
1315 760 1444 836 deinde
1462 785 1526 836 rex
1538 765 1687 839 mutavit

265 911 330 962 sua
358 898 471 962 caetra
502 897 588 984 aput
613 889 777 960 &ndum
807 890 1021 964 Protexium.
1043 887 1232 962 Placentini
1259 908 1339 958 cum
1370 885 1688 961 Mediolanensibus

265 1012 362 1108 apud
388 1012 601 1086 Florenciam
626 1021 871 1107 pervenerunt.
894 1013 981 1086 Cum
1005 1021 1123 1087 autem
1149 1033 1214 1084 rex
1238 1032 1303 1082 sua
1328 1017 1439 1082 cestra
1462 1019 1628 1084 mutasset
1650 1014 1688 1084 iu

265 1136 424 1232 partibus
445 1136 561 1209 Sancti
586 1136 787 1223 laurencii,
813 1137 928 1210 statim
956 1137 1090 1230 legatus
1117 1145 1152 1208 et
1178 1134 1333 1208 marchio
1358 1135 1582 1208 Montisierati
1609 1157 1689 1208 eum

265 1259 597 1348 Mediolanensibus,
618 1260 908 1351 vercellensibus,
926 1260 1210 1350 Novariensibus,
1226 1279 1269 1332 eu
1284 1257 1342 1330 die
1357 1267 1530 1330 venerunt
1544 1259 1690 1332 Placen-

265 1383 350 1455 tiam
379 1394 415 1456 et
444 1383 520 1456 siue
547 1403 644 1456 mora
674 1383 887 1459 transeundo
912 1383 1045 1458 Padum
1074 1384 1318 1478 equitaverunt
1342 1379 1592 1456 Mediolanum.
1618 1383 1691 1458 Hoc

266 1507 389 1581 audito
407 1529 430 1580 a
445 1527 543 1601 rege,
564 1529 645 1580 cum
658 1515 730 1580 toto
745 1509 901 1581 exercitu
915 1529 980 1582 suo
993 1515 1172 1582 revertens
1184 1505 1366 1580 combuxit
1381 1506 1503 1578 turrim
1515 1505 1692 1580 Poreueia-

266 1653 353 1704 nuru
373 1629 460 1728 (aie),
475 1631 673 1722 Veranum,
695 1631 884 1722 Cervolim,
905 1632 1144 1723 Vigolizonum
1164 1640 1199 1702 et
1215 1631 1283 1702 alia
1298 1631 1394 1720 loca,
1416 1630 1542 1702 multas
1559 1640 1693 1724 segetes

268 1755 526 1846 comburendo,
549 1763 586 1827 et
604 1755 642 1826 in
666 1755 752 1830 festo
771 1757 880 1828 saneti
903 1755 1069 1828 Iohannis
1093 1754 1245 1849 Baptista
1269 1775 1332 1850 per
1356 1761 1472 1848 partes
1489 1753 1693 1826 Roncbaroli

268 1879 474 1953 Cremonam
491 1878 706 1974 properavit.
728 1879 768 1950 ln
793 1880 954 1973 proximo
973 1899 1091 1952 mense
1116 1877 1198 1970 julii
1223 1877 1377 1950 marchio
1402 1875 1448 1950 de
1468 1877 1627 1972 Osburgo
1643 1880 1694 1974 (o)

267 2002 424 2075 vicarius
439 2003 476 2074 in
493 2001 562 2074 illis
578 2001 737 2096 partibus
759 2022 822 2096 pro
835 2001 1041 2097 imperatore
1059 2022 1139 2074 cum
1155 1998 1400 2093 Papiensibue,
1417 1999 1696 2074 'terdonensibus

269 2135 306 2200 et
318 2125 395 2198 CCC
408 2125 577 2198 militibus
594 2125 813 2198 Theotonicis
825 2125 968 2198 intravit
981 2125 1019 2196 in
1033 2121 1278 2195 Vallemtidoni
1293 2131 1328 2194 et
1340 2122 1521 2195 combuxit
1532 2124 1695 2220 Campro·

268 2249 450 2342 meldum,
467 2249 719 2342 Guagnanum,
739 2247 951 2338 Mixianum,
972 2247 1226 2340 Lixignanum,
1244 2245 1566 2338 Montcbulnonum,
1589 2249 1697 2320 Tran-

270 2373 485 2468 quilianum,
513 2373 714 2464 Paxanum,
736 2369 947 2459 Vendetum,
975 2371 1195 2464 Fargnanum
1227 2375 1263 2441 et
1288 2366 1489 2461 Agazanum
1514 2379 1548 2442 et
1572 2373 1698 2446 mullas

270 2505 419 2592 segetes.
441 2496 576 2570 luterea
599 2495 683 2568 dum
705 2494 930 2568 concordium
954 2495 1043 2568 inter
1068 2495 1257 2567 Romanam
1283 2491 1464 2564 ecclesiam
1489 2502 1524 2566 et
1548 2495 1698 2590 impera·

270 2627 383 2692 torem
399 2627 621 2708 tractaretur,
640 2617 805 2690 dominus
830 2617 1052 2690 Innocentius
1071 2637 1163 2712 papa
1189 2623 1259 2688 tam
1280 2615 1512 2709 privatissime
1530 2627 1569 2688 ut
1590 2619 1700 2712 potuit

272 2738 371 2834 apud
386 2739 535 2810 ianuam
549 2759 631 2810 suos
646 2737 793 2810 nuncios
804 2737 934 2812 direxit
948 2737 993 2810 ad
1006 2737 1181 2832 Philipum
1194 2739 1456 2812 vicedominum
1472 2738 1517 2813 de
1528 2739 1701 2814 Placentia

272 2871 477 2958 potestatem
493 2861 587 2935 illins
609 2861 760 2934 civitatis
780 2871 953 2958 quatenus
971 2861 1047 2934 sine
1074 2882 1170 2934 mora
1192 2861 1309 2955 galeas
1333 2861 1429 2958 apud
1446 2861 1624 2936 Civitatem
1638 2865 1701 2936 Ve

273 2985 369 3080 §am
390 2984 424 3058 ei
442 2983 620 3080 dirigeret.
642 2983 730 3056 Cum
750 2983 845 3056 enim
864 2982 1028 3056 domiuus
1045 3005 1135 3080 papa
1151 2984 1326 3058 statuisset
1341 3006 1417 3058 esse
1439 2985 1535 3082 apud
1553 2986 1700 3060 Civitam

274 3107 505 3182 Castellanam
532 3117 571 3180 ut
593 3107 641 3180 ibi
663 3129 745 3178 cum
765 3107 972 3202 imperatore
994 3107 1218 3182 concordium
1246 3117 1488 3203 pertractaret,
1514 3113 1701 3207 assumptis

275 3254 397 3306 eccum
411 3232 579 3304 militibus
596 3253 686 3326 quos
701 3230 813 3303 voluit
832 3253 912 3304 cum
939 3232 1050 3305 tribus
1066 3231 1302 3305 cardinalibus
1321 3232 1417 3329 apud
1438 3232 1619 3308 Civitatem
1633 3234 1701 3308 Ve-

276 3355 370 3450 gium
389 3355 579 3450 equitavit,
599 3354 822 3448 inventisque
847 3354 895 3426 ibi
918 3355 1026 3448 galeis
1038 3355 1263 3428 Januensium
1284 3355 1375 3428 sicut
1396 3378 1476 3429 cum
1496 3357 1547 3430 eis
1562 3356 1702 3431 ordina·

276 3489 396 3567 verat,
413 3501 476 3574 per
491 3478 597 3552 maris
611 3476 724 3550 undas
746 3477 947 3573 navigando
965 3499 1085 3551 mense
1105 3479 1185 3570 julii
1204 3479 1355 3574 proximi
1374 3481 1521 3552 ianuam
1541 3482 1698 3554 accessit.

277 3601 467 3699 Imperator
479 3611 596 3676 autem
613 3601 809 3696 intelligens
823 3599 1004 3674 dominum
1020 3623 1147 3699 papam
1165 3603 1276 3676 taliter
1292 3604 1486 3697 recessisse,
1504 3603 1702 3678 vehementi

278 3726 331 3799 ira
344 3726 505 3798 turbatus
514 3725 620 3819 jussit
635 3745 750 3798 coram
766 3747 804 3798 se
820 3726 939 3800 venire
956 3725 1212 3798 multitudinem
1230 3728 1438 3824 prelatorum
1449 3737 1485 3802 et
1500 3729 1702 3802 clericorum

278 3849 400 3944 quiex
416 3849 566 3922 diversis
579 3848 704 3922 muudi
719 3850 876 3946 partibus
891 3872 913 3922 a
928 3851 1083 3924 Romana
1097 3851 1193 3924 ouria
1209 3850 1461 3954 discendebant
1471 3864 1505 3928 et
1522 3877 1638 3928 coram
1652 3855 1703 3930 eia

280 3983 492 4067 conquestus
517 3981 587 4064 est,
605 3971 724 4046 dicens
749 3981 788 4044 ut
810 3973 877 4068 ipsi
897 3995 960 4069 per
983 3983 1098 4070 partes
1113 3997 1234 4048 eorum
1258 3975 1414 4052 dicerent
1430 3989 1465 4052 et
1483 3978 1705 4076 divulgarent

279 4095 370 4168 noua
387 4095 464 4190 ipse
487 4095 523 4167 in
541 4095 726 4170 concordia
742 4117 824 4170 cum
843 4097 997 4172 Romana
1021 4098 1167 4172 ecclesia
1191 4101 1378 4196 pmcedere
1395 4103 1548 4176 volebat.
1569 4103 1704 4179 Deinde

280 4219 467 4313 imperator
486 4217 533 4292 ad
550 4219 724 4292 civitatem
740 4219 827 4292 Pisis
842 4221 997 4294 accessit.
1014 4223 1199 4297 lombardi
1212 4247 1298 4299 vero
1312 4227 1438 4300 multos
1459 4228 1704 4302 ambaxatores

280 4341 329 4415 ad
353 4341 533 4415 domiuum
562 4365 691 4439 papam
711 4343 916 4418 direxerunt
938 4349 1151 4440 postulantes
1173 4357 1213 4421 ut
1238 4350 1479 4446 imperatorem
1498 4351 1701 4449 deponeret.

282 4465 321 4537 ln
340 4467 499 4561 proximo
515 4489 636 4540 mense
655 4467 809 4540 octubris
827 4467 990 4542 dominus
1005 4493 1095 4567 papa
1121 4471 1168 4546 ad
1189 4485 1305 4569 partes
1325 4477 1542 4550 lllontilierati
1560 4477 1705 4552 accessit

327 4731 368 4809 (a)
389 4731 454 4806 Slc;
469 4739 549 4796 recte
561 4740 662 4796 tomen
675 4735 833 4814 legendum
846 4734 882 4798 de
894 4733 1079 4818 detractae.
