4554 6080
573 645 634 708 260
1051 643 1291 706 CHRONICON
1315 641 1368 704 DE
1392 640 1521 702 REBUS

571 778 671 850 micis
684 777 749 870 uti3
767 777 868 849 amici
881 778 957 870 ejus
969 778 1064 849 omni
1078 776 1136 850 (116
1151 777 1393 872 deprimuntur
1407 785 1442 850 et
1454 774 1585 848 inimici
1604 794 1643 847 se
1656 775 1823 848 exaltant.
1840 777 1878 848 16
1893 779 1986 850 curia

571 900 702 974 domini
720 921 808 995 pape
828 895 941 997 [dum]
959 901 1024 973 hec
1046 911 1217 994 aguntur,
1234 901 1389 974 marchio
1408 920 1471 996 pro
1489 919 1528 972 se
1549 897 1681 971 laborat
1705 919 1786 970 cnm
1809 899 1986 974 Petrunolo

570 1023 616 1098 de
631 1025 737 1118 Regio
756 1033 978 1119 procuratore
995 1045 1061 1096 suo
1082 1033 1121 1094 nt
1142 1045 1206 1118 pro
1227 1025 1380 1098 Ecclesia
1401 1024 1518 1098 adbuc
1537 1031 1638 1117 poset
1662 1021 1820 1094 obtinere
1834 1021 1986 1096 dominia

568 1148 774 1220 civitatum:
793 1137 955 1220 dominus
975 1149 1097 1221 Bosius
1121 1169 1184 1243 pro
1202 1171 1241 1220 se
1260 1150 1394 1222 laborat
1416 1158 1456 1220 ut
1476 1156 1592 1243 posset
1611 1147 1845 1219 marchionem
1871 1146 1985 1242 depri-

568 1288 679 1355 mere;
700 1287 815 1338 comes
830 1287 893 1361 pro
906 1287 945 1338 se
958 1267 1090 1340 laborat
1109 1276 1148 1339 61
1164 1276 1282 1363 posset
1296 1267 1385 1342 filios
1402 1289 1485 1340 suos
1497 1267 1625 1339 babere
1635 1273 1671 1338 et
1683 1264 1877 1338 dominium
1892 1267 1984 1360 quod

566 1390 672 1462 habet
696 1390 858 1462 retinere.
887 1389 956 1462 Sed
981 1389 1146 1464 dominus
1165 1413 1255 1486 papa
1273 1391 1431 1465 Clemens
1449 1391 1551 1482 cujus
1571 1409 1697 1462 nomen
1719 1389 1764 1461 ab
1784 1390 1897 1462 616616
1915 1411 1983 1462 666

566 1511 704 1586 modice
724 1511 843 1602 distat,
862 1513 998 1583 nullum
1012 1513 1202 1586 intelletum
1215 1513 1403 1605 (16161616,
1417 1513 1483 1585 nisi
1498 1512 1582 1608 qnia
1603 1511 1742 1584 dicebat
1757 1534 1795 1585 se
1812 1533 1889 1586 esse
1906 1535 1984 1608 666-

566 1637 689 1708 cialem
713 1635 864 1706 amicum
883 1633 1018 1706 domini
1044 1635 1254 1708 marchionis
1276 1645 1311 1710 61
1333 1635 1430 1730 quod
1451 1657 1490 1708 66
1514 1656 1562 1707 ex
1588 1643 1660 1707 toto
1685 1635 1828 1708 deberet
1849 1645 1884 1708 61
1901 1657 1982 1710 snos

566 1759 777 1831 committere
795 1758 832 1828 in
854 1779 978 1830 manus
996 1759 1073 1850 ejus
1095 1758 1256 1832 habendo
1277 1760 1313 1831 in
1336 1781 1379 1832 eo
1397 1779 1535 1833 omnem
1560 1758 1686 1831 bonam
1705 1781 1805 1854 spem
1823 1771 1858 1831 et
1886 1757 1983 1833 lidu-

565 1883 673 1965 ciam;
693 1891 727 1954 et
746 1904 825 1954 cum
849 1883 1069 1976 perlongum
1085 1891 1223 1978 tempus
1239 1881 1382 1956 duraret
1395 1881 1462 1956 hoo
1475 1883 1604 1956 lactum
1624 1881 1791 1971 incuria,
1810 1884 1982 1956 transmis-

563 2027 640 2076 sum
665 2005 731 2076 luit
748 2005 1031 2077 ambaxatcribus
1048 2005 1110 2099 qui
1132 2014 1231 2078 erant
1254 2005 1289 2076 in
1314 2005 1410 2078 curia
1429 2004 1526 2099 qnod
1551 2005 1773 2100 impetrarent
1795 2027 1817 2076 a
1841 2004 1980 2078 domino

562 2149 654 2223 papa
669 2127 765 2222 qnod
787 2129 1029 2200 transmitteret
1055 2129 1186 2222 legatos
1211 2131 1320 2202 bonos
1341 2139 1376 2202 et
1400 2129 1530 2223 legales
1546 2129 1583 2200 in
1598 2127 1861 2220 Lombardiam,
1886 2129 1980 2222 qnod

562 2251 810 2324 Cremonenses
827 2261 863 2324 et
878 2251 1065 2324 Placentini
1083 2261 1181 2327 erant
1195 2253 1304 2348 parati
1320 2252 1484 2324 16666616
1500 2259 1609 2324 totum
1623 2252 1835 2323 voluntatem
1849 2251 1979 2324 domini

559 2396 651 2469 pape
667 2384 701 2447 et
723 2375 877 2447 Ecclesia
892 2376 1057 2446 Romane.
1073 2375 1140 2459 Qui
1168 2373 1334 2448 dominus
1353 2397 1444 2469 papa
1465 2374 1665 2447 transmittit
1685 2372 1777 2447 duos
1792 2375 1922 2468 legatos
1942 2377 1979 2446 16

559 2495 800 2569 Lombardiam
825 2519 905 2568 cnm
930 2497 1051 2568 litteris
1071 2498 1161 2587 suis,
1187 2497 1317 2570 scilieet
1337 2497 1551 2571 Bernardum
1577 2497 1622 2570 de
1644 2497 1850 2590 Castegneto
1872 2519 1978 2570 cano-

559 2619 678 2693 nicum
695 2620 932 2692 Aurialensem
948 2621 1086 2692 natione
1101 2620 1282 2692 Provincia
1306 2631 1341 2692 et
1364 2621 1567 2712 magistrum
1589 2620 1804 2692 Bernurdum
1818 2620 1976 2694 abbatem

558 2744 674 2816 Sancti
691 2743 860 2816 Theodori
876 2743 1050 2816 deTebris
1065 2743 1273 2816 canonicum
1292 2745 1503 2836 regularem,
1524 2743 1712 2836 capetanos
1724 2753 1864 2834 suos,et
1880 2753 1974 2815 6616·

559 2888 665 2961 quam
679 2877 794 2939 essent
810 2866 845 2936 in
858 2865 1064 2938 lombardia
1081 2876 1196 2938 actum
1211 2877 1264 2940 est
1275 2867 1382 2940 istud.

604 2989 668 3062 Die
694 2989 829 3062 sabbati
845 2990 875 3062 V
892 2989 1059 3062 kalendas
1077 2990 1156 3080 julii
1182 2992 1429 3086 borgognonus
1458 2991 1644 3086 Augurala
1668 2991 1756 3064 civis
1782 2991 1971 3082 Placentia,

556 3113 719 3186 Albertns
736 3113 824 3185 Boia
845 3112 891 3185 de
912 3113 1058 3204 Andito,
1082 3115 1172 3186 lacto
1196 3123 1343 3188 tratactu
1366 3137 1446 3188 oum
1470 3116 1675 3188 Placentinis
1699 3123 1816 3188 contra
1843 3113 1973 3187 dictum

556 3238 716 3310 comitem
742 3237 946 3308 Ubertinnm
975 3237 1020 3310 de
1040 3235 1170 3310 Audito
1195 3247 1229 3309 61
1251 3247 1384 3332 partem
1415 3240 1511 3330 ejus,
1537 3260 1617 3310 cnm
1638 3240 1711 3330 jam
1735 3237 1780 3311 de
1804 3259 1972 3310 consensu

555 3379 675 3432 eorum
698 3369 732 3432 et
756 3360 902 3432 aliorum
928 3359 974 3432 de
995 3361 1169 3433 Placentia
1187 3359 1348 3434 Albertus
1374 3360 1419 3434 de
1444 3362 1601 3435 Funtana
1628 3369 1662 3434 et
1687 3361 1747 3434 alii
1771 3361 1904 3434 banniti
1929 3360 1973 3433 de

554 3480 726 3556 Placentia
751 3482 810 3557 die
840 3485 1003 3580 preterita
1022 3485 1272 3558 adscenderunt
1298 3485 1335 3558 in
1351 3485 1668 3558 Petrascremonam
1693 3484 1897 3557 rebellantes
1919 3485 1971 3556 ci-

554 3607 671 3698 vitati,
694 3605 739 3679 (16
755 3629 826 3702 quo
845 3629 993 3701 maguus
1016 3608 1118 3680 timor
1141 3619 1213 3680 erat
1234 3609 1270 3680 in
1291 3609 1438 3705 populo,
1460 3608 1582 3680 levatis
1605 3607 1709 3679 armis
1732 3606 1777 3679 ad
1798 3627 1970 3680 rumorem

555 3741 870 3825 congregaverunt,
883 3731 1011 3804 scilicet
1020 3733 1267 3825 Bergognonus
1277 3754 1357 3805 cum
1366 3731 1440 3803 suis
1453 3731 1500 3804 ad
1510 3731 1674 3802 Sanctum
1684 3730 1895 3802 Antoninum
1907 3729 1967 3824 (a),

553 3853 601 3928 ad
619 3853 762 3928 domum
780 3855 945 3927 Boiorum
969 3877 1049 3926 cnm
1072 3855 1158 3950 ipsis
1177 3853 1272 3926 Bulis
1289 3863 1325 3928 et
1347 3875 1468 3926 eornm
1491 3853 1624 3926 amieis.
1646 3853 1768 3926 Comes
1784 3851 1970 3926 Ubertinns

554 3975 737 4052 dolando
759 4000 840 4051 cum
858 3978 981 4050 suiset
1005 3987 1102 4074 parte
1124 3999 1188 4052 sna
1212 3987 1247 4052 61
1273 4000 1353 4051 cnm
1382 3978 1544 4073 Roglerio
1571 3976 1617 4051 de
1637 3977 1777 4050 Bellotis
1804 3983 1970 4070 potestate

553 4099 729 4174 Placentia
745 4123 825 4174 cum
841 4100 947 4174 arnus
959 4123 996 4175 se
1011 4101 1230 4176 reduxerunt
1250 4101 1287 4174 in
1307 4101 1454 4196 plateam
1478 4101 1618 4195 majoris
1638 4100 1800 4190 ecclesie,
1820 4107 1856 4171 61
1871 4098 1968 4193 qnasi

554 4231 626 4298 tota
645 4225 768 4297 civitas
787 4223 837 4296 ibi
863 4225 1037 4320 cumipse
1057 4225 1182 4298 comita
1204 4245 1243 4298 se
1269 4225 1431 4298 convenit
1454 4225 1490 4296 in
1516 4223 1686 4296 auxilinm
1713 4221 1798 4296 dicti
1818 4220 1965 4306 eomitis;

554 4357 590 4419 et
623 4347 741 4420 relicto
774 4349 905 4443 populo
934 4357 1065 4422 armato
1094 4349 1131 4420 in
1163 4349 1311 4443 plateam
1343 4348 1407 4421 iste
1443 4357 1594 4444 66166166
1629 4368 1710 4419 cum
1739 4343 1908 4418 militibus
1936 4349 1969 4415 61

553 4471 683 4566 populo
711 4470 811 4544 Porta
840 4473 937 4544 Nove
968 4472 1032 4544 ivit
1066 4472 1112 4546 ad
1144 4473 1307 4544 Sanctum
1339 4471 1552 4546 Antoninum
1583 4471 1643 4544 ubi
1674 4469 1788 4544 dictus
1815 4471 1965 4562 Bergog·

595 4629 633 4712 (a)
656 4631 702 4691 lbi
717 4633 862 4710 quaedam
877 4635 1000 4715 (166661,
1022 4635 1146 4698 forsitan
1158 4632 1295 4699 athetus
1307 4653 1383 4699 aare.
1402 4636 1461 4714 116.
1478 4635 1547 4698 Joh.
1563 4634 1602 4696 de
1616 4635 1726 4697 Massia
1738 4633 1844 4713 legitur
1860 4627 1968 4693 :aaut

553 4739 641 4800 amici
649 4735 801 4817 Baffornm
809 4737 851 4800 ad
862 4738 978 4801 (1616661
990 4738 1141 4821 Baffmatm
1154 4743 1280 4804 166661.
1298 4761 1314 4802 r
