4554 6080
759 667 801 727 ΙΝ
826 665 966 727 trama
990 665 1144 727 GESTlS.
1601 669 1662 730 309

242 805 310 893 Qui
331 803 536 877 Franciscus
561 803 597 872 in
626 802 760 896 palacio
786 801 979 873 communis
1005 801 1042 872 in
1071 799 1248 896 presencia
1269 800 1445 896 potestatis
1469 802 1662 875 communis

241 928 347 1024 Papio
367 927 500 1001 dictum
524 925 679 1020 regimen
705 924 831 997 milicie
851 923 957 1018 Papie
974 924 1107 1016 juravit
1130 934 1164 996 st
1185 925 1313 1020 recepit
1329 927 1363 997 et
1378 925 1509 1016 juravit
1531 948 1661 997 mann·
1700 1015 1708 1030 κ

243 1061 361 1124 tenere
376 1051 545 1148 populum
563 1048 667 1143 Papie
685 1049 719 1118 in
737 1047 831 1120 omni
848 1068 912 1120 suo
928 1047 1061 1119 bonore
1077 1057 1111 1120 et
1127 1055 1237 1139 statu;
1251 1047 1347 1143 quod
1363 1047 1467 1120 valde
1484 1049 1663 1144 displicuit

242 1175 412 1248 militibus
442 1173 549 1268 Papio
571 1171 634 1266 qui
660 1170 845 1244 Fallabrini
871 1170 1033 1243 dicuntur
1059 1171 1119 1263 qni
1146 1173 1250 1265 panlo
1274 1181 1353 1244 ante
1371 1173 1574 1263 juraverant
1600 1193 1662 1267 per

242 1319 363 1372 eorum
383 1297 538 1370 sindicus
555 1306 590 1368 et
607 1295 847 1368 ambaxatores
866 1295 901 1366 in
918 1294 1058 1366 civitate
1074 1295 1260 1368 Mediolani
1276 1295 1475 1368 sociotatem
1496 1316 1576 1366 cum
1595 1293 1662 1368 illis

243 1420 290 1494 de
303 1423 430 1494 lature
455 1431 490 1494 et
513 1442 593 1492 cnm
611 1419 784 1491 communi
805 1417 991 1490 Mediolani
1008 1426 1042 1490 et
1058 1415 1259 1490 fidelitatem
1282 1418 1422 1492 domino
1437 1419 1567 1490 Karulo
1587 1420 1662 1513 regi

241 1544 391 1617 Scicilie.
415 1545 479 1618 Die
500 1543 637 1616 veneris
656 1543 717 1614 vll
743 1541 873 1612 mensis
898 1541 1061 1612 lebruarii
1086 1541 1283 1614 Laudenses
1310 1541 1486 1614 intrinseci
1505 1552 1540 1614 ct
1566 1563 1662 1614 com·

241 1689 350 1740 mune
362 1667 468 1762 Papie
478 1669 685 1759 juraverunt
701 1664 898 1738 societatem
913 1685 992 1734 cum
1009 1664 1149 1737 domino
1161 1665 1279 1736 Bossio
1293 1663 1337 1737 de
1352 1665 1502 1738 Dovaria
1515 1675 1550 1736 et
1568 1674 1663 1760 parta

241 1791 511 1864 barbarasornm
531 1790 725 1862 extrinseca
747 1787 792 1860 de
817 1787 956 1859 civitate
974 1786 1158 1877 Cremona,
1179 1788 1414 1882 promittentes
1432 1788 1499 1884 ipsi
1520 1788 1662 1862 domino

240 1915 363 1988 Bossio
395 1923 430 1986 et
459 1912 547 2008 parti
573 1933 636 1984 sue
666 1913 778 1984 lacere
804 1933 963 2002 guerram
989 1911 1164 1983 communi
1193 1911 1360 1984 Cremone
1386 1934 1448 2008 per
1476 1921 1602 1985 terram
1627 1921 1662 1984 et

241 2059 371 2133 aquam
395 2037 552 2130 undique
577 2035 624 2109 ad
649 2057 769 2108 eorum
798 2034 1030 2126 voluntatem;
1059 2047 1093 2106 et
1118 2034 1281 2108 dominus
1300 2035 1441 2108 Rossius
1464 2045 1499 2108 st
1523 2035 1663 2110 Cremo·

241 2181 368 2234 nenses
381 2161 569 2232 extrinseci
584 2159 817 2255 promiserunt
833 2159 1075 2231 laudensibus
1094 2169 1317 2232 manutenere
1332 2160 1368 2231 in
1387 2160 1525 2232 civitate
1543 2159 1661 2234 Laude

242 2293 407 2358 contrave
419 2282 467 2356 ad
480 2283 655 2356 minusCC
667 2281 791 2354 milites
804 2283 879 2354 etD
896 2281 1031 2376 pedites
1044 2281 1089 2354 de
1100 2291 1197 2377 parte
1211 2303 1289 2370 sna,
1304 2291 1338 2355 et
1354 2283 1422 2354 alia
1438 2284 1546 2355 multa
1560 2294 1660 2379 pacta

240 2407 332 2480 inter
351 2429 390 2479 se
410 2408 658 2480 formaverunt.
680 2407 744 2478 Die
764 2405 860 2497 jovis
881 2405 948 2476 XX
969 2405 1099 2476 mensis
1123 2405 1288 2478 februarii
1313 2406 1438 2478 milites
1466 2416 1502 2479 et
1524 2407 1661 2505 pedites

240 2531 425 2604 extrinseci
450 2529 495 2604 de
516 2529 690 2603 Placentia
713 2530 775 2623 qui
796 2529 942 2602 suntad
966 2527 1165 2624 Gravagum
1193 2537 1227 2601 et
1247 2529 1284 2600 in
1309 2529 1378 2602 illis
1402 2531 1558 2626 partibus
1579 2555 1660 2605 cum

240 2655 475 2727 servientibus
507 2653 690 2726 Vallistarii
727 2663 762 2724 et
796 2651 879 2726 Geni
912 2653 1155 2746 equitaverunt
1184 2652 1230 2726 ad
1263 2663 1412 2726 castrum
1444 2657 1661 2751 Carpenassii

239 2779 336 2874 qnod
352 2800 415 2874 per
427 2779 499 2852 vim
512 2785 677 2872 ceperunt
692 2786 725 2848 ot
737 2775 992 2848 combuxerunt
1007 2787 1116 2848 totum
1131 2787 1166 2850 et
1182 2777 1310 2849 multas
1326 2777 1449 2852 domos
1467 2790 1500 2852 et
1517 2783 1660 2856 caninas

238 2903 399 2976 similiter
433 2902 569 2974 illarum
593 2901 750 2997 parcium
784 2901 1058 2993 combuxerunt,
1090 2901 1199 2974 boves
1227 2911 1262 2974 et
1289 2903 1417 2976 bestias
1447 2907 1572 2978 multas
1595 2907 1659 2980 ha-

237 3027 391 3098 buerunt
412 3037 446 3098 et
467 3027 570 3098 robas
594 3025 720 3097 multas
744 3035 779 3098 et
800 3024 958 3098 homines
979 3024 1072 3096 illius
1097 3025 1162 3096 loci
1189 3036 1368 3122 ceperunt.
1390 3027 1468 3112 Quo
1486 3029 1574 3102 lacto
1597 3031 1660 3104 ho·

237 3151 351 3224 mines
370 3151 506 3222 illarum
522 3149 678 3244 parcium
695 3147 815 3221 andito
834 3147 931 3220 crido
947 3146 993 3220 ad
1013 3167 1121 3240 equos
1143 3146 1150 3244 Ι
1171 3156 1206 3220 et
1222 3148 1329 3242 pedes
1349 3149 1385 3220 in
1400 3173 1526 3246 magna
1545 3177 1661 3249 quan·

237 3275 335 3347 litate
370 3283 598 3346 cucurrerunt
628 3272 844 3366 insequendo
872 3273 978 3366 ipsos.
1014 3271 1114 3344 Unde
1141 3271 1191 3342 illi
1223 3270 1269 3343 de
1298 3269 1457 3367 Gravago
1490 3277 1657 3373 impetum

237 3399 393 3472 lecerunt
416 3399 452 3470 in
473 3397 566 3492 ipsos
584 3405 619 3467 et
638 3396 815 3490 fregerunt
836 3394 948 3490 ipsos,
969 3415 1014 3466 ex
1032 3393 1162 3488 quibus
1177 3405 1345 3489 oeperunt
1359 3398 1417 3470 LX
1430 3399 1476 3472 ad
1494 3401 1602 3495 pedes
1623 3414 1656 3476 et

237 3523 300 3594 Xll
324 3521 371 3594 ad
390 3543 500 3616 equos
515 3530 550 3593 et
566 3520 643 3592 Xlll
658 3519 912 3592 interfecerunt.
930 3517 999 3613 lpsi
1015 3537 1099 3590 vero
1117 3517 1163 3590 de
1177 3519 1336 3614 Gravago
1357 3523 1433 3594 sani
1447 3531 1481 3596 et
1497 3524 1554 3597 leti
1574 3549 1656 3600 eum

237 3647 404 3742 praxonis
417 3656 451 3718 et
471 3653 541 3716 tota
557 3643 664 3739 preda
681 3642 727 3714 ad
743 3642 942 3736 Gravagnm
961 3641 1138 3715 redierunt
1153 3663 1233 3714 cum
1253 3665 1378 3737 magno
1396 3647 1504 3720 lucro.
1523 3649 1655 3726 Eodem

238 3771 296 3845 dio
323 3771 449 3844 milites
471 3777 506 3841 et
528 3767 661 3862 pedites
687 3765 873 3840 extrinseci
898 3765 944 3840 de
961 3767 1133 3838 Placentia
1155 3767 1216 3862 qni
1238 3779 1414 3841 morantur
1440 3771 1487 3844 ad
1504 3775 1656 3850 Zavata-

240 3897 363 3968 rellum
381 3916 460 3966 cnm
478 3891 711 3966 servientibus
728 3891 822 3962 illins
837 3890 918 3980 loci,
937 3891 1182 3984 equitaverunt
1193 3891 1239 3964 ad
1258 3901 1408 3966 castrum
1425 3898 1551 3972 Montis
1562 3903 1653 3976 Ven-

237 4019 310 4092 tani
335 4028 370 4090 et
393 4018 509 4113 ipsum
532 4025 697 4112 ceperunt
726 4022 760 4086 et
785 4015 1040 4087 combuxerunt
1068 4023 1175 4088 totum
1199 4025 1234 4088 et
1256 4018 1382 4092 multas
1403 4021 1505 4094 rohas
1532 4025 1654 4100 lucrati

236 4153 330 4216 sunt.
353 4141 416 4214 Die
435 4139 595 4212 mercurii
613 4139 643 4212 V
660 4139 787 4210 mensis
805 4137 926 4212 marcii
944 4137 1143 4212 Laudensea
1159 4149 1194 4212 et
1209 4141 1333 4214 milites
1351 4141 1483 4216 domini
1497 4149 1588 4220 Bosii
1607 4151 1653 4224 de

234 4266 384 4340 Dovaria
402 4274 438 4336 et
453 4265 685 4338 calvacatorea
708 4263 814 4358 Papio
837 4263 872 4334 in
892 4283 1021 4356 magna
1040 4263 1231 4356 quantitate
1249 4265 1491 4358 equitaverunt
1510 4271 1547 4342 in
1569 4275 1653 4369 epi-

235 4401 415 4488 scopatum
435 4391 600 4464 Cremone
622 4409 745 4461 versus
772 4389 935 4462 Sanctum
960 4388 1154 4460 Baxianum
1181 4399 1215 4462 et
1236 4391 1461 4464 elevaverunt
1490 4419 1652 4492 magnam

233 4515 380 4612 predam
407 4514 588 4587 hominum
617 4521 652 4586 et
675 4511 883 4600 bestiarum3
912 4509 957 4583 de
984 4533 1054 4606 qua
1080 4513 1254 4586 calvaeata
1272 4517 1455 4610 premuniti
1481 4517 1531 4616 (c)
1556 4535 1654 4596 erant

278 4780 321 4862 (a)
343 4781 378 4843 ln
392 4781 491 4842 codlce
499 4779 670 4861 prenomitr'.
