4594 6066
649 589 708 660 176
1119 591 1359 656 CIIIIOIIIIGON
1382 595 1434 656 DE
1459 595 1585 656 REBUS

646 722 850 819 spaldorum
870 723 1019 796 cIvitatis
1042 723 1088 798 ad
1112 732 1236 798 terram
1258 737 1536 822 prostraverunt3
1561 728 1746 824 statimque
1772 750 1853 800 cum
1879 737 2061 824 tempestas

646 856 824 938 cessasset,
839 846 1013 919 exercitus
1032 847 1245 942 imperatoris
1261 853 1370 946 captis
1387 853 1493 925 armis
1503 851 1640 926 volebat
1653 873 1858 946 expugnare
1871 853 2058 926 clvitatem.

647 969 748 1056 Quod
780 992 860 1042 oum
889 969 1058 1042 vidissent
1085 971 1278 1066 intrinseci,
1295 974 1410 1047 statim
1440 975 1503 1047 ubi
1527 974 1649 1071 spalda
1675 996 1746 1048 non
1771 975 1915 1048 aderant
1940 977 2060 1050 armati

646 1102 857 1166 eucurerunt
878 1093 1052 1167 civitatem
1071 1094 1216 1168 viriliter
1238 1097 1476 1171 defendentes.
1497 1099 1542 1170 Et
1559 1097 1618 1171 die
1631 1099 1725 1190 jovis
1745 1099 1805 1172 IIII
1821 1100 1950 1172 mensis
1964 1109 2061 1173 octo-

644 1219 717 1290 bris
737 1218 784 1314 (a)
799 1220 1043 1312 Pergamenses
1061 1241 1125 1314 per
1141 1219 1296 1292 medium
1319 1243 1439 1294 eorum
1457 1223 1651 1294 exereitum
1675 1244 1755 1294 cum
1773 1223 1927 1317 quodam
1942 1245 2061 1297 eorum

645 1341 783 1415 edificIo
800 1341 895 1436 quod
912 1342 1136 1438 appelabatur
1151 1365 1272 1438 porca,
1293 1344 1460 1418 fossatum
1477 1345 1626 1418 civitatis
1640 1345 1738 1440 quod
1754 1356 1828 1418 erat
1845 1347 2000 1443 amplum
2017 1347 2061 1444 (b)

644 1467 771 1538 XXIIII
787 1465 930 1539 brachia
950 1467 1094 1560 implere
1113 1475 1295 1562 oeperunt,
1319 1469 1467 1541 civitatis
1483 1465 1530 1563 (c)
1548 1469 1678 1543 fortiter
1700 1469 1897 1564 preliantes.
1915 1469 1985 1543 Sed
2008 1472 2060 1543 in·

644 1591 783 1662 trinseci
799 1592 910 1686 posito
928 1591 1011 1684 igne
1028 1590 1116 1664 illud
1132 1589 1309 1663 editicium
1327 1593 1600 1684 combuxerunt3
1620 1601 1655 1664 et
1676 1591 1735 1664 dle
1758 1593 1894 1665 sabbati
1913 1595 2059 1688 proximi

644 1737 780 1788 summo
797 1736 899 1786 mane
916 1716 1101 1809 Imperator
1119 1715 1228 1787 movit
1245 1737 1284 1788 se
1300 1715 1345 1788 ab
1365 1717 1424 1788 illa
1439 1715 1642 1788 ossiditione
1659 1713 1735 1812 (ric)
1752 1717 1901 1810 lecitque
1916 1719 2057 1790 combu-

643 1859 720 1910 rere
740 1836 902 1910 edditicia
925 1845 960 1910 et
984 1837 1122 1908 castella
1146 1836 1394 1930 lignamiuum,
1418 1837 1594 1910 dimittens
1612 1837 1649 1908 in
1667 1859 1791 1933 campo
1809 1839 1935 1910 mullos
1952 1861 2058 1934 equos

643 1969 679 2032 et
700 1961 809 2034 boves
830 1959 1019 2034 infirmatos
1034 1969 1070 2031 et
1085 1959 1244 2032 diversus
1259 1960 1452 2032 Palaoolum
1468 1969 1503 2033 et
1519 1959 1708 2031 Sunzinum
1724 1961 1821 2032 venit
1838 1962 2054 2050 Cremonam,

644 2084 811 2180 deditque
820 2086 995 2177 cadigInm
1006 2082 1056 2179 (d)
1065 2081 1227 2155 omnibus
1241 2083 1433 2156 forensibus
1442 2091 1555 2179 preter
1564 2084 1794 2156 Theotonieis.
1808 2084 1852 2154 Et
1865 2093 1948 2157 tunc
1956 2086 2058 2158 Uber-

642 2216 700 2279 tus
719 2208 764 2280 de
781 2208 953 2302 Niquitate
970 2203 1048 2304 (sie)
1066 2206 1111 2278 de
1130 2206 1337 2278 Placentinis
1354 2214 1427 2278 erat
1442 2214 1593 2300 potestas
1610 2206 1740 2278 Brixie.
1759 2197 1893 2278 Eodem
1910 2215 2060 2300 tempore

642 2331 828 2425 imperator
847 2330 883 2401 in
905 2331 1108 2402 Cremonam
1124 2329 1291 2400 Henzium
1307 2327 1417 2400 fillum
1432 2350 1534 2400 suum
1554 2329 1745 2400 naturalem
1764 2329 1907 2400 militem
1924 2330 2006 2403 lecit
2025 2339 2060 2402 et

642 2474 722 2525 cum
738 2454 901 2526 comitiva
918 2453 1066 2524 militum
1089 2453 1202 2547 ipsum
1223 2451 1403 2524 mandavit
1415 2451 1452 2522 in
1470 2449 1672 2524 Sardaniam
1687 2451 1749 2522 ubi
1769 2452 1903 2546 accepit
1920 2453 1956 2522 in
1973 2473 2061 2526 uxo-

641 2600 716 2651 rem
734 2578 911 2650 dominam
930 2577 1024 2648 iIIIus
1050 2577 1163 2648 Insula
1184 2576 1324 2648 nomine
1339 2575 1566 2648 Damixellam
1583 2573 1641 2670 (e).
1660 2576 1703 2648 Et
1718 2584 1803 2648 tune
1819 2577 2059 2668 Pergomascbi

642 2704 798 2776 lecerunt
815 2712 990 2774 monetam
1005 2721 1134 2772 novam
1151 2720 1221 2793 que
1237 2699 1365 2772 dicitur
1382 2699 1617 2793 pergamiuus.

693 2828 732 2898 In
749 2826 907 2920 proximo
926 2844 1045 2896 meuse
1059 2823 1274 2912 novembris,
1300 2821 1485 2916 imperator
1510 2817 1679 2914 equitavit
1694 2819 1852 2892 Parmam
1868 2820 2001 2913 eligens
2023 2841 2060 2894 se

643 2952 680 3022 in
696 2958 898 3046 potestatem
916 2949 1009 3020 illius
1027 2947 1191 3038 civitatis,
1212 2947 1332 3039 ibique
1352 2965 1417 3018 suo
1442 2946 1518 3017 Ioco
1542 2943 1676 3038 possuit
1697 2944 1857 3017 comitem
1874 2945 2059 3040 Symonem

642 3073 884 3146 Theathinum.
898 3073 972 3144 Hoc
991 3079 1109 3142 autem
1128 3067 1208 3142 lecit
1230 3067 1412 3140 occasione
1429 3067 1586 3163 parcium
1608 3087 1678 3160 que
1694 3075 1792 3138 erant
1814 3067 1851 3137 in
1873 3067 1950 3162 ipsa
1974 3066 2058 3138 civi·

598 3247 603 3258 ·
641 3207 728 3288 tate,
742 3205 777 3268 et
793 3196 964 3292 palacium
982 3193 1077 3288 quod
1095 3191 1246 3265 babebat
1266 3191 1302 3262 in
1315 3192 1438 3264 Parma
1459 3190 1541 3263 lecit
1558 3189 1723 3285 ampliare
1737 3197 1771 3262 et
1785 3188 1938 3281 reficere,
1960 3190 2059 3262 clau-

642 3318 757 3394 dendo
783 3316 870 3391 illud
893 3339 955 3414 per
977 3317 1092 3412 girum
1117 3314 1315 3388 firmissimo
1342 3335 1455 3386 muro.
1482 3314 1527 3385 Et
1553 3311 1636 3386 inde
1666 3321 1818 3386 semotus
1834 3335 1915 3386 cum
1934 3334 2059 3408 magna

639 3445 788 3516 militum
806 3443 970 3516 oomIIIva
988 3440 1156 3536 equitavit
1179 3437 1216 3510 iu
1241 3438 1428 3510 Marcbam.
1448 3437 1577 3509 Habuit
1596 3457 1637 3510 aa
1654 3457 1725 3530 que
1750 3437 1863 3510 voluit
1886 3437 2058 3531 accipiens

639 3566 774 3640 assides
796 3565 842 3638 de
863 3563 983 3637 Padua
1004 3572 1039 3634 et
1058 3561 1216 3635 vicentio
1235 3570 1269 3634 et
1284 3559 1453 3651 TrivaiO,
1474 3570 1508 3632 et
1525 3558 1572 3631 ad
1593 3579 1714 3655 preces
1730 3559 1878 3631 militum
1897 3560 2058 3632 BrixIeu·

639 3689 731 3762 sium
745 3689 807 3783 qui
821 3711 901 3761 cum
924 3708 966 3760 eo
985 3693 1102 3778 erant,
1121 3682 1271 3757 dimissit
1292 3683 1455 3756 recedere
1477 3683 1605 3755 multos
1627 3691 1818 3756 carceratos
1838 3683 1955 3756 BrixIe
1971 3705 2057 3779 quos

639 3823 777 3908 ceperat
789 3813 827 3883 iu
841 3813 955 3883 Illonte
968 3809 1081 3899 Clare,
1096 3829 1183 3902 quos
1197 3806 1264 3902 ipsi
1278 3807 1405 3878 milites
1422 3805 1550 3900 eligere
1563 3806 1762 3878 voluerunt.

687 3935 751 4008 Die
763 3934 937 4008 dominico
953 3933 1016 4006 XII
1033 3932 1199 4006 kalendas
1214 3931 1346 4028 aprilis,
1365 3929 1528 4004 dominus
1546 3927 1729 4026 Gregorius
1745 3952 1836 4027 papa
1852 3951 2054 4004 excommu-

681 4267 723 4350 (α)
745 4271 781 4333 In
793 4269 894 4331 codiee
906 4268 1037 4350 captati,
1052 4285 1104 4346 per
1116 4266 1304 4328 amanuensis
1315 4265 1514 4328 omlmntlam.

679 4373 721 4455 (b)
742 4377 780 4438 In
793 4375 894 4437 codice
907 4393 962 4457 quc
974 4380 1038 4436 aral
1049 4371 1159 4455 aplane.

680 4480 719 4561 (c)
743 4482 840 4544 Locus
852 4483 995 4556 Incertus,
1010 4483 1068 4542 nlsi
1081 4479 1238 4560 legendum
1252 4481 1292 4541 alt
1302 4479 1460 4542 doituum.

679 4586 724 4669 (d)
740 4587 810 4662 δῖος
825 4589 878 4650 sed
890 4604 981 4666 supra
993 4585 1146 4668 cndipium,
1161 4585 1284 4647 lorsltan
1298 4587 1403 4664 gallice
1413 4585 1514 4666 coopl.

679 4692 718 4774 (r)
743 4694 877 4758 Tltqum
888 4710 942 4773 pro
954 4695 1076 4756 nomine
1088 4694 1191 4756 Inserit
1203 4697 1316 4773 auctu,
1331 4692 1404 4754 dum
1416 4691 1507 4754 luerit
1520 4695 1626 4754 vocata
1639 4685 1788 4753 Adclcaia.
