4676 6066
753 661 993 724 cflaoulcon
1019 661 1324 725 rencsnrrnutt
1727 661 1749 722 3

331 799 461 896 apertis
480 799 517 872 in
540 799 653 895 ipsam
674 798 905 889 intraverunt,
930 799 1103 872 neminem
1126 797 1342 872 invenientes
1364 797 1402 870 in
1421 805 1598 892 eaproter
1621 796 1749 870 milites

331 931 367 996 et
386 923 560 1020 quosdam
585 923 742 1018 captivos
762 923 825 1018 qui
850 923 887 996 in
902 922 997 996 urbe
1019 930 1269 1014 remanserant,
1292 930 1327 994 et
1351 919 1549 994 habuerunt
1572 919 1748 994 civitatem

332 1055 368 1122 et
380 1068 423 1120 ea
437 1048 553 1122 omnia
568 1067 639 1142 qne
659 1047 696 1118 in
717 1047 794 1142 ipsa
809 1055 918 1120 eram.
941 1047 1015 1121 Hoc
1033 1045 1153 1120 audito
1179 1068 1199 1119 a
1219 1045 1463 1141 popularibus,
1484 1052 1591 1119 mesta
1619 1043 1749 1118 turbati

331 1170 467 1263 ingenti
495 1170 615 1244 dolore
645 1179 680 1244 et
706 1170 842 1244 tristitia
858 1171 1040 1263 commoti,
1065 1169 1266 1244 festinanter
1289 1168 1336 1243 ad
1364 1169 1488 1242 urbem
1513 1168 1693 1243 redierum
1715 1176 1751 1242 et

332 1292 498 1388 hospitati
524 1294 663 1366 luerunt
685 1313 792 1388 prope
815 1294 997 1368 ecclesiam
1026 1293 1143 1368 Sancti
1169 1291 1313 1366 Lorarii.
1346 1291 1416 1365 Sed
1443 1291 1570 1364 milites
1598 1292 1660 1385 qui
1686 1313 1749 1364 re-

332 1426 536 1490 manserunt
553 1426 652 1490 extra
669 1417 843 1490 civitatem
861 1417 1066 1512 gravissime
1082 1439 1142 1492 eos
1156 1415 1433 1506 inserebantur
1449 1415 1546 1510 quod
1561 1422 1751 1490 mercatum

333 1538 463 1614 habere
484 1561 555 1614 non
578 1549 749 1637 poteraut.
772 1540 930 1636 Cumque
950 1549 1026 1616 acta
1053 1542 1120 1614 hec
1141 1541 1304 1632 inissent,
1328 1539 1456 1614 accidit
1477 1538 1600 1612 divino
1616 1538 1752 1632 judicio

333 1665 514 1738 voluntate
534 1665 673 1738 Domini
697 1663 805 1738 nostri
830 1664 912 1738 Jeeu
931 1663 1072 1758 Christi,
1094 1687 1204 1760 aquo
1233 1672 1358 1738 cuncta
1385 1663 1478 1736 bona
1501 1661 1695 1736 succedunt
1719 1671 1754 1736 et

334 1789 411 1860 sine
426 1809 499 1881 quo
514 1789 565 1860 nil
587 1787 662 1862 lieri
683 1796 812 1885 potest,
834 1789 960 1862 milites
982 1789 1109 1862 comoti
1131 1789 1367 1862 misericordia
1383 1796 1419 1862 et
1437 1787 1582 1884 pietate,
1605 1807 1752 1881 cognos-

336 1917 452 1984 centes
473 1911 666 2004 nequitiam
686 1920 723 1983 ot
744 1910 953 1986 demenfiam
974 1933 1110 2005 eorum,
1136 1921 1313 2005 gementes
1334 1921 1369 1984 et
1388 1911 1563 2007 plorantes
1582 1920 1618 1984 et
1634 1912 1753 2008 lacry-

335 2033 455 2107 mabili
476 2055 565 2108 voce
582 2033 740 2108 dicentes
758 2059 768 2106 e
786 2033 878 2128 Pax,
898 2039 991 2131 paxl
1019 2037 1176 2111 similiter
1193 2037 1379 2133 populares
1392 2036 1595 2132 plangentes
1613 2045 1648 2109 et
1665 2055 1751 2132 poo-

335 2165 411 2230 tora
430 2178 552 2232 eornm
576 2157 739 2230 manibus
759 2159 1016 2254 percucientes,
1040 2170 1286 2254 cognoscentes
1307 2159 1497 2255 nequitiam
1517 2168 1552 2234 et
1573 2158 1753 2232 multifium

337 2300 475 2372 eorum,
502 2283 572 2354 alta
593 2301 682 2355 voce
709 2281 899 2356 dicebant:
921 2281 1014 2369 Pax,
1042 2285 1131 2377 pax!
1157 2283 1201 2354 Et
1221 2284 1377 2357 exientes
1396 2283 1523 2356 militm
1545 2281 1591 2356 de
1613 2283 1753 2357 civitate

337 2413 462 2478 euntes
477 2425 600 2478 versus
613 2406 785 2502 populum
802 2405 1001 2500 plangendo
1017 2413 1054 2478 et
1070 2404 1259 2500 gemenda
1278 2405 1366 2478 inter
1381 2427 1420 2478 se
1436 2404 1647 2479 adinvicem
1663 2407 1756 2501 cepit

336 2527 422 2601 alter
441 2529 549 2602 aliurn
572 2529 735 2602 osculari.
756 2529 828 2602 Nec
843 2527 894 2625 (a)
912 2537 996 2601 tunc
1014 2537 1106 2602 esset
1127 2529 1253 2624 aliquis
1270 2537 1342 2602 tam
1361 2529 1432 2602 tere
1456 2536 1491 2600 et
1509 2527 1661 2602 crudelis
1687 2551 1754 2602 na-

336 2661 414 2725 ture
429 2653 492 2746 qui
506 2651 677 2747 potuisset
693 2651 852 2726 lacrimas
868 2652 1044 2726 continere
1058 2651 1120 2748 (t),
1135 2651 1220 2746 quia
1234 2651 1281 2748 (c)
1294 2651 1414 2726 videat
1428 2652 1554 2725 militas
1568 2661 1603 2725 et
1619 2653 1754 2748 pedites

337 2770 512 2866 plorantes
539 2780 575 2844 et
596 2778 772 2866 gementes
799 2779 835 2846 et
857 2779 998 2868 pectora
1020 2795 1086 2848 sua
1111 2775 1366 2870 percucientes,
1393 2774 1501 2850 etsie
1526 2775 1693 2850 intrantes
1716 2778 1754 2849 in

339 2893 530 2986 civitatem,
550 2895 736 2970 concordia
751 2903 788 2970 et
805 2917 878 2993 pax
891 2917 980 2972 voce
991 2893 1068 2994 (arc)
1087 2897 1152 2972 fuit
1177 2899 1267 2973 inter
1286 2919 1347 2973 eos
1365 2921 1427 2996 per
1448 2899 1646 2974 universam
1667 2900 1755 2973 civi-

338 3025 443 3092 tatem
459 3027 495 3094 et
511 3017 714 3092 destrictum
730 3017 904 3094 Placentia
919 3017 935 3117 (
959 3017 1004 3118 ).]

384 3141 433 3216 Μ.
450 3141 538 3214 XCI.
558 3142 730 3216 Placentia
746 3143 830 3218 arsit
846 3144 883 3218 in
900 3144 1044 3220 sabbato
1057 3155 1178 3220 sancto
1193 3145 1261 3246 (2).

385 3263 434 3338 ll.
448 3263 484 3338 C.
494 3265 566 3338 Vll.
584 3267 624 3338 ln
636 3267 756 3362 rigia
766 3268 881 3342 Sancti
891 3270 1120 3346 Bartholomei
1135 3271 1188 3368 (3)
1201 3273 1366 3348 Cremona
1380 3293 1460 3345 cum
1473 3271 1578 3370 Papia
1593 3281 1628 3347 et
1638 3271 1759 3348 Laude

339 3387 568 3464 incenderunt
584 3389 736 3487 burgum
754 3391 921 3468 renone.

381 3563 424 3645 (a)
445 3567 482 3628 n
495 3565 653 3628 enare

380 3667 423 3750 (a)
444 3671 480 3732 n
492 3671 753 3735 anemae.

382 3773 421 3854 (ι)
444 3775 679 3854 neceque.

375 4091 414 4164 (t)
431 4091 501 4149 Toot
510 4090 536 4148 le
549 4107 663 4165 passage
673 4093 726 4149 mis
736 4097 812 4150 entre
823 4092 946 4152 crochets
957 4109 988 4151 ae
1001 4101 1096 4152 trouve
1106 4095 1173 4154 dans
1184 4095 1209 4154 le
1222 4097 1369 4155 manuscrit
1381 4113 1417 4157 an
1430 4099 1476 4158 fol.
1491 4103 1573 4174 olm,
1582 4105 1616 4160 tt
1628 4113 1664 4162 το.
1678 4105 1699 4162 ll
1709 4110 1752 4163 est

338 4187 417 4262 place
430 4203 465 4245 en
483 4189 602 4246 manitre
615 4189 752 4263 d'tpisode
768 4197 851 4250 arant
869 4189 895 4248 le
909 4191 1030 4249 Libellos
1047 4193 1177 4266 tristitie,
1190 4195 1238 4268 qni
1258 4197 1328 4254 n’est
1349 4202 1426 4256 auca
1442 4197 1539 4271 chose,
1559 4213 1665 4258 comme
1682 4217 1752 4260 nous

338 4281 442 4342 l'avons
454 4284 495 4341 dit
504 4285 571 4342 dans
582 4284 609 4343 la
619 4285 740 4359 preface,
755 4303 809 4360 que
820 4286 848 4344 la
858 4287 1006 4361 chronique
1016 4289 1148 4348 attribute
1165 4289 1247 4350 isira
1262 4293 1339 4350 Ranl.
1352 4293 1493 4352 L’hiatoire
1511 4295 1546 4352 de
1564 4295 1698 4355 Plaisance
1715 4313 1752 4356 au

338 4391 438 4454 moyen
449 4377 501 4454 ige
512 4381 588 4440 etam
602 4383 715 4456 remplie
726 4399 779 4458 par
793 4381 894 4443 lalutte
906 4385 943 4442 du
958 4387 1028 4460 parti
1039 4387 1243 4463 maneatque
1255 4395 1283 4448 et
1293 4391 1329 4448 dn
1342 4392 1411 4466 parti
1424 4391 1574 4466 populaire,
1588 4409 1655 4452 nous
1667 4410 1752 4454 avons

338 4491 388 4534 cru
401 4476 494 4536 devoir
511 4479 653 4538 intercaler
666 4479 700 4536 ici
712 4477 729 4538 a
742 4495 773 4540 aa
785 4479 849 4540 dae
861 4481 887 4540 le
900 4482 968 4540 recit
981 4483 1043 4542 nati
1060 4490 1089 4543 et
1107 4485 1274 4561 dramatique
1289 4488 1369 4547 d’une
1389 4489 1438 4547 des
1453 4491 1601 4564 premieres
1619 4493 1751 4566 querellae

338 4573 385 4647 qui
397 4573 560 4648 emerent
567 4581 639 4636 cette
652 4575 728 4636 lutte.

374 4671 410 4744 (2)
429 4673 463 4728 ts
475 4671 549 4730 avril

376 4766 413 4842 (3)
433 4771 467 4828 23
478 4770 551 4828 cont.
