4676 6066
603 655 625 718 6
1023 663 1265 729 Geronteon
1289 669 1591 732 PLACEN'I'INUM.

604 792 778 867 destructa
802 793 849 866 ab
871 795 995 871 eodem
1011 800 1174 876 Pederico
1194 803 1417 900 Imperatore,
1448 805 1612 900 stetitque
1634 805 1685 879 ibi
1704 805 1740 878 in
1758 804 1942 882 obsidione
1958 831 2020 906 par

603 937 729 990 novem
745 939 881 992 menses
906 921 1083 1016 continno,
1102 925 1223 1022 ibique
1251 929 1330 1000 lecit
1350 937 1461 1002 casea
1477 927 1654 1022 lignorum
1671 953 1778 1028 super
1794 931 1924 1028 quibus
1938 934 2019 1030 poni

604 1041 750 1115 iaciebat
766 1042 906 1116 obsides
921 1045 1229 1122 Mediolanensium
1246 1053 1341 1147 qula
1354 1053 1531 1150 lapidibus
1546 1055 1710 1149 mangoni
1728 1055 1904 1131 intrinseci
1923 1067 2017 1153 pate·

602 1165 742 1238 bantur.

650 1290 699 1361 M.
717 1286 753 1361 C.
771 1289 878 1382 LXII,
896 1311 1014 1364 mense
1031 1293 1141 1366 martii
1163 1295 1198 1366 in
1224 1297 1345 1370 ultima
1367 1297 1576 1391 ebdomada,
1602 1300 1725 1374 civitas
1747 1301 1934 1377 Mediolani
1957 1303 2019 1376 fnit

604 1411 777 1486 destructa
790 1413 836 1486 ab
854 1415 1059 1511 imperatore
1071 1417 1247 1510 Pedaion,
1266 1419 1363 1494 unde
1379 1443 1528 1496 versus:

724 1564 880 1637 Circnlns
903 1588 1073 1640 annorum
1098 1567 1209 1666 [cum]
1236 1571 1420 1665 sexaginta
1445 1571 1594 1645 duorum

724 1689 817 1762 Mille
839 1711 918 1761 cnm
942 1701 1081 1765 centum
1102 1703 1195 1787 patet
1214 1693 1448 1769 Mediolanum
1465 1697 1639 1791 digamata
1653 1698 1785 1772 victum
1803 1697 1869 1792 (l).

651 1839 700 1910 M.
715 1838 753 1912 C.
769 1841 875 1933 LXII,
892 1841 1078 1917 indictione
1090 1845 1138 1917 XI
1148 1842 1213 1943 (2),
1231 1845 1389 1940 diejovis
1401 1846 1436 1920 X
1451 1847 1615 1920 kalendas
1634 1845 1846 1936 decembris,
1863 1849 1899 1920 in
1918 1849 2019 1942 plena

602 1964 760 2037 contione
790 1965 961 2039 Placentia
989 1967 1186 2041 Ramabons
1212 1969 1261 2066 (a)
1287 1979 1405 2044 sancte
1429 1969 1641 2044 ColonIensis
1664 1971 1808 2043 ecclesie
1833 1971 2019 2066 episcopus

602 2087 754 2182 precepit
774 2087 979 2163 Placentinis
992 2111 1054 2185 per
1069 2092 1258 2164 Obizonem
1274 2091 1503 2165 Buccalollem
1519 2103 1558 2165 ut
1578 2115 1600 2166 a
1616 2091 1791 2166 dominica
1806 2093 1966 2189 proxima
1981 2096 2018 2168 in

602 2217 705 2280 antea
722 2209 872 2282 habeant
896 2219 931 2282 et
953 2222 1093 2285 teneant
1115 2213 1311 2308 imperiales
1332 2215 1426 2286 intus
1444 2215 1618 2288 civitatem
1637 2223 1672 2287 et
1685 2215 1814 2288 deforis
1828 2238 1891 2311 pro
1906 2217 2018 2313 capite

601 2341 755 2424 monete,
778 2340 813 2405 et
827 2343 911 2406 ωηο
925 2334 1114 2406 Placentini
1133 2336 1272 2409 fuerunt
1294 2337 1440 2410 abstuti.
1457 2337 1501 2409 Et
1516 2337 1696 2412 Arnardns
1721 2340 1918 2416 barbarara
1933 2349 2016 2413 ωηο

599 2465 733 2552 preerat
750 2455 921 2528 Placentie
939 2478 1002 2550 per
1017 2457 1218 2531 Fodericum
1234 2461 1487 2554 imperatorem.

648 2579 697 2652 M.
712 2579 750 2651 C.
765 2579 887 2670 LXIII,
903 2589 982 2674 post
996 2581 1150 2656 Natalem
1162 2583 1321 2674 Domini,
1341 2584 1526 2680 imperator
1542 2584 1727 2658 Federiens
1743 2586 1836 2658 stetit
1855 2608 1918 2683 per
1937 2587 2017 2661 Ple-

599 2703 772 2775 centinum
788 2723 849 2796 per
866 2703 1010 2794 longum
1026 2711 1175 2798 tempus.

648 2826 696 2900 M.
705 2823 741 2899 C.
750 2827 884 2917 LXIIII,
899 2849 1017 2899 mense
1026 2827 1224 2924 septembri,
1237 2825 1597 2923 predictusdrnaldus
1608 2827 1719 2901 exivit
1730 2827 1969 2922 doPlacentia,
1981 2839 2016 2903 et

534 3037 539 3048 ¹
600 2951 637 3022 in
651 2971 770 3022 mense
788 2951 911 3022 martio
926 2951 1087 3046 proximo
1098 2951 1220 3025 Rivola
1237 2960 1389 3024 castrum
1397 2951 1666 3024 Voreellensium
1676 2947 1723 3048 (b)
1738 2951 1804 3024 ruit
1815 2962 1955 3048 captum
1970 2953 2015 3027 ab

599 3075 731 3150 eisdem
744 3075 1019 3147 vercellensibus
1035 3073 1081 3170 (c)
1099 3074 1182 3168 quia
1199 3097 1220 3146 a
1238 3074 1478 3147 Theothonicis
1497 3075 1688 3147 tenebatur.
1704 3075 1818 3147 Prima
1835 3075 1893 3148 die
1917 3078 2018 3169 ejus-

599 3197 680 3272 dem
696 3199 824 3270 mensis
836 3197 1079 3271 Fredenzonus
1093 3199 1223 3270 electus
1236 3197 1335 3270 obiit.
1348 3197 1391 3270 Et
1403 3199 1618 3272 Resurrectio
1630 3197 1767 3271 Domini
1784 3206 1868 3271 ωηο
1880 3200 1947 3272 fuit
1957 3201 2017 3273 IIII

598 3321 728 3395 mensis
741 3321 872 3416 aprilis.
888 3321 993 3394 Erant
1009 3330 1124 3393 autem
1139 3321 1222 3393 anni
1238 3321 1370 3393 domini
1382 3320 1539 3394 Federici
1554 3321 1767 3418 imperatoris
1783 3321 1860 3416 XII,
1881 3323 2016 3420 imperii

598 3467 682 3521 vero
696 3445 759 3518 XV
775 3443 842 3542 (3).

640 3638 682 3719 (a)
705 3637 754 3700 Sic
765 3640 799 3699 tn
811 3636 912 3698 codice
926 3654 935 3698 ε
950 3653 1061 3700 ηοηοη
1074 3653 1145 3700 nero
1157 3637 1296 3701 mutilum
1309 3653 1364 3716 pro
1378 3633 1563 3717 Praesidae.

641 3743 684 3826 (b)
705 3747 741 3806 In
754 3744 855 3806 codlce
866 3759 974 3804 omna.

641 3849 679 3930 (ο)
705 3851 742 3911 In
759 3849 860 3910 codice
872 3849 1013 3924 repetitur
1025 3848 1122 3926 Inepte
1131 3863 1242 3911 nerum.
1250 3849 1338 3924 Quod
1351 3849 1401 3912 hic
1414 3856 1445 3911 et
1457 3852 1529 3926 Illic,
1539 3856 1627 3928 prout
1637 3865 1742 3911 sensus
1753 3849 1857 3928 urgit,
1870 3848 1910 3910 ud
1923 3847 2014 3911 lidan

598 3964 780 4020 meleretum
793 3957 943 4018 annattum
955 3957 1139 4033 corrigimus.
1938 3959 1941 3972 '

635 4195 673 4266 (t)
692 4192 729 4249 La
739 4206 847 4248 mesura
860 4189 896 4246 dn
915 4205 978 4247 vers
997 4189 1125 4264 exigerait
1136 4189 1255 4247 I’initiale
1265 4192 1307 4251 M.
1320 4205 1355 4248 an
1368 4191 1421 4248 Iien
1433 4191 1467 4247 ds
1479 4189 1676 4249 Mediolanum.
1688 4189 1731 4247 An
1745 4187 1813 4246 rot.r
1827 4199 1859 4247 ηο
1876 4189 1913 4247 du
1925 4189 2014 4248 meme

596 4287 759 4358 manuscrit,
772 4303 808 4344 on
832 4285 862 4343 lit
876 4293 955 4360 putet
975 4285 1052 4344 mille
1075 4286 1215 4360 dipomntc
1237 4287 1357 4358 victum,
1372 4302 1422 4360 par
1432 4301 1487 4343 uns
1500 4285 1589 4344 baruc
1601 4285 1638 4342 du
1649 4283 1765 4360 copiste,
1775 4284 1822 4359 qui
1835 4301 1902 4342 aura
1912 4286 1969 4360 pris
1986 4285 2013 4343 Ia

598 4387 677 4445 lettre
690 4387 723 4445 M
730 4400 799 4458 pour
811 4383 836 4440 la
847 4383 941 4440 chidra
953 4383 1035 4440 mille.
1049 4383 1073 4440 Δ
1086 4383 1113 4442 Ia
1126 4383 1203 4456 place
1216 4383 1250 4442 da
1263 4383 1290 4441 Ia
1302 4382 1392 4441 bonna
1406 4382 1481 4456 Iseon
1503 4382 1658 4456 diedmaro,
1672 4381 1720 4456 qni
1740 4387 1798 4440 sert
1813 4379 1831 4440 d
1845 4383 1969 4458 indiqnsr
1987 4383 2013 4442 lu

599 4485 732 4559 premiere
743 4481 823 4538 lettre
836 4480 872 4536 du
885 4494 948 4536 nom
961 4480 995 4538 de
1011 4479 1136 4538 arsetas
1148 4487 1176 4539 et
1190 4482 1236 4554 qni
1254 4489 1295 4540 est
1305 4499 1340 4540 en
1354 4485 1466 4556 rapport
1484 4495 1550 4538 avec
1565 4485 1636 4538 cette
1653 4479 1742 4536 meme
1759 4479 1862 4539 initlale
1872 4481 1918 4554 II,
1934 4482 1953 4540 iI
1966 4496 2014 4556 yn

597 4581 666 4640 dans
678 4581 703 4636 le
716 4579 863 4636 manuscut
877 4576 911 4634 de
926 4577 1044 4636 Londrcs
1063 4576 1761 4652 commentariumcoommentarium.

635 4681 672 4755 (2)
690 4680 814 4738 L’auteur
824 4693 854 4735 se
866 4683 922 4734 sert
932 4677 966 4735 ici
979 4677 1014 4736 de
1025 4677 1170 4737 I’indiction
1180 4685 1367 4752 commaneant
1376 4695 1410 4738 an
1422 4678 1585 4754 septembre.

635 4778 671 4852 (t)
689 4775 801 4849 lls’agit
814 4775 848 4832 de
861 4775 915 4832 I’an
927 4775 1214 4834 secundicerium
1225 4776 1273 4836 des
1282 4777 1381 4836 anndaa
1392 4777 1429 4836 du
1440 4778 1522 4851 regna
1534 4775 1570 4834 ds
1580 4772 1707 4832 Frtdtric
1719 4779 1762 4833 est
1775 4775 1890 4835 marcet.
