4568 6064
549 735 1006 844 Glossarium
1049 731 1579 842 vocontiorum

756 950 844 1021 ouen
861 949 896 1004 m
915 947 1012 1004 ursos
1028 947 1205 1004 eunomus
1223 948 1366 1014 ausum,

434 1076 470 1132 ur
487 1073 683 1132 moeurrom
701 1071 817 1127 runnu
834 1069 994 1125 amoram
1013 1068 1183 1124 ouossnmr
1202 1069 1360 1126 nurrroru
1378 1069 1447 1125 uou
1466 1071 1690 1128 mueruuurun

590 1197 662 1252 sum
679 1195 738 1251 sun
754 1192 834 1250 mro
850 1191 951 1249 smusu
968 1191 1147 1262 mmaoun
1164 1191 1302 1248 urrunsa
1320 1193 1535 1248 murmurum

810 1393 1320 1432 ψ

305 1663 442 1722 drmrurt
453 1657 629 1729 Placentini,
639 1651 833 1725 dimooitiads,
848 1649 1018 1728 mpprimds,

342 1755 437 1817 Adest
456 1750 536 1828 apud
561 1749 707 1827 Congium
732 1743 877 1820 nbatuda,
898 1742 1021 1802 abolute

343 1853 474 1924 moneta,
489 1846 520 1902 lu
534 1843 590 1902 hoe
601 1841 712 1900 scilieet
724 1853 811 1898 sensu
823 1833 858 1895 de
866 1835 963 1914 pretio
977 1829 1021 1892 di·

342 1941 468 2000 minuto.

303 2035 411 2107 Acrrn,
422 2031 522 2102 ostiis,
537 2043 591 2105 pro
604 2026 666 2085 aeia
676 2031 705 2084 et
716 2020 839 2084 aciemn.

303 2127 490 2202 Anmrrnm
505 2120 588 2202 seire
609 2117 657 2179 das
676 2118 791 2200 ripam
807 2115 904 2176 italiae
923 2118 1020 2174 amat·

304 2225 518 2382 nimiarum
531 2325 547 2364 u
561 2321 628 2366 eum
642 2304 757 2364 earooio
769 2307 800 2360 et
812 2301 873 2360 suls
883 2297 1023 2358 admisto

347 2408 414 2481 tisp
426 2420 457 2480 p.
471 2410 541 2478 eit,
552 2401 673 2459 forsitan
687 2413 741 2473 pro
753 2391 943 2454 admissariis.
959 2391 1021 2452 Aa·

345 2497 496 2558 missurius
510 2507 616 2570 equus,
631 2485 729 2548 oieoal
738 2488 840 2548 entier.
850 2485 1021 2547 Notandum

345 2597 390 2650 est
407 2596 478 2649 tuno
492 2587 631 2662 temporis
645 2598 715 2642 nnn.
734 2589 807 2640 1281
826 2595 918 2656 equos
930 2577 1022 2636 boum

344 2685 425 2742 vices
441 2683 473 2740 in
488 2677 633 2740 trahendo
651 2675 765 2735 euroeio
778 2671 939 2734 Mediolani
951 2685 1023 2746 sup-

345 2776 482 2852 plevlsse.

304 2869 454 2946 inarum,
469 2862 688 2943 promittam,
707 2857 845 2941 equipaqa
858 2855 893 2917 ds
908 2871 1022 2938 marre.

306 2963 480 3034 munuum,
502 2973 562 3017 vox
583 2961 619 3016 ut
640 2954 819 3014 arbitramur
845 2951 949 3010 mutila
970 2964 1024 3026 pro

344 3051 483 3122 aasaaaia,
500 3049 605 3122 dama,
619 3047 716 3107 aetion
729 3043 764 3104 de
776 3041 881 3104 s'uair.

306 3145 453 3220 dromus,
467 3143 577 3216 iooira;
590 3141 699 3215 italice,
713 3134 816 3198 aeolio.

306 3237 485 3309 Bersumno,
506 3250 561 3310 pro
585 3229 758 3303 beoniam,
772 3231 814 3306 'ln
837 3228 894 3287 hoo
914 3225 1025 3287 scilieet

347 3345 448 3406 sensu,
463 3332 567 3387 mettre
581 3341 621 3384 aa
634 3321 692 3383 ion
705 3321 739 3382 de
752 3319 892 3400 lempirs.

306 3425 429 3484 Bizono
450 3421 569 3501 (pluvie
590 3435 666 3496 quae
685 3414 881 3494 appellatur);
900 3413 1023 3474 forsitan

346 3533 401 3594 pro
423 3529 548 3575 romana
571 3513 667 3590 labri,
692 3527 730 3571 ex
751 3509 808 3570 hae
832 3515 914 3586 peste
933 3523 1024 3585 quum

347 3609 474 3668 Romani
494 3611 603 3666 vocant
618 3601 764 3664 maiar-ia.
782 3602 951 3663 idiotismus
969 3618 1024 3662 eu-

345 3705 395 3778 ius
417 3715 539 3761 sensum
564 3715 623 3758 non
646 3697 732 3774 plene
755 3700 942 3771 compertum
967 3693 1025 3754 he-

346 3795 466 3854 bemus.

307 3889 526 3960 Brinnianum,
541 3873 771 3958 adimantum
783 3882 942 3964 aprimaat,
956 3899 1026 3942 sarrs

348 3979 470 4038 eraints.

309 4075 466 4148 Genusus,
480 4067 598 4130 amtor
610 4067 877 4146 academiarum
890 4065 1024 4146 caldana,

348 4164 378 4226 la
391 4159 509 4224 adoher
526 4159 561 4222 de
577 4159 661 4223 midi.

310 4257 455 4334 murus,
470 4273 523 4333 pro
539 4272 671 4332 marera,
687 4257 718 4314 ln
736 4270 856 4315 sensum
877 4256 1028 4333 gestatorit

350 4355 491 4414 thesauri.

311 4448 484 4521 crurum,
495 4443 601 4504 domus
615 4445 646 4502 ln
659 4442 779 4503 modum
793 4442 954 4503 iomenctae
966 4443 1029 4503 ‹lis-

352 4539 447 4616 poslta
465 4555 473 4597 ε
489 4555 505 4593 a
521 4535 580 4596 Ivit
598 4537 637 4596 ad
654 4537 832 4596 caminatam
846 4535 949 4597 Ubertt
964 4537 1029 4596 Aa·

351 4632 448 4690 vocati
463 4647 540 4706 quae
553 4645 683 4706 pereum
693 4631 830 4706 guarnitu
843 4634 906 4687 erat
915 4633 945 4687 et
957 4628 1028 4688 (lata

1148 1655 1179 1709 et
1196 1652 1317 1726 possim.
1333 1651 1418 1711 ilaue
1436 1667 1538 1712 vocem
1557 1653 1589 1711 ln
1605 1653 1716 1712 nostris
1733 1651 1827 1712 chro-

1147 1745 1222 1802 niols
1235 1744 1273 1803 ad
1287 1745 1442 1820 specialem
1456 1761 1574 1805 sensum
1592 1762 1764 1806 eonversam
1777 1763 1825 1806 er-

1147 1834 1293 1896 bitramur
1307 1855 1344 1897 ex
1359 1838 1486 1918 camino,
1508 1835 1619 1897 aiamim
1631 1843 1760 1913 oouoarl,
1777 1838 1827 1896 vie

1147 1931 1259 1990 soilloei
1272 1931 1311 1990 ad
1330 1933 1387 1991 looi
1407 1933 1660 2008 propugnaculum
1677 1931 1760 1990 intus
1781 1929 1824 1989 el·

1149 2021 1237 2082 losse.

1107 2113 1273 2190 Canium,
1298 2123 1416 2176 moneta
1440 2133 1511 2176 cusa
1533 2118 1564 2176 in
1584 2115 1721 2176 districtu
1741 2130 1825 2175 mar·

1148 2207 1260 2268 chionis
1277 2209 1314 2268 ‹ie
1327 2209 1440 2271 narem

1107 2298 1256 2360 Gnnnrrus
1279 2301 1350 2377 (ia),
1371 2317 1423 2378 pro
1443 2301 1476 2360 ira
1493 2299 1672 2375 cardinibus,
1698 2299 1772 2360 dans
1786 2297 1826 2362 io

1149 2389 1264 2454 limitas.

1109 2486 1245 2563 Currus,
1266 2487 1464 2548 verisimiliter
1485 2505 1538 2565 pro
1557 2495 1666 2565 cattas,
1688 2487 1827 2548 tormenti

1150 2580 1246 2639 bellici
1259 2572 1381 2656 speeies.
1588 2653 1590 2660 ¹

1110 2671 1352 2746 Cnssrunrrrurr,
1382 2673 1479 2734 itellee
1506 2679 1683 2750 casamento,
1716 2669 1827 2754 pronde

1151 2766 1279 2844 maian,
1296 2764 1369 2825 heau
1381 2763 1463 2848 lopo.

1113 2858 1243 2936 mer,
1262 2875 1315 2936 pro
1328 2859 1449 2932 cassina,
1464 2859 1617 2936 praedium
1629 2861 1785 2920 rusticum.

1112 2950 1250 3026 Curari,
1271 2967 1324 3028 pro
1341 2953 1500 3030 cepaticum
1505 2973 1521 3028 ;
1541 2955 1638 3014 italice
1659 2953 1778 3032 aappoia
1799 2959 1829 3013 et

1153 3050 1288 3122 cappatis,
1303 3049 1426 3106 trnneus
1439 3047 1488 3106 vel
1502 3050 1592 3123 stipes
1606 3047 1644 3107 nd
1658 3062 1746 3106 usum
1758 3043 1829 3106 belll

1153 3145 1284 3213 paratus.

1114 3230 1227 3308 Quas,
1239 3250 1299 3292 vox
1313 3233 1392 3294 italis
1405 3233 1517 3311 endem,
1530 3231 1622 3293 miliae
1633 3231 1746 3296 odotem.
1761 3231 1828 3298 vti.

1153 3325 1298 3404 Congium
1309 3324 1432 3385 amuda
1445 3333 1474 3386 et
1487 3325 1615 3386 conida.

1113 3417 1282 3492 Curious,
1298 3436 1352 3496 pro
1366 3416 1521 3496 cymbala,
1536 3415 1674 3497 cymbala.

1114 3511 1283 3588 Couroruu,
1298 3509 1454 3593 aadipium‘,
1469 3513 1655 3592 compatiare
1668 3511 1829 3590 eodigium,

1155 3601 1266 3664 donner
1278 3607 1375 3686 compi,
1390 3623 1535 3683 reaooper.

1116 3697 1330 3774 Consentinis,
1342 3714 1395 3774 pro
1407 3699 1583 3778 impetrare:
1596 3717 1611 3754 a
1622 3697 1832 3775 eompetrundo

1154 3791 1656 3868 auxiliumamioorum‚rioaissaat
1668 3787 1708 3850 iss
1720 3805 1833 3849 seaours

1145 3883 1264 3965 solornis
1272 3902 1333 3964 par
1346 3881 1423 3944 leurs
1431 3885 1517 3945 amis.
1533 3905 1549 3942 s

1115 3977 1307 4055 Coarnmm
1324 3977 1401 4037 tenir·
1411 3995 1477 4038 aoso
1486 3973 1652 4058 qoetqo’on,
1664 3977 1724 4037 itae
1734 3974 1768 4035 ds
1781 3993 1833 4036 soa

1150 4071 1251 4150 parti,
1272 4071 1395 4131 forsitan
1417 4087 1473 4148 pro
1492 4077 1673 4144 contentam,
1698 4073 1834 4131 assentiri

1156 4166 1202 4225 vel
1217 4153 1393 4226 consentire.
1409 4166 1546 4225 insensu
1563 4165 1667 4224 eodem
1681 4165 1832 4224 eontinen-

1157 4257 1200 4317 tia
1212 4273 1266 4333 pro
1275 4256 1497 4334 pastinandam,
1515 4253 1601 4336 tipus.

1116 4349 1305 4412 Coarnrcrus
1319 4366 1372 4425 pro
1384 4348 1539 4428 confictus,
1557 4346 1694 4426 ddcoastt,
1716 4349 1775 4407 nlsi
1796 4365 1836 4408 ex

1156 4445 1246 4503 verbo
1259 4441 1388 4523 fricare,
1404 4441 1531 4521 fristra,
1557 4444 1700 4519 originem
1723 4449 1834 4504 sumat.

1156 4537 1222 4611 Quo
1244 4553 1331 4598 sensu
1345 4536 1479 4616 consrieti
1488 4534 1617 4614 suamet
1634 4542 1662 4595 et
1679 4533 1838 4613 diseoaficti

1157 4628 1199 4708 (p.
1221 4628 1288 4708 ³65)
1306 4633 1422 4708 vulgari
1446 4632 1576 4689 sermoni
1598 4636 1699 4689 nostro
1713 4645 1836 4706 respon·

352 4723 503 4784 obsidione
512 4739 577 4782 eam
591 4725 668 4800 oepit
678 4727 708 4781 et
721 4721 878 4782 destruxit.
892 4721 954 4781 rP.
968 4729 1027 4782 nio
1071 4701 1077 4784 Ι
1154 4723 1235 4782 deret
1251 4740 1258 4782 ε
1274 4718 1310 4782 iis
1317 4719 1427 4802 serant
1432 4721 1542 4800 fractis
1560 4729 1588 4783 at
1599 4719 1747 4802 dacoafio.
