<?xml version="1.0" encoding="UTF-8"?>
<!DOCTYPE html PUBLIC "-//W3C//DTD XHTML 1.0 Transitional//EN"
    "http://www.w3.org/TR/xhtml1/DTD/xhtml1-transitional.dtd">
<html xmlns="http://www.w3.org/1999/xhtml" xml:lang="en" lang="en">
 <head>
  <title>
</title>
<meta http-equiv="Content-Type" content="text/html;charset=utf-8" />
  <meta name='ocr-system' content='tesseract 3.04.00' />
  <meta name='ocr-capabilities' content='ocr_page ocr_carea ocr_par ocr_line ocrx_word'/>
</head>
<body>
  <div class='ocr_page' id='page_1' title='image "./chroniconplacen00huilgoog_0436.png"; bbox 0 0 4568 6064; ppageno 0'>
   <div class='ocr_carea' id='block_1_1' title="bbox 820 601 1715 716">
    <p class='ocr_par' dir='ltr' id='par_1_1' title="bbox 820 601 1715 716">
     <span class='ocr_line' id='line_1_1' title="bbox 820 601 1715 716; baseline -0.001 -4"><span class='ocrx_word' id='word_1_1' title='bbox 820 653 861 712; x_wconf 81' lang='lat' dir='ltr'><strong>llll</strong></span> <span class='ocrx_word' id='word_1_2' title='bbox 885 653 1025 714; x_wconf 74' lang='lat' dir='ltr'><strong>lrallll</strong></span> <span class='ocrx_word' id='word_1_3' title='bbox 1050 601 1203 716; x_wconf 65' lang='lat' dir='ltr'><strong>oneris,</strong></span> <span class='ocrx_word' id='word_1_4' title='bbox 1655 651 1715 712; x_wconf 78' lang='lat'><strong>3¹17</strong></span> 
     </span>
    </p>
   </div>
   <div class='ocr_carea' id='block_1_2' title="bbox 270 761 1720 4703">
    <p class='ocr_par' dir='ltr' id='par_1_2' title="bbox 300 761 1718 1594">
     <span class='ocr_line' id='line_1_2' title="bbox 352 761 1716 876; baseline 0.003 -24"><span class='ocrx_word' id='word_1_5' title='bbox 352 781 415 854; x_wconf 90' lang='lat' dir='ltr'><strong>Die</strong></span> <span class='ocrx_word' id='word_1_6' title='bbox 433 783 571 856; x_wconf 89' lang='lat' dir='ltr'><strong>veneris</strong></span> <span class='ocrx_word' id='word_1_7' title='bbox 585 783 674 856; x_wconf 87' lang='lat' dir='ltr'><strong>vllll</strong></span> <span class='ocrx_word' id='word_1_8' title='bbox 692 785 821 858; x_wconf 88' lang='lat' dir='ltr'><strong>mensis</strong></span> <span class='ocrx_word' id='word_1_9' title='bbox 838 787 986 876; x_wconf 87' lang='lat' dir='ltr'><strong>januarii</strong></span> <span class='ocrx_word' id='word_1_10' title='bbox 1004 786 1179 860; x_wconf 81' lang='lat' dir='ltr'><strong>Rolandns</strong></span> <span class='ocrx_word' id='word_1_11' title='bbox 1201 785 1381 859; x_wconf 86' lang='lat' dir='ltr'><strong>Granellus</strong></span> <span class='ocrx_word' id='word_1_12' title='bbox 1397 793 1432 858; x_wconf 85' lang='lat' dir='ltr'><strong>et</strong></span> <span class='ocrx_word' id='word_1_13' title='bbox 1445 780 1612 856; x_wconf 86' lang='lat' dir='ltr'><strong>Luxiardi</strong></span> <span class='ocrx_word' id='word_1_14' title='bbox 1636 761 1716 856; x_wconf 86' lang='lat' dir='ltr'><strong>curn</strong></span> 
     </span>
     <span class='ocr_line' id='line_1_3' title="bbox 304 904 1717 984; baseline 0.003 -8"><span class='ocrx_word' id='word_1_15' title='bbox 304 904 383 976; x_wconf 90' lang='lat' dir='ltr'><strong>aliis</strong></span> <span class='ocrx_word' id='word_1_16' title='bbox 419 926 538 978; x_wconf 89' lang='lat' dir='ltr'><strong>eorum</strong></span> <span class='ocrx_word' id='word_1_17' title='bbox 568 907 687 980; x_wconf 89' lang='lat' dir='ltr'><strong>amieis</strong></span> <span class='ocrx_word' id='word_1_18' title='bbox 716 909 932 982; x_wconf 84' lang='lat' dir='ltr'><strong>intraverunt</strong></span> <span class='ocrx_word' id='word_1_19' title='bbox 965 911 999 982; x_wconf 92' lang='lat' dir='ltr'><strong>in</strong></span> <span class='ocrx_word' id='word_1_20' title='bbox 1033 913 1367 984; x_wconf 84' lang='lat' dir='ltr'><strong>Petranscremonam</strong></span> <span class='ocrx_word' id='word_1_21' title='bbox 1393 909 1597 980; x_wconf 88' lang='lat' dir='ltr'><strong>rebellantes</strong></span> <span class='ocrx_word' id='word_1_22' title='bbox 1622 930 1717 980; x_wconf 91' lang='lat' dir='ltr'><strong>oom-</strong></span> 
     </span>
     <span class='ocr_line' id='line_1_4' title="bbox 302 1027 1716 1125; baseline 0.003 -27"><span class='ocrx_word' id='word_1_23' title='bbox 302 1027 400 1098; x_wconf 91' lang='lat' dir='ltr'><strong>muni</strong></span> <span class='ocrx_word' id='word_1_24' title='bbox 419 1029 610 1120; x_wconf 87' lang='lat' dir='ltr'><strong>Placentie;</strong></span> <span class='ocrx_word' id='word_1_25' title='bbox 633 1031 668 1100; x_wconf 92' lang='lat' dir='ltr'><strong>in</strong></span> <span class='ocrx_word' id='word_1_26' title='bbox 686 1033 787 1121; x_wconf 85' lang='lat' dir='ltr'><strong>cnjus</strong></span> <span class='ocrx_word' id='word_1_27' title='bbox 808 1033 1035 1106; x_wconf 88' lang='lat' dir='ltr'><strong>obsoiditione</strong></span> <span class='ocrx_word' id='word_1_28' title='bbox 1056 1034 1196 1105; x_wconf 89' lang='lat' dir='ltr'><strong>iverunt</strong></span> <span class='ocrx_word' id='word_1_29' title='bbox 1210 1031 1399 1104; x_wconf 87' lang='lat' dir='ltr'><strong>Placentini</strong></span> <span class='ocrx_word' id='word_1_30' title='bbox 1426 1053 1506 1103; x_wconf 90' lang='lat' dir='ltr'><strong>cum</strong></span> <span class='ocrx_word' id='word_1_31' title='bbox 1532 1053 1659 1125; x_wconf 77' lang='lat' dir='ltr'><strong>magna</strong></span> <span class='ocrx_word' id='word_1_32' title='bbox 1682 1031 1716 1102; x_wconf 91' lang='lat' dir='ltr'><strong>vi</strong></span> 
     </span>
     <span class='ocr_line' id='line_1_5' title="bbox 301 1149 1718 1249; baseline 0.004 -27"><span class='ocrx_word' id='word_1_33' title='bbox 301 1149 554 1224; x_wconf 89' lang='lat' dir='ltr'><strong>hallistemmm</strong></span> <span class='ocrx_word' id='word_1_34' title='bbox 575 1163 609 1224; x_wconf 93' lang='lat' dir='ltr'><strong>et</strong></span> <span class='ocrx_word' id='word_1_35' title='bbox 628 1153 785 1247; x_wconf 89' lang='lat' dir='ltr'><strong>peditum</strong></span> <span class='ocrx_word' id='word_1_36' title='bbox 809 1163 844 1226; x_wconf 93' lang='lat' dir='ltr'><strong>et</strong></span> <span class='ocrx_word' id='word_1_37' title='bbox 863 1158 1032 1249; x_wconf 88' lang='lat' dir='ltr'><strong>equitnm.</strong></span> <span class='ocrx_word' id='word_1_38' title='bbox 1058 1159 1186 1228; x_wconf 83' lang='lat' dir='ltr'><strong>Tamen</strong></span> <span class='ocrx_word' id='word_1_39' title='bbox 1213 1156 1347 1226; x_wconf 89' lang='lat' dir='ltr'><strong>interim</strong></span> <span class='ocrx_word' id='word_1_40' title='bbox 1376 1164 1540 1226; x_wconf 90' lang='lat' dir='ltr'><strong>tractatur</strong></span> <span class='ocrx_word' id='word_1_41' title='bbox 1563 1154 1608 1226; x_wconf 92' lang='lat' dir='ltr'><strong>de</strong></span> <span class='ocrx_word' id='word_1_42' title='bbox 1632 1176 1718 1249; x_wconf 87' lang='lat' dir='ltr'><strong>pace</strong></span> 
     </span>
     <span class='ocr_line' id='line_1_6' title="bbox 302 1273 1718 1373; baseline 0.004 -28"><span class='ocrx_word' id='word_1_43' title='bbox 302 1273 392 1346; x_wconf 84' lang='lat' dir='ltr'><strong>inter</strong></span> <span class='ocrx_word' id='word_1_44' title='bbox 410 1274 591 1350; x_wconf 91' lang='lat' dir='ltr'><strong>dominum</strong></span> <span class='ocrx_word' id='word_1_45' title='bbox 616 1277 774 1350; x_wconf 87' lang='lat' dir='ltr'><strong>comitem</strong></span> <span class='ocrx_word' id='word_1_46' title='bbox 793 1278 996 1350; x_wconf 90' lang='lat' dir='ltr'><strong>Ubertinnm</strong></span> <span class='ocrx_word' id='word_1_47' title='bbox 1020 1277 1066 1352; x_wconf 88' lang='lat' dir='ltr'><strong>de</strong></span> <span class='ocrx_word' id='word_1_48' title='bbox 1090 1278 1209 1350; x_wconf 75' lang='lat' dir='ltr'><strong>lando</strong></span> <span class='ocrx_word' id='word_1_49' title='bbox 1229 1291 1264 1350; x_wconf 89' lang='lat' dir='ltr'><strong>et</strong></span> <span class='ocrx_word' id='word_1_50' title='bbox 1287 1287 1416 1373; x_wconf 85' lang='lat' dir='ltr'><strong>partem</strong></span> <span class='ocrx_word' id='word_1_51' title='bbox 1444 1300 1543 1350; x_wconf 91' lang='lat' dir='ltr'><strong>snam</strong></span> <span class='ocrx_word' id='word_1_52' title='bbox 1571 1300 1620 1350; x_wconf 87' lang='lat' dir='ltr'><strong>ex</strong></span> <span class='ocrx_word' id='word_1_53' title='bbox 1649 1301 1718 1351; x_wconf 90' lang='lat' dir='ltr'><strong>una</strong></span> 
     </span>
     <span class='ocr_line' id='line_1_7' title="bbox 301 1399 1718 1497; baseline 0.003 -27"><span class='ocrx_word' id='word_1_54' title='bbox 301 1406 337 1470; x_wconf 90' lang='lat' dir='ltr'><strong>et</strong></span> <span class='ocrx_word' id='word_1_55' title='bbox 355 1417 540 1471; x_wconf 87' lang='lat' dir='ltr'><strong>commune</strong></span> <span class='ocrx_word' id='word_1_56' title='bbox 557 1399 730 1472; x_wconf 88' lang='lat' dir='ltr'><strong>Placentie</strong></span> <span class='ocrx_word' id='word_1_57' title='bbox 753 1421 799 1474; x_wconf 88' lang='lat' dir='ltr'><strong>ex</strong></span> <span class='ocrx_word' id='word_1_58' title='bbox 815 1401 905 1488; x_wconf 85' lang='lat' dir='ltr'><strong>alie,</strong></span> <span class='ocrx_word' id='word_1_59' title='bbox 924 1410 958 1473; x_wconf 88' lang='lat' dir='ltr'><strong>et</strong></span> <span class='ocrx_word' id='word_1_60' title='bbox 972 1402 1061 1474; x_wconf 88' lang='lat' dir='ltr'><strong>lacta</strong></span> <span class='ocrx_word' id='word_1_61' title='bbox 1077 1412 1111 1474; x_wconf 89' lang='lat' dir='ltr'><strong>et</strong></span> <span class='ocrx_word' id='word_1_62' title='bbox 1122 1401 1237 1492; x_wconf 87' lang='lat' dir='ltr'><strong>jurata</strong></span> <span class='ocrx_word' id='word_1_63' title='bbox 1256 1403 1320 1473; x_wconf 89' lang='lat' dir='ltr'><strong>luit</strong></span> <span class='ocrx_word' id='word_1_64' title='bbox 1336 1401 1393 1474; x_wconf 87' lang='lat' dir='ltr'><strong>die</strong></span> <span class='ocrx_word' id='word_1_65' title='bbox 1415 1401 1589 1474; x_wconf 89' lang='lat' dir='ltr'><strong>dominico</strong></span> <span class='ocrx_word' id='word_1_66' title='bbox 1607 1403 1718 1497; x_wconf 91' lang='lat' dir='ltr'><strong>primo</strong></span> 
     </span>
     <span class='ocr_line' id='line_1_8' title="bbox 300 1521 625 1594; baseline 0 -2"><span class='ocrx_word' id='word_1_67' title='bbox 300 1521 432 1593; x_wconf 85' lang='lat' dir='ltr'><strong>mensis</strong></span> <span class='ocrx_word' id='word_1_68' title='bbox 448 1521 625 1594; x_wconf 77' lang='lat' dir='ltr'><strong>februarii.</strong></span> 
     </span>
    </p>

    <p class='ocr_par' dir='ltr' id='par_1_3' title="bbox 302 1643 1720 2338">
     <span class='ocr_line' id='line_1_9' title="bbox 350 1643 1719 1740; baseline 0.004 -25"><span class='ocrx_word' id='word_1_69' title='bbox 350 1643 415 1716; x_wconf 82' lang='lat' dir='ltr'><strong>uie</strong></span> <span class='ocrx_word' id='word_1_70' title='bbox 439 1645 577 1718; x_wconf 87' lang='lat' dir='ltr'><strong>veneris</strong></span> <span class='ocrx_word' id='word_1_71' title='bbox 602 1643 700 1718; x_wconf 85' lang='lat' dir='ltr'><strong>XXX</strong></span> <span class='ocrx_word' id='word_1_72' title='bbox 722 1647 851 1720; x_wconf 89' lang='lat' dir='ltr'><strong>mensis</strong></span> <span class='ocrx_word' id='word_1_73' title='bbox 867 1646 1019 1740; x_wconf 84' lang='lat' dir='ltr'><strong>junuarii</strong></span> <span class='ocrx_word' id='word_1_74' title='bbox 1043 1647 1133 1720; x_wconf 87' lang='lat' dir='ltr'><strong>circa</strong></span> <span class='ocrx_word' id='word_1_75' title='bbox 1158 1647 1299 1720; x_wconf 83' lang='lat' dir='ltr'><strong>terciam</strong></span> <span class='ocrx_word' id='word_1_76' title='bbox 1327 1648 1468 1721; x_wconf 85' lang='lat' dir='ltr'><strong>Bcssins</strong></span> <span class='ocrx_word' id='word_1_77' title='bbox 1499 1648 1544 1721; x_wconf 87' lang='lat' dir='ltr'><strong>de</strong></span> <span class='ocrx_word' id='word_1_78' title='bbox 1570 1650 1719 1722; x_wconf 87' lang='lat' dir='ltr'><strong>Dovaria</strong></span> 
     </span>
     <span class='ocr_line' id='line_1_10' title="bbox 305 1769 1718 1867; baseline 0.004 -28"><span class='ocrx_word' id='word_1_79' title='bbox 305 1777 342 1839; x_wconf 90' lang='lat' dir='ltr'><strong>et</strong></span> <span class='ocrx_word' id='word_1_80' title='bbox 364 1789 444 1861; x_wconf 90' lang='lat' dir='ltr'><strong>pars</strong></span> <span class='ocrx_word' id='word_1_81' title='bbox 466 1769 662 1841; x_wconf 80' lang='lat' dir='ltr'><strong>extrinseca</strong></span> <span class='ocrx_word' id='word_1_82' title='bbox 690 1769 735 1842; x_wconf 93' lang='lat' dir='ltr'><strong>de</strong></span> <span class='ocrx_word' id='word_1_83' title='bbox 761 1770 925 1842; x_wconf 83' lang='lat' dir='ltr'>Cremona</span> <span class='ocrx_word' id='word_1_84' title='bbox 951 1769 1167 1842; x_wconf 88' lang='lat' dir='ltr'><strong>intraverunt</strong></span> <span class='ocrx_word' id='word_1_85' title='bbox 1188 1772 1222 1841; x_wconf 92' lang='lat' dir='ltr'><strong>in</strong></span> <span class='ocrx_word' id='word_1_86' title='bbox 1246 1772 1360 1842; x_wconf 91' lang='lat' dir='ltr'><strong>locum</strong></span> <span class='ocrx_word' id='word_1_87' title='bbox 1384 1773 1523 1842; x_wconf 90' lang='lat' dir='ltr'><strong>Sunzini</strong></span> <span class='ocrx_word' id='word_1_88' title='bbox 1543 1782 1578 1844; x_wconf 88' lang='lat' dir='ltr'><strong>et</strong></span> <span class='ocrx_word' id='word_1_89' title='bbox 1604 1773 1718 1867; x_wconf 91' lang='lat' dir='ltr'><strong>ipsum</strong></span> 
     </span>
     <span class='ocr_line' id='line_1_11' title="bbox 302 1891 1720 1988; baseline 0.001 -24"><span class='ocrx_word' id='word_1_90' title='bbox 302 1891 417 1964; x_wconf 89' lang='lat' dir='ltr'><strong>locum</strong></span> <span class='ocrx_word' id='word_1_91' title='bbox 450 1892 599 1964; x_wconf 80' lang='lat' dir='ltr'><strong>totaliter</strong></span> <span class='ocrx_word' id='word_1_92' title='bbox 628 1891 825 1966; x_wconf 88' lang='lat' dir='ltr'><strong>habuerunt</strong></span> <span class='ocrx_word' id='word_1_93' title='bbox 857 1893 903 1966; x_wconf 88' lang='lat' dir='ltr'><strong>de</strong></span> <span class='ocrx_word' id='word_1_94' title='bbox 935 1903 1078 1966; x_wconf 87' lang='lat' dir='ltr'><strong>tractatu</strong></span> <span class='ocrx_word' id='word_1_95' title='bbox 1106 1895 1242 1964; x_wconf 91' lang='lat' dir='ltr'><strong>illorum</strong></span> <span class='ocrx_word' id='word_1_96' title='bbox 1275 1893 1320 1964; x_wconf 90' lang='lat' dir='ltr'><strong>de</strong></span> <span class='ocrx_word' id='word_1_97' title='bbox 1347 1893 1514 1965; x_wconf 88' lang='lat' dir='ltr'><strong>Fondntis</strong></span> <span class='ocrx_word' id='word_1_98' title='bbox 1542 1895 1604 1988; x_wconf 93' lang='lat' dir='ltr'><strong>qni</strong></span> <span class='ocrx_word' id='word_1_99' title='bbox 1637 1904 1720 1966; x_wconf 86' lang='lat' dir='ltr'><strong>sunt</strong></span> 
     </span>
     <span class='ocr_line' id='line_1_12' title="bbox 302 2015 1720 2112; baseline 0.003 -26"><span class='ocrx_word' id='word_1_100' title='bbox 302 2024 483 2108; x_wconf 81' lang='lat' dir='ltr'><strong>magnates</strong></span> <span class='ocrx_word' id='word_1_101' title='bbox 499 2015 593 2087; x_wconf 91' lang='lat' dir='ltr'><strong>illins</strong></span> <span class='ocrx_word' id='word_1_102' title='bbox 615 2017 679 2088; x_wconf 89' lang='lat' dir='ltr'><strong>loci</strong></span> <span class='ocrx_word' id='word_1_103' title='bbox 698 2017 808 2112; x_wconf 89' lang='lat' dir='ltr'><strong>etqui</strong></span> <span class='ocrx_word' id='word_1_104' title='bbox 829 2027 925 2089; x_wconf 90' lang='lat' dir='ltr'><strong>erant</strong></span> <span class='ocrx_word' id='word_1_105' title='bbox 944 2026 979 2088; x_wconf 90' lang='lat' dir='ltr'><strong>et</strong></span> <span class='ocrx_word' id='word_1_106' title='bbox 995 2017 1151 2090; x_wconf 82' lang='lat' dir='ltr'><strong>solebant</strong></span> <span class='ocrx_word' id='word_1_107' title='bbox 1168 2037 1244 2088; x_wconf 88' lang='lat' dir='ltr'><strong>esse</strong></span> <span class='ocrx_word' id='word_1_108' title='bbox 1267 2016 1395 2088; x_wconf 89' lang='lat' dir='ltr'><strong>inimici</strong></span> <span class='ocrx_word' id='word_1_109' title='bbox 1413 2015 1545 2088; x_wconf 91' lang='lat' dir='ltr'><strong>domini</strong></span> <span class='ocrx_word' id='word_1_110' title='bbox 1573 2019 1663 2089; x_wconf 85' lang='lat' dir='ltr'><strong>Bosii</strong></span> <span class='ocrx_word' id='word_1_111' title='bbox 1686 2027 1720 2094; x_wconf 89' lang='lat' dir='ltr'><strong>et</strong></span> 
     </span>
     <span class='ocr_line' id='line_1_13' title="bbox 302 2139 1720 2236; baseline 0.002 -26"><span class='ocrx_word' id='word_1_112' title='bbox 302 2139 410 2234; x_wconf 88' lang='lat' dir='ltr'><strong>partis</strong></span> <span class='ocrx_word' id='word_1_113' title='bbox 435 2161 511 2212; x_wconf 89' lang='lat' dir='ltr'><strong>sue.</strong></span> <span class='ocrx_word' id='word_1_114' title='bbox 541 2141 583 2211; x_wconf 89' lang='lat' dir='ltr'><strong>Et</strong></span> <span class='ocrx_word' id='word_1_115' title='bbox 607 2139 664 2212; x_wconf 88' lang='lat' dir='ltr'><strong>die</strong></span> <span class='ocrx_word' id='word_1_116' title='bbox 688 2141 807 2212; x_wconf 89' lang='lat' dir='ltr'><strong>martis</strong></span> <span class='ocrx_word' id='word_1_117' title='bbox 831 2142 875 2212; x_wconf 93' lang='lat' dir='ltr'><strong>lll</strong></span> <span class='ocrx_word' id='word_1_118' title='bbox 900 2141 1028 2213; x_wconf 86' lang='lat' dir='ltr'>mensis</span> <span class='ocrx_word' id='word_1_119' title='bbox 1049 2141 1211 2213; x_wconf 78' lang='lat' dir='ltr'><strong>februarii</strong></span> <span class='ocrx_word' id='word_1_120' title='bbox 1237 2141 1359 2212; x_wconf 88' lang='lat' dir='ltr'><strong>hebuit</strong></span> <span class='ocrx_word' id='word_1_121' title='bbox 1379 2142 1635 2234; x_wconf 82' lang='lat' dir='ltr'><strong>Ruminengum</strong></span> <span class='ocrx_word' id='word_1_122' title='bbox 1659 2163 1720 2236; x_wconf 90' lang='lat' dir='ltr'><strong>per</strong></span> 
     </span>
     <span class='ocr_line' id='line_1_14' title="bbox 302 2263 1635 2338; baseline -0.001 -4"><span class='ocrx_word' id='word_1_123' title='bbox 302 2263 518 2336; x_wconf 84' lang='lat' dir='ltr'><strong>voluntatem</strong></span> <span class='ocrx_word' id='word_1_124' title='bbox 536 2263 715 2335; x_wconf 90' lang='lat' dir='ltr'><strong>hominum</strong></span> <span class='ocrx_word' id='word_1_125' title='bbox 731 2263 813 2336; x_wconf 89' lang='lat' dir='ltr'><strong>dicti</strong></span> <span class='ocrx_word' id='word_1_126' title='bbox 826 2263 898 2338; x_wconf 87' lang='lat' dir='ltr'><strong>¹loci</strong></span> <span class='ocrx_word' id='word_1_127' title='bbox 916 2265 952 2335; x_wconf 92' lang='lat' dir='ltr'><strong>in</strong></span> <span class='ocrx_word' id='word_1_128' title='bbox 972 2266 1057 2336; x_wconf 87' lang='lat' dir='ltr'><strong>leste</strong></span> <span class='ocrx_word' id='word_1_129' title='bbox 1075 2265 1167 2336; x_wconf 87' lang='lat' dir='ltr'><strong>beati</strong></span> <span class='ocrx_word' id='word_1_130' title='bbox 1183 2265 1307 2335; x_wconf 83' lang='lat' dir='ltr'><strong>Blaxii.</strong></span> <span class='ocrx_word' id='word_1_131' title='bbox 1334 2265 1381 2336; x_wconf 87' lang='grc' dir='ltr'><strong>Μ.</strong></span> <span class='ocrx_word' id='word_1_132' title='bbox 1393 2264 1456 2336; x_wconf 86' lang='lat' dir='ltr'><strong>CC.</strong></span> <span class='ocrx_word' id='word_1_133' title='bbox 1471 2265 1635 2335; x_wconf 88' lang='lat' dir='ltr'><strong>LXXXll.</strong></span> 
     </span>
    </p>

    <p class='ocr_par' dir='ltr' id='par_1_4' title="bbox 301 2387 1718 3096">
     <span class='ocr_line' id='line_1_15' title="bbox 351 2387 1717 2483; baseline 0.002 -27"><span class='ocrx_word' id='word_1_134' title='bbox 351 2387 402 2458; x_wconf 87' lang='lat' dir='ltr'><strong>De</strong></span> <span class='ocrx_word' id='word_1_135' title='bbox 435 2407 553 2459; x_wconf 89' lang='lat' dir='ltr'><strong>mense</strong></span> <span class='ocrx_word' id='word_1_136' title='bbox 586 2409 668 2460; x_wconf 87' lang='lat' dir='ltr'><strong>vero</strong></span> <span class='ocrx_word' id='word_1_137' title='bbox 698 2387 818 2483; x_wconf 83' lang='lat' dir='ltr'><strong>aprilis</strong></span> <span class='ocrx_word' id='word_1_138' title='bbox 848 2389 1095 2460; x_wconf 77' lang='lat' dir='ltr'>Cremonenses</span> <span class='ocrx_word' id='word_1_139' title='bbox 1120 2387 1296 2458; x_wconf 82' lang='lat' dir='ltr'><strong>intrinseci</strong></span> <span class='ocrx_word' id='word_1_140' title='bbox 1326 2407 1405 2457; x_wconf 92' lang='lat' dir='ltr'><strong>cnm</strong></span> <span class='ocrx_word' id='word_1_141' title='bbox 1436 2409 1538 2458; x_wconf 90' lang='lat' dir='ltr'><strong>cerna</strong></span> <span class='ocrx_word' id='word_1_142' title='bbox 1570 2388 1717 2460; x_wconf 91' lang='lat' dir='ltr'><strong>militum</strong></span> 
     </span>
     <span class='ocr_line' id='line_1_16' title="bbox 302 2508 1718 2603; baseline 0 -21"><span class='ocrx_word' id='word_1_143' title='bbox 302 2508 424 2582; x_wconf 85' lang='lat' dir='ltr'><strong>Parme</strong></span> <span class='ocrx_word' id='word_1_144' title='bbox 442 2518 477 2580; x_wconf 91' lang='lat' dir='ltr'><strong>et</strong></span> <span class='ocrx_word' id='word_1_145' title='bbox 502 2509 657 2602; x_wconf 89' lang='lat' dir='ltr'><strong>peditum</strong></span> <span class='ocrx_word' id='word_1_146' title='bbox 676 2519 710 2581; x_wconf 89' lang='lat' dir='ltr'><strong>et</strong></span> <span class='ocrx_word' id='word_1_147' title='bbox 734 2510 882 2582; x_wconf 87' lang='lat' dir='ltr'><strong>militnm</strong></span> <span class='ocrx_word' id='word_1_148' title='bbox 902 2511 1073 2583; x_wconf 87' lang='lat' dir='ltr'><strong>Placentie</strong></span> <span class='ocrx_word' id='word_1_149' title='bbox 1088 2520 1123 2582; x_wconf 88' lang='lat' dir='ltr'><strong>et</strong></span> <span class='ocrx_word' id='word_1_150' title='bbox 1147 2509 1301 2603; x_wconf 83' lang='lat' dir='ltr'><strong>peditum</strong></span> <span class='ocrx_word' id='word_1_151' title='bbox 1318 2511 1449 2596; x_wconf 83' lang='lat' dir='ltr'><strong>Brixis,</strong></span> <span class='ocrx_word' id='word_1_152' title='bbox 1470 2511 1567 2603; x_wconf 81' lang='lat' dir='ltr'><strong>Regii</strong></span> <span class='ocrx_word' id='word_1_153' title='bbox 1585 2520 1620 2582; x_wconf 90' lang='lat' dir='ltr'><strong>et</strong></span> <span class='ocrx_word' id='word_1_154' title='bbox 1637 2511 1718 2582; x_wconf 88' lang='lat' dir='ltr'><strong>llu-</strong></span> 
     </span>
     <span class='ocr_line' id='line_1_17' title="bbox 301 2631 1718 2728; baseline 0.003 -26"><span class='ocrx_word' id='word_1_155' title='bbox 301 2631 374 2703; x_wconf 88' lang='lat' dir='ltr'><strong>tine</strong></span> <span class='ocrx_word' id='word_1_156' title='bbox 395 2631 535 2704; x_wconf 86' lang='lat' dir='ltr'><strong>iverunt</strong></span> <span class='ocrx_word' id='word_1_157' title='bbox 550 2633 597 2706; x_wconf 85' lang='lat' dir='ltr'><strong>ud</strong></span> <span class='ocrx_word' id='word_1_158' title='bbox 615 2633 915 2728; x_wconf 77' lang='lat' dir='ltr'><strong>depopulationem</strong></span> <span class='ocrx_word' id='word_1_159' title='bbox 931 2633 1112 2706; x_wconf 91' lang='lat' dir='ltr'><strong>hominum</strong></span> <span class='ocrx_word' id='word_1_160' title='bbox 1136 2636 1275 2706; x_wconf 85' lang='lat' dir='ltr'><strong>Sunzini</strong></span> <span class='ocrx_word' id='word_1_161' title='bbox 1292 2645 1327 2707; x_wconf 88' lang='lat' dir='ltr'><strong>et</strong></span> <span class='ocrx_word' id='word_1_162' title='bbox 1344 2635 1582 2727; x_wconf 80' lang='lat' dir='ltr'><strong>llumenenghi</strong></span> <span class='ocrx_word' id='word_1_163' title='bbox 1602 2635 1718 2708; x_wconf 89' lang='lat' dir='ltr'><strong>hosti-</strong></span> 
     </span>
     <span class='ocr_line' id='line_1_18' title="bbox 302 2753 1717 2853; baseline 0.004 -27"><span class='ocrx_word' id='word_1_164' title='bbox 302 2753 380 2827; x_wconf 88' lang='lat' dir='ltr'><strong>liter</strong></span> <span class='ocrx_word' id='word_1_165' title='bbox 410 2755 549 2828; x_wconf 87' lang='lat' dir='ltr'><strong>ivernnt</strong></span> <span class='ocrx_word' id='word_1_166' title='bbox 574 2755 781 2830; x_wconf 85' lang='lat' dir='ltr'><strong>reducentes</strong></span> <span class='ocrx_word' id='word_1_167' title='bbox 808 2758 962 2852; x_wconf 90' lang='lat' dir='ltr'><strong>quolibet</strong></span> <span class='ocrx_word' id='word_1_168' title='bbox 988 2757 1046 2830; x_wconf 90' lang='lat' dir='ltr'><strong>die</strong></span> <span class='ocrx_word' id='word_1_169' title='bbox 1075 2758 1110 2828; x_wconf 96' lang='lat' dir='ltr'><strong>in</strong></span> <span class='ocrx_word' id='word_1_170' title='bbox 1142 2770 1253 2830; x_wconf 87' lang='lat' dir='ltr'><strong>castro</strong></span> <span class='ocrx_word' id='word_1_171' title='bbox 1276 2759 1370 2829; x_wconf 82' lang='lat' dir='ltr'><strong>Iovis</strong></span> <span class='ocrx_word' id='word_1_172' title='bbox 1398 2757 1476 2830; x_wconf 81' lang='lat' dir='ltr'><strong>Alte</strong></span> <span class='ocrx_word' id='word_1_173' title='bbox 1502 2769 1537 2830; x_wconf 90' lang='lat' dir='ltr'><strong>et</strong></span> <span class='ocrx_word' id='word_1_174' title='bbox 1565 2781 1628 2853; x_wconf 88' lang='lat' dir='ltr'><strong>per</strong></span> <span class='ocrx_word' id='word_1_175' title='bbox 1650 2759 1717 2833; x_wconf 90' lang='lat' dir='ltr'><strong>alia</strong></span> 
     </span>
     <span class='ocr_line' id='line_1_19' title="bbox 302 2880 1718 2968; baseline 0.004 -18"><span class='ocrx_word' id='word_1_176' title='bbox 302 2899 424 2951; x_wconf 88' lang='lat' dir='ltr'><strong>eornm</strong></span> <span class='ocrx_word' id='word_1_177' title='bbox 450 2881 546 2968; x_wconf 87' lang='lat' dir='ltr'><strong>lora,</strong></span> <span class='ocrx_word' id='word_1_178' title='bbox 570 2889 605 2952; x_wconf 86' lang='lat' dir='ltr'><strong>et</strong></span> <span class='ocrx_word' id='word_1_179' title='bbox 626 2880 816 2954; x_wconf 86' lang='lat' dir='ltr'><strong>devastatis</strong></span> <span class='ocrx_word' id='word_1_180' title='bbox 833 2880 936 2954; x_wconf 86' lang='lat' dir='ltr'><strong>dictis</strong></span> <span class='ocrx_word' id='word_1_181' title='bbox 959 2882 1043 2954; x_wconf 90' lang='lat' dir='ltr'><strong>locis</strong></span> <span class='ocrx_word' id='word_1_182' title='bbox 1059 2881 1117 2954; x_wconf 91' lang='lat' dir='ltr'><strong>die</strong></span> <span class='ocrx_word' id='word_1_183' title='bbox 1143 2881 1280 2954; x_wconf 89' lang='lat' dir='ltr'><strong>veneris</strong></span> <span class='ocrx_word' id='word_1_184' title='bbox 1297 2883 1371 2953; x_wconf 87' lang='lat' dir='ltr'><strong>vlll</strong></span> <span class='ocrx_word' id='word_1_185' title='bbox 1389 2883 1518 2954; x_wconf 87' lang='lat' dir='ltr'><strong>mensis</strong></span> <span class='ocrx_word' id='word_1_186' title='bbox 1539 2882 1646 2954; x_wconf 91' lang='lat' dir='ltr'><strong>madii</strong></span> <span class='ocrx_word' id='word_1_187' title='bbox 1671 2882 1718 2955; x_wconf 90' lang='lat' dir='ltr'><strong>ad</strong></span> 
     </span>
     <span class='ocr_line' id='line_1_20' title="bbox 301 3002 695 3096; baseline -0.003 -21"><span class='ocrx_word' id='word_1_188' title='bbox 301 3002 439 3096; x_wconf 85' lang='lat' dir='ltr'><strong>propriu</strong></span> <span class='ocrx_word' id='word_1_189' title='bbox 459 3014 540 3074; x_wconf 89' lang='lat' dir='ltr'><strong>sont</strong></span> <span class='ocrx_word' id='word_1_190' title='bbox 555 3002 695 3076; x_wconf 90' lang='lat' dir='ltr'><strong>reversi.</strong></span> 
     </span>
    </p>

    <p class='ocr_par' dir='ltr' id='par_1_5' title="bbox 270 3125 1718 4333">
     <span class='ocr_line' id='line_1_21' title="bbox 351 3125 1718 3222; baseline 0.003 -26"><span class='ocrx_word' id='word_1_191' title='bbox 351 3125 414 3198; x_wconf 90' lang='lat' dir='ltr'><strong>Die</strong></span> <span class='ocrx_word' id='word_1_192' title='bbox 425 3127 518 3219; x_wconf 90' lang='lat' dir='ltr'><strong>jovis</strong></span> <span class='ocrx_word' id='word_1_193' title='bbox 535 3127 655 3200; x_wconf 90' lang='lat' dir='ltr'><strong>ultimo</strong></span> <span class='ocrx_word' id='word_1_194' title='bbox 675 3127 803 3200; x_wconf 89' lang='lat' dir='ltr'><strong>mensis</strong></span> <span class='ocrx_word' id='word_1_195' title='bbox 819 3129 937 3222; x_wconf 79' lang='lat' dir='ltr'><strong>aprilis</strong></span> <span class='ocrx_word' id='word_1_196' title='bbox 958 3149 1075 3200; x_wconf 86' lang='lat' dir='ltr'><strong>comes</strong></span> <span class='ocrx_word' id='word_1_197' title='bbox 1096 3127 1231 3202; x_wconf 85' lang='lat' dir='ltr'><strong>Tadeos</strong></span> <span class='ocrx_word' id='word_1_198' title='bbox 1258 3129 1303 3202; x_wconf 92' lang='lat' dir='ltr'><strong>de</strong></span> <span class='ocrx_word' id='word_1_199' title='bbox 1326 3129 1538 3200; x_wconf 84' lang='lat' dir='ltr'><strong>Monteleltro</strong></span> <span class='ocrx_word' id='word_1_200' title='bbox 1561 3129 1621 3222; x_wconf 90' lang='lat' dir='ltr'><strong>qni</strong></span> <span class='ocrx_word' id='word_1_201' title='bbox 1646 3138 1718 3201; x_wconf 87' lang='lat' dir='ltr'><strong>erat</strong></span> 
     </span>
     <span class='ocr_line' id='line_1_22' title="bbox 301 3247 1718 3345; baseline 0.002 -23"><span class='ocrx_word' id='word_1_202' title='bbox 301 3247 504 3345; x_wconf 84' lang='lat' dir='ltr'><strong>capitaneus</strong></span> <span class='ocrx_word' id='word_1_203' title='bbox 521 3251 591 3324; x_wconf 87' lang='lat' dir='ltr'><strong>vlc</strong></span> <span class='ocrx_word' id='word_1_204' title='bbox 608 3251 756 3322; x_wconf 83' lang='lat' dir='ltr'><strong>militurn</strong></span> <span class='ocrx_word' id='word_1_205' title='bbox 776 3253 1066 3345; x_wconf 81' lang='lat' dir='ltr'><strong>Franeigenarnm</strong></span> <span class='ocrx_word' id='word_1_206' title='bbox 1089 3273 1168 3322; x_wconf 92' lang='lat' dir='ltr'><strong>cum</strong></span> <span class='ocrx_word' id='word_1_207' title='bbox 1192 3251 1392 3324; x_wconf 89' lang='lat' dir='ltr'><strong>horninibus</strong></span> <span class='ocrx_word' id='word_1_208' title='bbox 1411 3252 1575 3342; x_wconf 71' lang='lat' dir='ltr'><strong>Faenum,</strong></span> <span class='ocrx_word' id='word_1_209' title='bbox 1596 3251 1718 3325; x_wconf 85' lang='lat' dir='ltr'><strong>Ymole</strong></span> 
     </span>
     <span class='ocr_line' id='line_1_23' title="bbox 301 3374 1717 3470; baseline 0 -24"><span class='ocrx_word' id='word_1_210' title='bbox 301 3384 336 3446; x_wconf 88' lang='lat' dir='ltr'><strong>et</strong></span> <span class='ocrx_word' id='word_1_211' title='bbox 351 3375 427 3446; x_wconf 87' lang='lat' dir='ltr'><strong>aliis</strong></span> <span class='ocrx_word' id='word_1_212' title='bbox 448 3395 568 3447; x_wconf 90' lang='lat' dir='ltr'><strong>eorum</strong></span> <span class='ocrx_word' id='word_1_213' title='bbox 591 3375 712 3446; x_wconf 88' lang='lat' dir='ltr'><strong>amieis</strong></span> <span class='ocrx_word' id='word_1_214' title='bbox 734 3397 795 3470; x_wconf 93' lang='lat' dir='ltr'><strong>per</strong></span> <span class='ocrx_word' id='word_1_215' title='bbox 818 3375 1047 3470; x_wconf 90' lang='lat' dir='ltr'><strong>proditionem</strong></span> <span class='ocrx_word' id='word_1_216' title='bbox 1074 3377 1268 3470; x_wconf 90' lang='lat' dir='ltr'><strong>aliquorum</strong></span> <span class='ocrx_word' id='word_1_217' title='bbox 1294 3374 1356 3469; x_wconf 90' lang='lat' dir='ltr'><strong>qui</strong></span> <span class='ocrx_word' id='word_1_218' title='bbox 1381 3385 1563 3468; x_wconf 87' lang='lat' dir='ltr'><strong>utramque</strong></span> <span class='ocrx_word' id='word_1_219' title='bbox 1587 3388 1717 3469; x_wconf 87' lang='lat' dir='ltr'><strong>partem</strong></span> 
     </span>
     <span class='ocr_line' id='line_1_24' title="bbox 302 3499 1717 3596; baseline 0.002 -26"><span class='ocrx_word' id='word_1_220' title='bbox 302 3499 499 3588; x_wconf 78' lang='lat' dir='ltr'><strong>tradebant,</strong></span> <span class='ocrx_word' id='word_1_221' title='bbox 522 3501 738 3572; x_wconf 86' lang='lat' dir='ltr'><strong>intraverunt</strong></span> <span class='ocrx_word' id='word_1_222' title='bbox 756 3501 792 3573; x_wconf 95' lang='lat' dir='ltr'><strong>in</strong></span> <span class='ocrx_word' id='word_1_223' title='bbox 810 3501 961 3594; x_wconf 80' lang='lat' dir='ltr'><strong>burgum</strong></span> <span class='ocrx_word' id='word_1_224' title='bbox 980 3501 1128 3574; x_wconf 87' lang='lat' dir='ltr'><strong>civitatis</strong></span> <span class='ocrx_word' id='word_1_225' title='bbox 1145 3501 1274 3574; x_wconf 91' lang='lat' dir='ltr'><strong>Fnrlini</strong></span> <span class='ocrx_word' id='word_1_226' title='bbox 1300 3511 1335 3572; x_wconf 89' lang='lat' dir='ltr'><strong>et</strong></span> <span class='ocrx_word' id='word_1_227' title='bbox 1358 3501 1472 3596; x_wconf 91' lang='lat' dir='ltr'><strong>ipsum</strong></span> <span class='ocrx_word' id='word_1_228' title='bbox 1489 3502 1638 3594; x_wconf 81' lang='lat' dir='ltr'><strong>burgum</strong></span> <span class='ocrx_word' id='word_1_229' title='bbox 1661 3511 1717 3574; x_wconf 89' lang='lat' dir='ltr'><strong>to·</strong></span> 
     </span>
     <span class='ocr_line' id='line_1_25' title="bbox 301 3622 1717 3697; baseline 0.003 -4"><span class='ocrx_word' id='word_1_230' title='bbox 301 3623 413 3696; x_wconf 83' lang='lat' dir='ltr'><strong>taliter</strong></span> <span class='ocrx_word' id='word_1_231' title='bbox 434 3622 632 3696; x_wconf 87' lang='lat' dir='ltr'><strong>habuerunt</strong></span> <span class='ocrx_word' id='word_1_232' title='bbox 652 3626 778 3697; x_wconf 89' lang='lat' dir='ltr'><strong>multos</strong></span> <span class='ocrx_word' id='word_1_233' title='bbox 797 3625 1002 3697; x_wconf 89' lang='lat' dir='ltr'><strong>occidendo.</strong></span> <span class='ocrx_word' id='word_1_234' title='bbox 1029 3625 1129 3697; x_wconf 90' lang='lat' dir='ltr'><strong>Unde</strong></span> <span class='ocrx_word' id='word_1_235' title='bbox 1153 3645 1270 3696; x_wconf 89' lang='lat' dir='ltr'><strong>comes</strong></span> <span class='ocrx_word' id='word_1_236' title='bbox 1296 3623 1411 3696; x_wconf 88' lang='lat' dir='ltr'><strong>Guido</strong></span> <span class='ocrx_word' id='word_1_237' title='bbox 1435 3623 1478 3696; x_wconf 93' lang='lat' dir='ltr'><strong>de</strong></span> <span class='ocrx_word' id='word_1_238' title='bbox 1505 3625 1717 3697; x_wconf 86' lang='lat' dir='ltr'><strong>Monteleltro</strong></span> 
     </span>
     <span class='ocr_line' id='line_1_26' title="bbox 301 3745 1717 3843; baseline 0.004 -26"><span class='ocrx_word' id='word_1_239' title='bbox 301 3745 363 3838; x_wconf 90' lang='lat' dir='ltr'><strong>qni</strong></span> <span class='ocrx_word' id='word_1_240' title='bbox 380 3755 432 3818; x_wconf 88' lang='lat' dir='ltr'><strong>est</strong></span> <span class='ocrx_word' id='word_1_241' title='bbox 450 3747 652 3842; x_wconf 87' lang='lat' dir='ltr'><strong>capitaneus</strong></span> <span class='ocrx_word' id='word_1_242' title='bbox 679 3747 771 3820; x_wconf 89' lang='lat' dir='ltr'><strong>illins</strong></span> <span class='ocrx_word' id='word_1_243' title='bbox 787 3748 892 3843; x_wconf 88' lang='lat' dir='ltr'><strong>partis</strong></span> <span class='ocrx_word' id='word_1_244' title='bbox 909 3757 943 3819; x_wconf 90' lang='lat' dir='ltr'><strong>et</strong></span> <span class='ocrx_word' id='word_1_245' title='bbox 968 3748 1125 3820; x_wconf 90' lang='lat' dir='ltr'><strong>homines</strong></span> <span class='ocrx_word' id='word_1_246' title='bbox 1146 3747 1276 3818; x_wconf 83' lang='lat' dir='ltr'><strong>Fnrlini</strong></span> <span class='ocrx_word' id='word_1_247' title='bbox 1295 3747 1424 3820; x_wconf 88' lang='lat' dir='ltr'><strong>conscii</strong></span> <span class='ocrx_word' id='word_1_248' title='bbox 1441 3747 1487 3819; x_wconf 94' lang='lat' dir='ltr'><strong>de</strong></span> <span class='ocrx_word' id='word_1_249' title='bbox 1506 3746 1599 3819; x_wconf 89' lang='lat' dir='ltr'><strong>dicto</strong></span> <span class='ocrx_word' id='word_1_250' title='bbox 1627 3749 1717 3822; x_wconf 82' lang='lat' dir='ltr'><strong>lacto</strong></span> 
     </span>
     <span class='ocr_line' id='line_1_27' title="bbox 301 3868 1717 3966; baseline 0.003 -26"><span class='ocrx_word' id='word_1_251' title='bbox 301 3868 459 3942; x_wconf 89' lang='lat' dir='ltr'><strong>ordinate</strong></span> <span class='ocrx_word' id='word_1_252' title='bbox 492 3871 659 3942; x_wconf 87' lang='lat' dir='ltr'><strong>insultum</strong></span> <span class='ocrx_word' id='word_1_253' title='bbox 689 3873 843 3943; x_wconf 89' lang='lat' dir='ltr'><strong>lecerunt</strong></span> <span class='ocrx_word' id='word_1_254' title='bbox 872 3871 908 3942; x_wconf 94' lang='lat' dir='ltr'><strong>in</strong></span> <span class='ocrx_word' id='word_1_255' title='bbox 933 3871 1026 3966; x_wconf 88' lang='lat' dir='ltr'><strong>ipsos</strong></span> <span class='ocrx_word' id='word_1_256' title='bbox 1057 3871 1114 3944; x_wconf 92' lang='lat' dir='ltr'><strong>die</strong></span> <span class='ocrx_word' id='word_1_257' title='bbox 1140 3871 1277 3942; x_wconf 87' lang='lat' dir='ltr'><strong>veneris</strong></span> <span class='ocrx_word' id='word_1_258' title='bbox 1307 3871 1418 3965; x_wconf 91' lang='lat' dir='ltr'><strong>primo</strong></span> <span class='ocrx_word' id='word_1_259' title='bbox 1448 3871 1575 3942; x_wconf 89' lang='lat' dir='ltr'><strong>mensis</strong></span> <span class='ocrx_word' id='word_1_260' title='bbox 1608 3872 1717 3946; x_wconf 87' lang='lat' dir='ltr'><strong>madii</strong></span> 
     </span>
     <span class='ocr_line' id='line_1_28' title="bbox 270 3991 1716 4090; baseline 0.002 -26"><span class='ocrx_word' id='word_1_261' title='bbox 270 4046 271 4050; x_wconf 63' lang='lat'>,</span> <span class='ocrx_word' id='word_1_262' title='bbox 300 3991 390 4066; x_wconf 77' lang='lat' dir='ltr'><strong>circa</strong></span> <span class='ocrx_word' id='word_1_263' title='bbox 412 3993 553 4068; x_wconf 87' lang='lat' dir='ltr'><strong>tercium</strong></span> <span class='ocrx_word' id='word_1_264' title='bbox 570 4015 650 4066; x_wconf 91' lang='lat' dir='ltr'><strong>cum</strong></span> <span class='ocrx_word' id='word_1_265' title='bbox 673 4003 788 4066; x_wconf 87' lang='lat' dir='ltr'><strong>essent</strong></span> <span class='ocrx_word' id='word_1_266' title='bbox 808 3995 844 4066; x_wconf 93' lang='lat' dir='ltr'><strong>in</strong></span> <span class='ocrx_word' id='word_1_267' title='bbox 859 3994 1007 4090; x_wconf 91' lang='lat' dir='ltr'><strong>prandio</strong></span> <span class='ocrx_word' id='word_1_268' title='bbox 1030 4003 1064 4066; x_wconf 94' lang='lat' dir='ltr'><strong>et</strong></span> <span class='ocrx_word' id='word_1_269' title='bbox 1085 3994 1178 4088; x_wconf 92' lang='lat' dir='ltr'><strong>ipsos</strong></span> <span class='ocrx_word' id='word_1_270' title='bbox 1199 3995 1336 4088; x_wconf 88' lang='lat' dir='ltr'><strong>penitus</strong></span> <span class='ocrx_word' id='word_1_271' title='bbox 1355 3993 1647 4085; x_wconf 82' lang='lat' dir='ltr'><strong>disconlixeront,</strong></span> <span class='ocrx_word' id='word_1_272' title='bbox 1669 3995 1716 4068; x_wconf 83' lang='lat' dir='ltr'><strong>ita</strong></span> 
     </span>
     <span class='ocr_line' id='line_1_29' title="bbox 300 4115 1717 4214; baseline 0.001 -28"><span class='ocrx_word' id='word_1_273' title='bbox 300 4115 396 4208; x_wconf 88' lang='lat' dir='ltr'><strong>quod</strong></span> <span class='ocrx_word' id='word_1_274' title='bbox 409 4137 530 4190; x_wconf 89' lang='lat' dir='ltr'><strong>omnes</strong></span> <span class='ocrx_word' id='word_1_275' title='bbox 547 4117 646 4214; x_wconf 90' lang='lat' dir='ltr'><strong>quasi</strong></span> <span class='ocrx_word' id='word_1_276' title='bbox 663 4127 724 4190; x_wconf 84' lang='lat' dir='ltr'><strong>ant</strong></span> <span class='ocrx_word' id='word_1_277' title='bbox 741 4127 894 4191; x_wconf 89' lang='lat' dir='ltr'><strong>mortuos</strong></span> <span class='ocrx_word' id='word_1_278' title='bbox 909 4129 969 4189; x_wconf 92' lang='lat' dir='ltr'><strong>ant</strong></span> <span class='ocrx_word' id='word_1_279' title='bbox 985 4117 1022 4188; x_wconf 91' lang='lat' dir='ltr'><strong>in</strong></span> <span class='ocrx_word' id='word_1_280' title='bbox 1044 4116 1194 4188; x_wconf 89' lang='lat' dir='ltr'><strong>vinculis</strong></span> <span class='ocrx_word' id='word_1_281' title='bbox 1214 4117 1360 4209; x_wconf 80' lang='lat' dir='ltr'><strong>aligatos</strong></span> <span class='ocrx_word' id='word_1_282' title='bbox 1382 4127 1547 4212; x_wconf 88' lang='lat' dir='ltr'><strong>oeperunt</strong></span> <span class='ocrx_word' id='word_1_283' title='bbox 1561 4125 1596 4188; x_wconf 88' lang='lat' dir='ltr'><strong>et</strong></span> <span class='ocrx_word' id='word_1_284' title='bbox 1613 4138 1717 4190; x_wconf 91' lang='lat' dir='ltr'><strong>recu-</strong></span> 
     </span>
     <span class='ocr_line' id='line_1_30' title="bbox 299 4239 1232 4333; baseline 0 -25"><span class='ocrx_word' id='word_1_285' title='bbox 299 4251 509 4332; x_wconf 89' lang='lat' dir='ltr'><strong>peraverunt</strong></span> <span class='ocrx_word' id='word_1_286' title='bbox 527 4249 633 4312; x_wconf 92' lang='lat' dir='ltr'><strong>totum</strong></span> <span class='ocrx_word' id='word_1_287' title='bbox 650 4239 799 4333; x_wconf 77' lang='lat' dir='ltr'><strong>burgum</strong></span> <span class='ocrx_word' id='word_1_288' title='bbox 814 4241 859 4312; x_wconf 89' lang='lat' dir='ltr'><strong>ad</strong></span> <span class='ocrx_word' id='word_1_289' title='bbox 873 4259 992 4312; x_wconf 90' lang='lat' dir='ltr'><strong>eorum</strong></span> <span class='ocrx_word' id='word_1_290' title='bbox 1008 4240 1232 4310; x_wconf 88' lang='lat' dir='ltr'><strong>voluntatem.</strong></span> 
     </span>
    </p>

    <p class='ocr_par' dir='ltr' id='par_1_6' title="bbox 299 4361 1716 4703">
     <span class='ocr_line' id='line_1_31' title="bbox 347 4361 1716 4457; baseline 0.001 -25"><span class='ocrx_word' id='word_1_291' title='bbox 347 4361 398 4433; x_wconf 91' lang='lat' dir='ltr'><strong>De</strong></span> <span class='ocrx_word' id='word_1_292' title='bbox 423 4383 539 4434; x_wconf 88' lang='lat' dir='ltr'><strong>meuse</strong></span> <span class='ocrx_word' id='word_1_293' title='bbox 568 4363 687 4457; x_wconf 81' lang='lat' dir='ltr'><strong>aprilis</strong></span> <span class='ocrx_word' id='word_1_294' title='bbox 714 4385 777 4436; x_wconf 83' lang='lat' dir='ltr'><strong>rex</strong></span> <span class='ocrx_word' id='word_1_295' title='bbox 799 4361 972 4456; x_wconf 78' lang='lat' dir='ltr'><strong>Aragonie</strong></span> <span class='ocrx_word' id='word_1_296' title='bbox 994 4362 1074 4433; x_wconf 85' lang='lat' dir='ltr'><strong>lecit</strong></span> <span class='ocrx_word' id='word_1_297' title='bbox 1099 4381 1264 4454; x_wconf 82' lang='lat' dir='ltr'><strong>magnum</strong></span> <span class='ocrx_word' id='word_1_298' title='bbox 1291 4369 1495 4456; x_wconf 88' lang='lat' dir='ltr'><strong>apparatum</strong></span> <span class='ocrx_word' id='word_1_299' title='bbox 1520 4361 1652 4453; x_wconf 75' lang='lat' dir='ltr'><strong>navigii</strong></span> <span class='ocrx_word' id='word_1_300' title='bbox 1681 4372 1716 4436; x_wconf 89' lang='lat' dir='ltr'><strong>et</strong></span> 
     </span>
     <span class='ocr_line' id='line_1_32' title="bbox 299 4483 1716 4586; baseline 0.003 -32"><span class='ocrx_word' id='word_1_301' title='bbox 299 4483 449 4555; x_wconf 90' lang='lat' dir='ltr'><strong>creditur</strong></span> <span class='ocrx_word' id='word_1_302' title='bbox 463 4484 559 4586; x_wconf 90' lang='lat' dir='ltr'><strong>qnod</strong></span> <span class='ocrx_word' id='word_1_303' title='bbox 577 4487 651 4580; x_wconf 87' lang='lat' dir='ltr'><strong>ipsc</strong></span> <span class='ocrx_word' id='word_1_304' title='bbox 671 4485 750 4557; x_wconf 86' lang='lat' dir='ltr'><strong>lecit</strong></span> <span class='ocrx_word' id='word_1_305' title='bbox 762 4495 830 4556; x_wconf 91' lang='lat' dir='ltr'><strong>lam</strong></span> <span class='ocrx_word' id='word_1_306' title='bbox 850 4507 1015 4579; x_wconf 84' lang='lat' dir='ltr'><strong>magnum</strong></span> <span class='ocrx_word' id='word_1_307' title='bbox 1030 4495 1232 4579; x_wconf 85' lang='lat' dir='ltr'><strong>apparatum</strong></span> <span class='ocrx_word' id='word_1_308' title='bbox 1249 4507 1328 4557; x_wconf 90' lang='lat' dir='ltr'><strong>cnm</strong></span> <span class='ocrx_word' id='word_1_309' title='bbox 1353 4486 1486 4556; x_wconf 80' lang='lat' dir='ltr'><strong>auxilio</strong></span> <span class='ocrx_word' id='word_1_310' title='bbox 1501 4495 1537 4556; x_wconf 86' lang='lat' dir='ltr'><strong>et</strong></span> <span class='ocrx_word' id='word_1_311' title='bbox 1552 4485 1716 4558; x_wconf 89' lang='lat' dir='ltr'><strong>conscilio</strong></span> 
     </span>
     <span class='ocr_line' id='line_1_33' title="bbox 299 4607 1716 4703; baseline 0.002 -25"><span class='ocrx_word' id='word_1_312' title='bbox 299 4607 391 4700; x_wconf 76' lang='lat' dir='ltr'><strong>regis</strong></span> <span class='ocrx_word' id='word_1_313' title='bbox 409 4607 551 4680; x_wconf 84' lang='lat' dir='ltr'><strong>Castelle</strong></span> <span class='ocrx_word' id='word_1_314' title='bbox 572 4619 607 4680; x_wconf 89' lang='lat' dir='ltr'><strong>et</strong></span> <span class='ocrx_word' id='word_1_315' title='bbox 628 4609 720 4702; x_wconf 77' lang='lat' dir='ltr'><strong>regis</strong></span> <span class='ocrx_word' id='word_1_316' title='bbox 735 4609 859 4703; x_wconf 82' lang='lat' dir='ltr'><strong>Anglie</strong></span> <span class='ocrx_word' id='word_1_317' title='bbox 876 4619 911 4680; x_wconf 87' lang='lat' dir='ltr'><strong>et</strong></span> <span class='ocrx_word' id='word_1_318' title='bbox 928 4631 1007 4680; x_wconf 90' lang='lat' dir='ltr'><strong>cum</strong></span> <span class='ocrx_word' id='word_1_319' title='bbox 1029 4609 1158 4680; x_wconf 87' lang='lat' dir='ltr'><strong>auxilio</strong></span> <span class='ocrx_word' id='word_1_320' title='bbox 1178 4619 1212 4680; x_wconf 87' lang='lat' dir='ltr'><strong>et</strong></span> <span class='ocrx_word' id='word_1_321' title='bbox 1231 4629 1335 4680; x_wconf 85' lang='lat' dir='ltr'><strong>avere</strong></span> <span class='ocrx_word' id='word_1_322' title='bbox 1357 4609 1545 4702; x_wconf 77' lang='lat' dir='ltr'><strong>Palialoglri</strong></span> <span class='ocrx_word' id='word_1_323' title='bbox 1570 4611 1661 4703; x_wconf 83' lang='lat' dir='ltr'><strong>regis</strong></span> <span class='ocrx_word' id='word_1_324' title='bbox 1681 4621 1716 4682; x_wconf 83' lang='lat' dir='ltr'><strong>et</strong></span> 
     </span>
    </p>
   </div>
   <div class='ocr_carea' id='block_1_3' title="bbox 300 4725 1718 4914">
    <p class='ocr_par' dir='ltr' id='par_1_7' title="bbox 300 4725 1718 4914">
     <span class='ocr_line' id='line_1_34' title="bbox 300 4725 1718 4824; baseline 0.004 -26"><span class='ocrx_word' id='word_1_325' title='bbox 300 4725 518 4822; x_wconf 87' lang='lat' dir='ltr'><strong>imperatoris</strong></span> <span class='ocrx_word' id='word_1_326' title='bbox 546 4727 751 4818; x_wconf 85' lang='lat' dir='ltr'><strong>Greoorum,</strong></span> <span class='ocrx_word' id='word_1_327' title='bbox 777 4741 812 4802; x_wconf 87' lang='lat' dir='ltr'><strong>et</strong></span> <span class='ocrx_word' id='word_1_328' title='bbox 835 4730 986 4802; x_wconf 86' lang='lat' dir='ltr'><strong>creditur</strong></span> <span class='ocrx_word' id='word_1_329' title='bbox 1014 4728 1111 4824; x_wconf 93' lang='lat' dir='ltr'><strong>qnod</strong></span> <span class='ocrx_word' id='word_1_330' title='bbox 1137 4729 1241 4802; x_wconf 88' lang='lat' dir='ltr'><strong>vadat</strong></span> <span class='ocrx_word' id='word_1_331' title='bbox 1266 4729 1302 4800; x_wconf 93' lang='lat' dir='ltr'><strong>in</strong></span> <span class='ocrx_word' id='word_1_332' title='bbox 1330 4729 1501 4802; x_wconf 88' lang='lat' dir='ltr'><strong>Scioiliam</strong></span> <span class='ocrx_word' id='word_1_333' title='bbox 1525 4730 1585 4800; x_wconf 91' lang='lat' dir='ltr'><strong>nbi</strong></span> <span class='ocrx_word' id='word_1_334' title='bbox 1611 4733 1718 4804; x_wconf 89' lang='lat' dir='ltr'><strong>multe</strong></span> 
     </span>
     <span class='ocr_line' id='line_1_35' title="bbox 1518 4863 1556 4914; baseline -0.026 0"><span class='ocrx_word' id='word_1_335' title='bbox 1518 4863 1556 4914; x_wconf 76' lang='lat' dir='ltr'><strong>as</strong></span> 
     </span>
    </p>
   </div>
   <div class='ocr_carea' id='block_1_4' title="bbox 0 0 2288 6064">
    <p class='ocr_par' dir='ltr' id='par_1_8' title="bbox 0 0 2288 6064">
     <span class='ocr_line' id='line_1_36' title="bbox 0 0 2288 6064; baseline 0 0"><span class='ocrx_word' id='word_1_336' title='bbox 0 0 2288 6064; x_wconf 95' lang='lat' dir='ltr'><strong> </strong></span> 
     </span>
    </p>
   </div>
  </div>
 </body>
</html>
