4554 6080
618 638 679 700 262
1092 635 1331 706 CllllONlCON
1355 637 1408 698 DE
1431 636 1560 700 REBUS

623 771 754 844 domini
773 770 945 866 episcopi,
966 769 1032 864 ipsi
1048 771 1150 864 legati
1173 781 1377 868 receperunt
1401 773 1446 845 ab
1470 773 1546 868 ipso
1568 770 1708 847 domino
1733 770 1932 844 marchione
1953 780 1989 843 et
2014 795 2036 845 a

622 904 788 992 potestate
803 902 838 967 et
858 893 1032 966 communi
1056 893 1227 966 Placentie
1250 895 1493 991 promissiones
1513 903 1548 968 et
1564 893 1789 989 obligationes
1808 915 2037 990 quascunque

622 1021 825 1108 voluerunt,
854 1015 1150 1113 compromiteudo
1174 1018 1239 1114 ipsi
1263 1019 1450 1092 Placentini
1477 1020 1513 1090 in
1540 1039 1601 1094 eos
1624 1019 1766 1092 nomine
1791 1017 1922 1092 domini
1945 1041 2038 1115 pape

622 1151 657 1215 et
686 1142 838 1214 Ecclesia
863 1141 907 1213 de
933 1141 1097 1214 omnibus
1127 1141 1173 1214 ad
1200 1163 1323 1217 eornm
1351 1144 1564 1216 voluntatem
1591 1144 1666 1217 sine
1692 1143 1810 1236 aliquo
1840 1143 2035 1232 intellectu,

625 1265 743 1340 dando
769 1265 1003 1358 fideijussores
1030 1274 1235 1338 mercatores
1257 1277 1291 1339 et
1316 1267 1401 1340 alios
1420 1266 1547 1340 divites
1568 1266 1740 1340 Placentia
1760 1266 1806 1338 ad
1823 1287 1946 1339 eorum
1968 1288 2039 1340 vo-

626 1393 793 1464 luntatem
808 1399 842 1462 et
855 1386 1071 1482 eommunis(
1092 1389 1106 1485 )
1118 1391 1301 1481 Cremoue;
1314 1391 1454 1488 insuper
1468 1389 1619 1484 jurando
1630 1390 1777 1486 quilibet
1792 1390 1836 1464 de
1850 1391 1989 1464 civitate
2005 1401 2041 1464 et

626 1515 783 1588 districtu
805 1524 1018 1586 sacramenta
1036 1513 1187 1586 Ecclesie
1206 1537 1265 1610 per
1282 1515 1401 1588 iratres
1420 1514 1654 1611 predicatores
1674 1523 1710 1588 et
1728 1514 1879 1588 minores
1897 1516 1959 1609 qui
1977 1535 2041 1610 per

626 1639 800 1712 civitatem
825 1646 860 1710 et
880 1637 1115 1732 episcopatum
1137 1637 1296 1712 homines
1313 1641 1429 1732 jurare
1447 1639 1630 1712 iaciebant.
1654 1639 1744 1714 lllud
1766 1639 1859 1712 idem
1886 1641 2042 1712 fecerunt

628 1765 664 1836 in
679 1763 843 1836 Cremona
859 1761 957 1832 multi
973 1760 1138 1832 maliciosi
1151 1760 1322 1856 religiosi,
1342 1770 1377 1834 et
1392 1762 1452 1835 alii
1465 1763 1599 1836 vadunt
1616 1761 1819 1856 adlegatos,
1835 1762 2042 1837 inducentes

626 1909 685 1960 ecs
703 1885 751 1959 ad
767 1905 869 1958 omne
885 1884 1014 1956 malum
1033 1892 1151 1956 contra
1167 1885 1400 1958 marchionem
1417 1893 1452 1958 et
1467 1884 1544 1958 illos
1557 1883 1603 1958 de
1616 1893 1713 1981 parte
1727 1908 1805 1959 sna.
1822 1886 1861 1958 ln
1879 1887 2043 1982 proximo

629 2032 751 2085 mense
773 2008 978 2105 septembris
996 2007 1141 2103 predicti
1159 2009 1262 2100 legati
1276 2018 1504 2087 extraxerunt
1522 2009 1654 2082 dictum
1679 2009 1913 2083 marchionem
1929 2021 1966 2084 et
1985 2033 2043 2083 co-

630 2136 748 2207 mitem
774 2143 808 2206 et
829 2132 988 2204 homines
1016 2129 1061 2203 de
1092 2131 1263 2204 Placentia
1288 2130 1334 2204 de
1361 2133 1455 2204 omni
1484 2133 1904 2206 excommunicationem
1930 2134 2044 2228 platea

630 2257 769 2351 majoris
788 2255 953 2346 ecclesie,
979 2255 1201 2328 verberantes
1222 2253 1402 2326 dominum
1428 2254 1661 2329 marchionem
1684 2264 1720 2328 et
1742 2265 1945 2350 potestatem
1969 2257 2044 2329 Pla·

630 2384 802 2458 conticet
829 2380 989 2454 comitem
1015 2379 1218 2450 Ubertinum
1244 2376 1289 2450 de
1316 2379 1441 2474 virgis,
1465 2379 1555 2452 sicut
1580 2389 1786 2452 consuetum
1814 2389 1878 2452 eet.
1911 2381 2046 2452 interea

631 2505 778 2603 predicti
808 2505 912 2598 legati
944 2509 1148 2597 receperunt
1176 2500 1419 2595 promissiones
1448 2510 1483 2575 et
1513 2509 1725 2576 sacramenta
1755 2501 1800 2574 ab
1830 2501 1973 2576 Alberto
2002 2503 2046 2576 de

631 2631 783 2702 Fontana
805 2635 839 2700 et
862 2649 883 2698 a
906 2625 979 2696 suis
1004 2624 1182 2717 quierant
1202 2623 1238 2694 in
1259 2624 1535 2697 Petraseremona
1560 2623 1725 2698 dantibus
1751 2646 1814 2720 pro
1840 2645 1962 2698 eorum
1986 2647 2047 2699 se-

633 2751 835 2827 curitatibus
858 2749 1066 2844 Capelletos,
1088 2755 1122 2820 et
1137 2747 1301 2842 Capelleti
1324 2749 1503 2820 forestatos
1524 2749 1695 2822 Placentie
1717 2769 1779 2844 pro
1801 2769 1921 2822 eornm
1946 2771 2046 2823 seco·

634 2877 792 2951 ritatibus
820 2872 1004 2946 dederuut.
1034 2873 1165 2946 Interea
1188 2871 1291 2966 legati
1319 2893 1399 2945 cum
1429 2871 1615 2945 duodecim
1640 2871 1853 2967 sapientibus
1876 2874 2050 2947 Placentia

636 3001 682 3076 de
696 3010 792 3097 parte
806 2996 941 3071 comitis
959 2996 1099 3070 iverunt
1123 2993 1169 3068 ad
1191 2995 1408 3068 Carmiannm
1432 2994 1711 3090 adloquendum
1736 3017 1817 3066 cum
1845 2995 1987 3069 Alberto
2006 2997 2049 3070 de

638 3128 792 3200 Fontana
815 3131 850 3194 et
874 3119 1088 3216 sapientibus
1114 3119 1204 3208 suis,
1226 3119 1440 3213 inquirentes
1461 3141 1524 3215 per
1548 3120 1753 3194 scrutinium
1776 3117 1937 3192 debono
1960 3129 2049 3193 statu

636 3247 785 3321 civitatis
802 3243 975 3317 Placentia
1000 3242 1089 3315 sicut
1114 3240 1295 3330 dicebaut,
1318 3250 1353 3314 et
1379 3243 1508 3314 reversi
1536 3251 1617 3314 suut
1638 3242 1868 3332 Placentiam,
1896 3243 2051 3315 volentes

638 3372 766 3444 lactum
784 3366 879 3462 quod
904 3365 1102 3438 desiderant
1125 3364 1221 3458 prius
1248 3365 1418 3459 complere
1441 3366 1477 3436 in
1494 3365 1669 3439 Placentia
1681 3387 1787 3459 quam
1803 3365 1841 3436 in
1868 3364 2048 3439 Cremona.

638 3495 702 3567 Die
723 3491 860 3566 veneris
881 3491 925 3562 lll
948 3489 1077 3562 mensis
1100 3487 1311 3578 decembris,
1340 3509 1419 3561 cum
1444 3489 1685 3561 ambaxateres
1702 3487 1868 3562 Cremona
1886 3497 1922 3561 et
1949 3491 2052 3584 Papie

641 3624 757 3692 essent
774 3615 811 3686 in
826 3613 1001 3686 Placentia
1019 3633 1124 3685 cansa
1141 3610 1326 3708 copulandi
1345 3611 1433 3684 inter
1452 3611 1528 3708 ipsa
1547 3613 1744 3685 communia
1765 3613 1965 3686 societatem
1992 3634 2052 3708 pro

641 3741 734 3813 bono
750 3739 904 3835 ipsorum
929 3735 1166 3809 communium
1189 3743 1225 3808 et
1243 3744 1358 3808 essent
1379 3735 1445 3830 ipsi
1469 3735 1713 3809 ambaxutores
1735 3735 1773 3806 in
1790 3735 1936 3810 oonsiho
1960 3757 2053 3809 corn·

642 3862 758 3938 munis
782 3859 953 3936 Placentia
975 3879 1080 3932 causa
1100 3857 1294 3954 complendi
1315 3855 1507 3954 predictam
1525 3858 1738 3950 societatem,
1761 3857 1904 3950 jurandi
1929 3865 1965 3932 et
1989 3857 2053 3930 fir-

644 3986 784 4075 mandi,
808 3981 932 4057 stando
949 3983 986 4054 in
1006 3982 1083 4079 ipso
1102 3981 1245 4055 consilio
1269 3979 1415 4076 predicti
1437 3979 1541 4075 legati
1559 3981 1620 4075 qui
1641 3989 1823 4054 tractatum
1846 3982 1999 4054 fecerant
2019 3981 2054 4053 in

643 4108 815 4182 Placentia
837 4106 882 4180 de
904 4105 1133 4201 opprimendo
1155 4105 1315 4178 comitem
1342 4112 1377 4176 et
1404 4114 1536 4199 partem
1562 4127 1661 4178 suam
1685 4113 1721 4178 et
1746 4105 1808 4200 qui
1829 4105 1902 4198 jam
1922 4114 2055 4180 tantum

646 4235 794 4306 fecerant
819 4227 915 4325 quod
942 4229 1091 4303 Ubertus
1116 4227 1347 4301 Pellavicinus
1372 4227 1527 4300 marchio
1552 4235 1690 4324 propter
1713 4227 1834 4302 odium
1858 4227 1955 4324 quod
1982 4249 2056 4301 cre-

644 4365 742 4429 verat
756 4355 845 4426 iuter
863 4352 977 4449 ipsum
991 4361 1026 4423 et
1048 4351 1227 4425 dominnm
1251 4351 1408 4424 Bossium
1427 4351 1595 4446 expulsus
1609 4359 1682 4425 erat
1697 4360 1733 4426 et
1756 4351 1891 4424 divisus
1912 4351 1957 4425 de
1978 4351 2057 4425 Cre·

646 4499 749 4552 mona
758 4476 819 4549 uhi
828 4496 890 4573 per
902 4475 979 4548 xvt
991 4496 1100 4549 anuos
1110 4473 1303 4550 dominium
1315 4473 1511 4550 habuerunt
1522 4483 1558 4547 et
1569 4475 1631 4571 qui
1644 4482 1727 4548 tune
1739 4483 1812 4548 erat
1824 4473 1860 4546 iu
1868 4473 2055 4562 Placentia,

691 4756 732 4838 (a)
753 4757 789 4819 In
803 4755 905 4817 codice
918 4770 1078 4835 commane,
1093 4755 1151 4817 nlsl
1162 4753 1318 4836 legendum
1331 4753 1547 4818 sttcommenie.
