4554 6080
782 641 823 702 tlt
846 641 986 704 ll'hhlll
1010 640 1161 704 oneris.
1615 645 1675 708 281

262 774 489 870 magnificum
503 775 694 870 principem
707 774 926 850 Fredericum
936 777 1223 866 Austrieducem,
1240 777 1472 850 marchionem
1488 779 1677 872 palatinum

262 899 418 984 Verona,
446 898 666 970 karissimum
693 900 907 971 avunculum
937 909 1114 990 nostrum,
1145 897 1339 973 Gnidonem
1358 901 1537 974 Nouellum
1563 904 1677 976 karis-

261 1023 390 1094 simum
405 1022 544 1095 affinem
566 1029 740 1110 nostmm,
760 1023 962 1096 Vcecontem
984 1023 1219 1096 Palavicinum
1246 1023 1500 1114 marchionem,
1525 1025 1676 1098 Croffum
1726 1101 1733 1114 ,

261 1145 548 1218 Teothonioornm
574 1145 611 1216 in
640 1145 754 1218 Ytalia
780 1145 988 1219 morantium
1008 1145 1275 1233 marescalcum,
1298 1145 1510 1218 condilectos
1533 1146 1676 1221 devotos

262 1277 297 1342 et
313 1267 434 1342 fideles
455 1277 609 1357 nostroe,
629 1289 709 1340 cum
728 1267 880 1362 qnadmr
896 1267 1022 1340 milicie
1040 1276 1158 1340 nostre
1173 1277 1271 1362 parte
1286 1277 1320 1340 et
1336 1268 1528 1341 honorabili
1548 1271 1676 1344 milicia

261 1393 355 1465 Sene
372 1392 573 1464 curavimus
589 1391 724 1464 mittere
749 1400 963 1482 contraeas,
980 1390 1075 1484 qnod
1097 1390 1298 1484 ubicunque
1320 1390 1513 1463 invenirent
1535 1393 1675 1466 eosdem

261 1514 469 1588 invaderent
493 1514 639 1586 viriliter
660 1522 695 1586 et
719 1523 888 1608 potenter.
913 1513 1083 1598 Quicum
1105 1533 1165 1585 eos
1186 1513 1222 1584 in
1244 1514 1335 1586 valle
1358 1512 1440 1587 Arni
1465 1514 1511 1587 ad
1538 1525 1676 1610 pontem

260 1637 392 1710 scilicet
409 1637 455 1708 de
475 1637 614 1710 Laralle
634 1657 815 1732 persuum
837 1636 1064 1708 infortunium
1083 1636 1313 1721 invenissent,
1335 1636 1477 1708 aciebus
1502 1637 1676 1711 instructis

260 1771 450 1854 utrumqne
474 1760 510 1830 in
525 1781 584 1832 eos
601 1769 767 1853 tanquam
789 1761 906 1832 leones
931 1759 1122 1832 esurientes
1142 1759 1188 1830 ad
1207 1758 1348 1853 predam
1372 1757 1549 1833 audaciter
1568 1763 1677 1836 irrue·

261 1893 358 1974 runt,
373 1883 435 1977 qui
445 1883 524 1955 licet
537 1903 576 1954 se
589 1882 625 1954 in
640 1881 808 1976 principio
820 1891 1011 1972 tuerentur,
1026 1881 1200 1975 ingentem
1215 1891 1330 1954 tamen
1341 1891 1533 1955 nostrornm
1550 1885 1675 1958 molem

261 2018 298 2078 et
322 2005 489 2098 impetum
515 2013 705 2098 nequentes
735 2004 905 2075 sustinere
930 2003 1104 2075 ullatenus
1126 2003 1223 2074 fracti
1253 2003 1405 2096 victique
1430 2014 1512 2076 sunt
1540 2026 1674 2082 omnes.

259 2126 534 2200 Innumerabiles
552 2135 635 2198 sunt
654 2126 841 2214 interlecti,
863 2125 998 2220 luitque
1015 2125 1064 2196 ibi
1087 2134 1219 2214 strages
1243 2125 1410 2199 mirabilis
1431 2136 1466 2199 et
1487 2128 1591 2202 cedes
1614 2130 1676 2203 ho·

260 2247 396 2320 minum
412 2247 568 2320 inaudita
589 2247 650 2342 qui
675 2269 738 2342 per
753 2256 945 2320 nostrorum
966 2247 1101 2340 gladios
1123 2258 1326 2339 coruernnt3
1351 2253 1580 2324 marescalcus
1597 2274 1675 2348 pre·

260 2367 376 2443 dictus
395 2393 474 2442 cum
498 2370 616 2442 multis
637 2369 714 2442 aliis
731 2370 868 2464 magnis
883 2369 969 2441 viris
990 2369 1026 2439 in
1049 2378 1204 2440 nostrum
1228 2391 1400 2442 carcerem
1421 2381 1473 2444 est
1491 2372 1673 2467 deductus,

259 2493 436 2588 plerisque
458 2494 520 2586 qui
545 2493 628 2585 luge
648 2491 821 2588 refugium
843 2491 1029 2564 absentatis
1045 2491 1094 2586 (a)
1114 2514 1178 2586 per
1195 2493 1375 2583 gibellinoe
1399 2492 1519 2566 lidelee
1543 2506 1677 2571 nostros

260 2615 297 2686 in
323 2615 393 2686 illis
410 2615 567 2710 partibus
594 2613 856 2686 circumstantes
875 2615 925 2685 sic
948 2613 1071 2686 occissi
1095 2624 1177 2686 sunt
1198 2614 1419 2710 postmodum
1438 2617 1534 2710 quod
1550 2619 1676 2714 aliquis

259 2759 381 2810 eorum
398 2758 470 2811 non
488 2737 610 2810 evasit.
629 2738 699 2809 Vos
712 2737 817 2832 igitur
830 2734 950 2809 lidelee
964 2737 1069 2808 nostri
1084 2745 1299 2810 assumentes
1313 2761 1360 2811 ex
1374 2739 1536 2833 predictis
1550 2743 1675 2815 mentis

260 2861 496 2934 constanciam
512 2869 548 2932 et
564 2859 722 2954 spiritum
742 2859 958 2949 ielliciorem,
982 2880 1063 2930 cum
1081 2859 1118 2930 in
1136 2859 1203 2932 hac
1220 2860 1354 2932 dederit
1370 2863 1461 2934 Dens
1479 2863 1579 2935 nohis
1597 2887 1675 2960 pre·

259 2983 395 3077 sagium
412 2983 632 3055 manifestum
647 2992 682 3055 et
699 3003 794 3055 arras
807 2981 1015 3054 certissimas
1028 2981 1197 3074 generalis
1214 2995 1328 3056 nostre
1345 2985 1489 3058 victorie
1501 2999 1672 3080 secutura,

258 3107 339 3178 totis
366 3107 502 3177 viribus
526 3105 725 3200 gaudeatis,
749 3105 884 3178 firmam
912 3113 947 3176 et
970 3104 1199 3177 indubitatam
1224 3105 1387 3179 fiduciam
1413 3109 1606 3182 obtinentes
1630 3111 1676 3186 de

258 3229 404 3301 victoria
420 3237 536 3301 nostra
555 3229 600 3300 de
618 3250 689 3323 qua
700 3228 816 3302 subito
832 3227 1016 3318 habebitis,
1037 3229 1141 3300 dante
1156 3229 1240 3314 Deo,
1257 3230 1364 3300 nostri
1384 3231 1546 3304 desiderii
1562 3235 1676 3308 effica-

258 3350 343 3424 citer
365 3351 667 3444 complementum.
689 3351 728 3422 ln
746 3371 817 3444 qno
833 3351 942 3446 prelio
966 3349 1020 3422 DC
1037 3351 1162 3422 milites
1180 3350 1225 3423 de
1243 3361 1339 3445 parte
1355 3347 1496 3450 [Karoli]
1515 3365 1596 3428 sunt
1612 3357 1674 3429 in-

257 3473 407 3562 teriecti,
424 3473 469 3544 de
484 3481 581 3567 parte
594 3474 686 3568 regis
701 3473 848 3546 Conradi
863 3482 996 3544 tantum
1014 3480 1095 3544 tres.
1115 3473 1239 3544 Datum
1258 3475 1362 3564 Sene,
1380 3485 1412 3544 et
1424 3486 1542 3548 cetero.
1562 3501 1581 3546 n

305 3595 438 3670 Eodem
469 3605 621 3692 tempore
648 3597 796 3671 Karolue
823 3605 896 3670 erat
925 3596 961 3666 in
987 3593 1190 3666 cesiditione
1211 3595 1358 3668 Nuceria
1385 3597 1421 3667 in
1444 3618 1514 3691 qna
1536 3598 1674 3673 civitate

257 3729 436 3813 magnates
451 3719 497 3792 de
512 3741 619 3815 regno
637 3721 672 3792 in
686 3719 887 3794 defensione
904 3725 1016 3808 erant,
1031 3726 1066 3790 et
1084 3717 1181 3789 lactis
1196 3719 1341 3792 castellis
1359 3719 1482 3814 ligneis
1497 3723 1668 3812 aKarulo,

254 3839 433 3912 intrinseci
456 3861 575 3914 cavam
604 3841 767 3913 iacientes
790 3842 864 3936 ipsa
891 3841 1029 3912 castella
1056 3839 1313 3912 combuxerunt
1342 3851 1378 3914 et
1402 3843 1508 3935 prelio
1536 3843 1671 3939 incepto

254 3971 377 4056 gentes
398 3963 518 4036 Karuli
539 3967 576 4035 in
603 3965 722 4054 lugam
750 3972 1008 4037 converterunt.
1029 3961 1207 4058 Reponitur
1236 3962 1272 4033 in
1300 3962 1368 4035 hiis
1399 3964 1554 4058 partibus
1579 3967 1671 4038 ceci·

255 4084 414 4160 diseede
434 4099 537 4181 gente
555 4088 676 4161 Karuli
695 4086 766 4160 duo
784 4088 818 4160 M
841 4088 978 4162 milites.
1005 4089 1136 4159 interca
1160 4106 1342 4158 commune
1359 4087 1520 4158 Pisanum
1540 4097 1575 4160 et
1589 4089 1670 4162 Fre·

254 4207 394 4282 dericus
411 4211 536 4283 Lancia
550 4222 585 4283 et
601 4211 660 4282 alii
678 4221 856 4302 magnates
870 4211 915 4285 de
930 4232 1037 4306 regno
1050 4217 1260 4304 paraverunt
1277 4209 1403 4282 XXXV
1419 4211 1535 4304 galeas
1552 4213 1669 4286 etalio

253 4329 349 4424 ligna
368 4333 403 4402 in
421 4333 551 4426 quibus
563 4332 793 4405 ascenderunt
810 4333 900 4406 circa
919 4335 963 4404 Vl
978 4333 1083 4404 millia
1098 4329 1272 4421 homines,
1293 4333 1494 4426 navigantes
1516 4333 1553 4404 in
1572 4333 1669 4430 Apu-

253 4453 336 4526 ham
355 4465 390 4527 et
407 4457 559 4528 Siciliam
575 4456 722 4530 servicio
736 4455 828 4550 regis
844 4455 1003 4530 Conradi.
1020 4457 1062 4528 Et
1080 4465 1195 4529 motus
1214 4477 1276 4527 rex
1292 4453 1470 4528 Conradns
1490 4458 1667 4532 acivitate

296 4616 339 4698 (a)
360 4619 458 4680 Iocus
471 4619 610 4700 mutilus,
625 4621 698 4682 dum
715 4635 819 4682 sensns
832 4624 947 4700 require
961 4639 978 4684 e
994 4624 1129 4686 videatur
1142 4641 1150 4684 ε
1164 4619 1302 4706 Plerique
1312 4620 1364 4703 qui
1369 4618 1505 4700 perstat
1521 4619 1667 4702 rvfitoitm

251 4721 486 4792 mmmmm.

1468 4841 1504 4892 eo
