4554 6080
765 679 806 742 ΙΝ
830 679 971 741 ΙΤΑΗΑ
996 681 1146 742 ossula
1603 685 1664 746 305

293 817 358 890 Die
378 815 513 889 sabbati
537 813 614 885 Vlll
633 811 685 907 (u)
702 815 832 888 mensis
847 814 1039 888 decembris
1057 836 1172 887 comes
1188 816 1375 890 Ubertinus
1393 815 1437 889 de
1460 817 1581 890 Laudo
1602 821 1665 913 qui

243 940 453 1042 inpartibus
471 936 734 1032 Gravaghierat
754 961 835 1010 cnm
854 947 948 1012 certa
963 939 1156 1032 quantitate
1174 940 1321 1014 militum
1344 942 1448 1035 partis
1470 943 1665 1018 extrinsece

244 1064 292 1138 de
311 1062 484 1136 Placentia
502 1069 635 1134 etcum
652 1060 848 1134 ballistariis
865 1072 899 1134 et
922 1062 1152 1134 servientibus
1174 1064 1274 1136 vallis
1292 1063 1383 1134 Tarii
1408 1073 1443 1136 et
1461 1063 1543 1136 Ceni
1565 1066 1664 1159 equi·

245 1187 335 1260 tavit
359 1185 408 1260 ad
430 1183 583 1258 Rocbam
608 1185 843 1258 Petretravine
872 1207 942 1279 que
965 1207 1025 1278 per
1046 1185 1261 1258 Placentinos
1292 1186 1494 1260 intrinsecos
1519 1191 1665 1262 teneba-

246 1321 320 1402 tur,
341 1310 402 1382 ubi
428 1318 503 1383 erat
526 1329 589 1404 pro
612 1309 793 1403 capitaneo
812 1309 986 1382 lohannes
1013 1307 1105 1382 filius
1130 1310 1309 1404 quondam
1334 1309 1464 1384 Alberti
1490 1312 1666 1407 Gragnelli

245 1457 326 1506 cum
340 1432 535 1506 eoldateriis
551 1441 587 1504 et
598 1432 674 1504 aliis
689 1433 922 1506 servientibus
939 1435 1086 1524 suis;'et
1099 1434 1207 1530 prelio
1218 1435 1307 1506 inter
1324 1455 1385 1507 eos
1402 1435 1539 1531 incepto
1555 1437 1604 1508 illi
1621 1439 1667 1512 de

244 1556 362 1630 llocha
382 1555 583 1630 delecemnt
600 1554 646 1628 ad
661 1557 829 1650 prelium,
856 1567 892 1629 et
911 1557 962 1628 sic
982 1579 1098 1630 comes
1112 1579 1192 1629 cum
1210 1558 1284 1630 suis
1301 1580 1363 1653 per
1381 1559 1454 1632 vim
1470 1561 1614 1634 viriliter
1633 1573 1668 1635 et

245 1691 404 1777 potenter
420 1699 482 1754 eos
498 1680 687 1774 superavit,
709 1679 947 1754 interficiendo
962 1681 1075 1776 ipsum
1092 1681 1282 1754 Iohannem
1295 1683 1513 1778 capitaneum
1530 1695 1564 1757 et
1580 1685 1668 1758 alios

246 1804 307 1898 qai
327 1825 408 1876 cum
427 1824 469 1876 eo
494 1811 607 1888 erant,
630 1802 750 1897 paucis
767 1804 883 1876 evasis
906 1805 968 1897 qui
993 1804 1027 1875 in
1046 1806 1244 1876 carceribus
1264 1804 1346 1877 dicti
1362 1806 1497 1878 comitis
1516 1805 1668 1902 detenpti

248 1938 352 2028 sunt;¹
365 1949 471 2022 quam
489 1926 641 2000 llocham
654 1925 747 2000 idem
764 1949 879 2000 comes
893 1927 1069 2021 guarnivit
1087 1928 1132 2000 de
1148 1929 1250 2000 bonis
1265 1929 1496 2002 servientibus
1510 1940 1545 2002 et
1558 1909 1668 2002 omni·¹

245 2051 315 2132 bus
333 2051 534 2124 necesariis.
555 2051 677 2124 Dolcut
695 2071 717 2123 a
775 2061 911 2126 nortem
934 2051 1119 2124 Placentini
1139 2051 1331 2142 intrinseci,
1355 2051 1509 2145 gaudent
1529 2054 1669 2126 extrin-

246 2176 319 2250 seci
335 2185 372 2248 et
388 2175 491 2248 amici
510 2196 646 2248 eorum.

263 2369 266 2376 .
295 2298 407 2372 Litarc
430 2299 630 2372 transmisse
647 2319 669 2372 a
686 2297 829 2372 domino
850 2298 1031 2372 Frederico
1051 2298 1157 2372 tercio
1171 2299 1357 2372 Jerusalem
1380 2307 1416 2372 et
1431 2300 1568 2374 Scicilie
1588 2323 1670 2395 rege

246 2421 395 2496 batiaco
419 2422 598 2516 quondam
627 2421 710 2494 diva
734 2421 899 2494 memorie
925 2420 1056 2494 domini
1081 2421 1252 2494 Frederici
1278 2423 1495 2517 imperaturis
1517 2437 1599 2496 nato
1624 2445 1671 2496 ax

246 2547 391 2620 domina
412 2545 598 2640 Margarita
622 2545 692 2618 lilia
718 2545 796 2637 ejus
818 2567 925 2639 quam
947 2545 1068 2616 babuit
1090 2566 1138 2616 ex
1157 2565 1273 2616 sorore
1297 2543 1390 2636 regis
1411 2545 1536 2639 Anglie
1559 2569 1671 2620 uxore

246 2691 330 2755 sua;
344 2691 494 2767 quarum
513 2679 612 2742 tenor
629 2668 708 2740 talis
726 2678 779 2740 est
794 2692 837 2738 :u
857 2666 1060 2740 Fredericus
1080 2667 1208 2741 tercius
1224 2668 1284 2738 Dei
1301 2669 1411 2760 gratia
1431 2670 1618 2744 Jerusalem
1637 2681 1672 2744 at

247 2793 385 2867 Scicilie
402 2814 484 2884 rex,
504 2791 580 2864 dux
596 2793 744 2883 Suavie,
764 2791 1012 2882 landegravius
1027 2791 1191 2883 Turingie
1208 2801 1243 2862 et
1259 2791 1409 2866 Saxonie
1422 2814 1538 2866 comes
1559 2795 1671 2888 palla-

247 2918 357 3006 tinus‚
377 2917 549 3012 potestati,
568 2915 730 2988 conscilio
743 2926 779 2988 et
795 2915 970 2988 communi
983 2913 1089 3008 Papie
1106 2913 1240 2986 dilectis
1259 2913 1394 2989 devotis
1410 2927 1444 2988 et
1459 2918 1580 2990 amicis
1597 2920 1671 2992 suis

247 3042 393 3114 salutem
408 3051 443 3114 ct
458 3061 609 3112 amorem
629 3039 817 3114 sincerum.
838 3038 964 3110 Crebra
987 3038 1160 3110 relacione
1183 3039 1326 3111 auribus
1351 3041 1539 3132 majestatis
1556 3052 1671 3114 nostre

246 3165 447 3260 frequenter
461 3165 610 3236 innotuit
622 3162 720 3258 quod
736 3183 802 3235 vos
814 3173 848 3236 et
860 3161 983 3234 civitas
998 3171 1113 3234 vestra
1125 3161 1231 3255 Papia
1245 3163 1304 3254 qui
1320 3163 1408 3235 inter
1420 3166 1507 3236 alios
1524 3167 1671 3240 devotos

247 3297 283 3362 et
298 3289 429 3360 amicos
444 3287 556 3360 Ytalie
581 3287 670 3359 sicut
694 3308 819 3360 aurum
836 3283 1036 3358 devocionis
1052 3305 1156 3379 opera
1180 3286 1381 3377 pmlucetis,
1408 3310 1587 3383 nunquam
1609 3313 1670 3366 re-

247 3411 388 3486 troactis
404 3410 618 3505 temporibus
638 3409 675 3480 in
696 3409 892 3482 mutacione
914 3429 977 3480 seu
999 3409 1165 3480 varietate
1180 3417 1370 3502 temporum
1390 3410 1616 3488 devocionem
1634 3427 1670 3490 et

246 3535 464 3630 legiptimum
480 3535 591 3608 zelum
611 3555 718 3628 quem
742 3553 826 3626 erga
841 3531 1018 3627 quondam
1041 3533 1274 3628 progenitores
1290 3535 1392 3608 divos
1408 3546 1542 3610 nostros
1557 3538 1668 3612 devo-

248 3659 327 3732 cius
341 3658 533 3746 habuistis,
555 3656 659 3728 minis
681 3678 743 3730 sen
764 3655 971 3746 terroribus,
996 3657 1198 3728 muneribus
1214 3679 1277 3730 seu
1300 3660 1583 3751 pmmissionibus
1600 3665 1669 3736 ali-

247 3803 397 3875 quorum
417 3781 576 3854 voluistis
591 3779 638 3852 ad
658 3780 725 3852 alia
738 3789 971 3866 commutare,
991 3779 1055 3852 sed
1069 3779 1180 3872 ipsam
1194 3801 1328 3875 semper
1341 3782 1473 3857 illesam
1490 3797 1668 3862 servantes

246 3916 333 4000 aput
357 3903 503 3978 heredes
531 3912 566 3976 et
593 3923 809 3976 successores
835 3923 957 3976 eorum
982 3905 1155 3977 ferventer
1184 3898 1245 4002 [et]
1277 3905 1419 3978 viriliter
1444 3910 1664 4004 ostendistis,

245 4030 367 4102 multis
381 4037 561 4125 propterea
583 4028 629 4100 ab
653 4028 777 4100 amalis
796 4027 858 4123 qui
881 4048 964 4120 erga
985 4027 1126 4100 eosdem
1148 4027 1409 4122 predecessores
1432 4045 1564 4106 nostros
1587 4060 1666 4130 ges·

243 4161 363 4229 serant
384 4151 591 4225 cvtntrariam
609 4152 820 4224 voluntatem
836 4145 963 4248 [vobis]
980 4164 1015 4222 et
1030 4151 1208 4222 territuriis
1225 4153 1348 4226 vestris
1362 4153 1542 4251 dampnis,
1559 4183 1664 4254 quam

245 4277 407 4373 pluribus
436 4275 608 4350 incendiis
634 4285 669 4346 et
694 4273 961 4348 adversitatibus
990 4274 1157 4346 hostiliter
1183 4275 1355 4369 irrogatis.
1386 4279 1461 4364 Quo
1485 4284 1602 4356 omnia
1628 4285 1665 4356 in

245 4402 373 4474 uostris
397 4398 668 4493 cogitacionibus
693 4399 855 4471 continue
878 4399 1118 4486 revolventem
1150 4400 1272 4472 merito
1299 4403 1412 4477 sollita
1435 4405 1673 4483 meditacione

244 4545 436 4619 pensamus
450 4543 514 4595 vos
536 4531 571 4594 at
585 4531 734 4594 vestram
753 4521 927 4592 civitatem
946 4529 1111 4615 tanquam
1135 4522 1368 4617 predictorum
1383 4528 1662 4624 predecessorum

245 4657 441 4720 nostrorum
465 4647 554 4721 inter
575 4647 659 4720 alias
678 4647 834 4720 civitates
855 4645 967 4718 Ytalie
992 4645 1214 4743 predilectam
1234 4673 1297 4746 pro
1316 4652 1480 4746 predictis
1503 4659 1663 4730 omuibus

289 4793 331 4873 (a)
351 4794 523 4873 legendam
537 4809 608 4854 vero
626 4792 690 4854 VII.

1465 4918 1502 4970 89
