4554 6080
605 633 665 694 :336
1079 629 1322 692 canonicos
1346 631 1400 690 ult
1423 631 1552 691 REBUS

605 768 713 838 forma
731 765 848 838 statuti
869 764 963 860 ipsos
978 763 1196 839 introducere
1213 767 1249 838 in
1269 767 1443 838 civitatem
1466 765 1618 858 blutiu03
1639 766 1702 862 qui
1716 767 1845 842 habitis
1866 771 2026 866 pluribus

605 889 726 963 castris
736 890 866 961 Mutine
883 898 918 960 et
933 889 1076 962 uastatis
1088 890 1135 962 ad
1150 889 1286 984 propria
1304 899 1385 960 suut
1397 889 1542 962 reversi.

654 1013 718 1086 Die
733 1012 958 1084 venerisXXl
976 1012 1104 1084 mensis
1118 1013 1255 1106 augusti
1273 1032 1388 1084 comes
1401 1011 1571 1084 Tbeloxie
1585 1021 1619 1085 et
1641 1013 1740 1109 Piyte
1755 1016 1861 1088 irater
1873 1017 2023 1090 condam

605 1136 698 1228 regis
710 1135 851 1208 Francia
865 1146 901 1208 et
913 1136 1006 1229 regis
1020 1137 1136 1208 llaroli
1153 1159 1231 1208 cum
1247 1133 1431 1208 reddireta
1447 1134 1632 1209 brandicio
1650 1138 1712 1208 ubi
1725 1150 1799 1210 erat
1811 1161 1917 1213 causa
1931 1151 2027 1214 ban·

605 1259 731 1332 senndi
749 1261 836 1332 ultra
855 1259 1003 1331 marein
1026 1259 1157 1330 auxilio
1178 1261 1279 1331 Terre
1294 1259 1419 1330 Sancte
1442 1267 1477 1331 et
1503 1267 1594 1332 essct
1611 1259 1647 1330 in
1662 1261 1792 1352 Saoua,
1811 1262 1860 1333 ibi
1880 1262 1971 1354 obit,
1992 1274 2030 1336 et

605 1384 718 1456 delata
744 1394 826 1454 sunt
840 1403 918 1455 ossa
936 1383 1012 1476 ojus
1027 1382 1063 1454 in
1082 1392 1205 1455 terram
1226 1405 1343 1472 suam,
1364 1393 1399 1454 et
1420 1403 1512 1454 uxor
1529 1383 1606 1474 ejus
1624 1381 1695 1456 lilia
1718 1385 1867 1458 condam
1890 1387 2030 1459 comitis

604 1506 750 1579 Tbeloso
762 1515 836 1578 erat
848 1528 966 1579 secum
982 1505 1116 1578 infirma
1130 1505 1175 1579 de
1191 1528 1354 1601 persona,
1371 1507 1416 1578 de
1432 1527 1503 1600 qua
1521 1505 1720 1580 infirmitate
1736 1509 1832 1580 obiit

655 1631 717 1702 Die
729 1628 903 1703 dominico
914 1630 1023 1702 XXlll
1034 1629 1172 1724 augusti
1184 1630 1351 1702 Luxiardi
1365 1639 1401 1703 et
1412 1629 1472 1701 alii
1482 1629 1583 1702 amici
1598 1639 1633 1702 et
1648 1629 1767 1704 fideles
1777 1631 1909 1704 domini
1924 1633 2030 1706 comi·

606 1753 651 1826 tis
677 1754 831 1826 Ubertiui
855 1753 902 1826 de
924 1753 1044 1826 Laudo
1070 1776 1117 1826 ex
1140 1763 1285 1825 tractatu
1310 1752 1392 1825 dicti
1421 1753 1553 1825 domiui
1571 1751 1975 1854 comitis[intraverunt]
1990 1756 2027 1827 in

606 1887 757 1948 castrum
772 1875 817 1949 de
828 1875 987 1970 Gravago
1001 1887 1035 1949 et
1052 1877 1181 1949 babent
1192 1899 1255 1972 pro
1268 1877 1344 1971 ipso
1360 1875 1504 1950 domino
1520 1877 1645 1950 comite
1662 1878 1768 1950 insui
1785 1879 1884 1950 fortia
1900 1888 1937 1950 et
1954 1879 2027 1951 vir-

606 2012 695 2087 tute,
717 2001 762 2073 de
780 2023 851 2095 quo
867 2003 1015 2072 multum
1031 2001 1150 2074 dolent
1169 2002 1356 2076 Placentini
1372 1999 1503 2072 inimici
1522 2001 1575 2072 sui
1596 2009 1631 2074 et
1648 2002 1843 2096 specialiter
1858 2001 2029 2076 Riualdus

607 2123 728 2196 Scotus
748 2124 808 2218 qui
829 2123 943 2218 ipsum
969 2135 1120 2196 castrum
1141 2135 1271 2198 emerat
1292 2147 1314 2197 a
1339 2123 1514 2197 communi
1532 2124 1706 2197 Placentia
1727 2147 1790 2220 pro
1809 2126 1853 2196 lll
1875 2127 1909 2198 Μ
1929 2125 2029 2198 libris

607 2257 643 2318 et
660 2269 842 2319 commuue
860 2247 1032 2320 Placentia
1046 2259 1177 2321 emerat
1190 2250 1305 2345 ipsum
1318 2258 1467 2320 castrum
1487 2269 1508 2320 a
1525 2245 1607 2320 filiis
1622 2247 1772 2322 condam
1783 2248 1969 2322 lanuuciui
1984 2249 2031 2321 de

608 2369 739 2446 Audito
758 2391 820 2464 pro
837 2370 898 2440 Vll
915 2371 950 2440 Μ
969 2371 1078 2443 libris.
1097 2373 1141 2442 Et
1158 2372 1323 2464 dicioris
1347 2371 1391 2442 lll
1408 2371 1536 2444 mensis
1552 2372 1757 2466 septembris
1779 2373 1894 2445 dictus
1910 2393 2031 2444 comes

609 2516 689 2566 cum
703 2493 849 2565 militum
867 2495 1029 2568 comitiva
1050 2496 1114 2576 ivit
1136 2497 1182 2570 ad
1200 2505 1349 2568 castrum
1369 2494 1518 2588 Gravagi
1533 2517 1639 2568 causa
1656 2495 1852 2591 accipiendi
1874 2505 2029 2568 tenutam

610 2617 693 2690 dicti
710 2618 812 2690 castri
824 2627 859 2690 et
876 2617 1060 2692 ordinandi
1078 2619 1167 2692 lacta
1184 2622 1373 2693 amicorum
1393 2620 1529 2692 illarum
1547 2621 1710 2713 partium.

660 2740 791 2812 Eodem
809 2749 963 2835 tempore
978 2741 1130 2814 marchio
1145 2743 1370 2816 Montislerati
1389 2741 1607 2816 adscendens
1619 2741 1798 2834 navigium
1813 2741 1849 2812 in
1863 2749 1965 2836 portu
1984 2740 2031 2814 de

611 2863 688 2958 Vay
695 2865 797 2955 juxta
806 2866 954 2936 Saeuam
964 2865 1062 2938 vadit
1073 2865 1118 2938 ad
1131 2887 1247 2958 regem
1261 2866 1403 2940 Castelle
1413 2887 1476 2962 pro
1485 2866 1689 2961 accipienda
1702 2865 1771 2936 lilia
1787 2865 1871 2938 dicti
1886 2866 1980 2956 regis
1992 2867 2028 2936 in

612 2987 833 3081 uxoremqui
847 2987 1029 3061 adscendit
1043 2989 1607 3083 navigiumcumambaxatoribus
1621 2989 1796 3084 Papiedie
1809 2990 2030 3062 lunaXXllll

612 3111 764 3203 augusti.
784 3111 848 3182 Die
863 3111 981 3184 martis
1009 3112 1118 3206 prime
1139 3113 1268 3185 mensis
1293 3111 1495 3206 septembris
1517 3133 1635 3184 comes
1655 3111 1857 3184 Fredericus
1886 3111 1931 3184 de
1955 3111 2029 3182 Tri·

615 3235 710 3325 lorti,
728 3234 879 3306 vicarius
898 3235 1067 3328 generalis
1085 3234 1227 3307 illustris
1240 3235 1306 3306 viri
1319 3235 1450 3308 domini
1464 3235 1635 3307 Frederici
1650 3234 1746 3306 tercii
1764 3235 1858 3328 regis
1871 3233 2026 3323 Scicilie‚

560 3451 563 3459 Ι
615 3381 695 3430 cum
711 3359 957 3453 sollempnibus
973 3359 1256 3431 ambasiatoribus
1268 3358 1425 3451 ejusdem
1445 3357 1579 3430 domini
1592 3358 1683 3450 regis
1699 3379 1780 3429 cum
1797 3357 1905 3450 signis
1919 3357 2032 3430 victri-

615 3482 715 3553 cibus
729 3483 846 3575 uquile
863 3491 898 3553 et
920 3504 998 3553 cum
1014 3482 1108 3553 tubis
1127 3481 1300 3575 argenteis
1316 3481 1484 3576 applicuit
1495 3481 1530 3550 in
1542 3479 1678 3553 Verona
1695 3481 1757 3552 ubi
1773 3482 1900 3575 recepti
1915 3491 2030 3552 sunta

615 3605 872 3678 Veronensibus
891 3627 970 3677 cum
988 3627 1113 3699 magno
1128 3605 1275 3690 bonore,
1297 3614 1332 3676 et
1348 3604 1396 3674 ibi
1411 3613 1597 3698 expectant
1612 3602 1744 3675 dictum
1761 3602 1939 3676 domiuum
1961 3605 2032 3675 lau·
2149 3651 2160 3674 2

616 3729 777 3824 gravium
794 3740 923 3824 patrem
940 3729 1017 3821 ejus
1036 3751 1115 3800 cum
1134 3729 1265 3822 ingenti
1279 3728 1426 3798 militum
1440 3725 1621 3799 Germanie
1630 3726 1792 3798 comitiva
1807 3747 1913 3800 causa
1929 3747 2031 3798 rocu-

617 3855 762 3950 perandi
790 3877 935 3949 regnum
959 3877 1061 3925 suum
1090 3855 1243 3942 Scicilic‚
1269 3853 1365 3947 quod
1390 3851 1553 3924 dominus
1580 3872 1644 3924 rex
1670 3851 1817 3924 Karalus
1843 3850 1911 3924 sibi
1938 3861 2030 3926 tenet

617 3989 842 4072 occupatum,
868 3987 903 4050 et
929 3979 1021 4050 stetit
1045 3978 1093 4050 ibi
1119 4001 1179 4073 par
1205 3999 1369 4071 magnum
1396 3987 1534 4071 tempus
1557 3983 1592 4047 et
1618 3975 1722 4047 nicbil
1747 3974 1877 4048 iaciens
1904 3975 2030 4047 redivit

618 4110 720 4174 retro.

668 4223 798 4298 Eodem
813 4237 965 4320 tempore
980 4225 1025 4298 de
1039 4246 1156 4296 mense
1173 4223 1375 4318 septembris
1395 4221 1665 4295 Mediolanenses
1678 4242 1758 4292 cum
1776 4221 1933 4294 exercitu
1954 4221 2030 4292 iue-

619 4357 702 4420 runt
719 4347 764 4420 ad
780 4347 986 4420 vastandum
1002 4348 1158 4420 homines
1174 4347 1293 4420 Creme
1305 4357 1339 4419 et
1352 4353 1518 4418 steterunt
1530 4344 1580 4416 ibi
1596 4365 1657 4440 per
1673 4345 1706 4417 X
1721 4343 1810 4418 dies.

669 4471 753 4544 Cum
772 4471 963 4544 cardinales
979 4471 1076 4543 urbis
1097 4471 1203 4542 Rome
1219 4471 1280 4544 diu
1301 4469 1474 4542 stetissent
1495 4469 1531 4539 in
1552 4489 1678 4561 magua
1698 4467 1870 4540 divisione
1886 4465 1923 4538 iu
1942 4468 2028 4540 elec·

621 4595 715 4668 tione
730 4595 856 4667 summi
873 4595 1045 4690 pontilicis
1067 4617 1128 4689 per
1151 4595 1239 4668 duos
1262 4615 1372 4667 anuos
1387 4603 1422 4666 et
1437 4593 1534 4689 plus,
1555 4591 1601 4664 ad
1618 4592 1779 4662 ultimum
1794 4591 1831 4662 in
1848 4589 2029 4664 concordia

622 4719 793 4815 eligerunt
802 4741 866 4792 sex
880 4739 927 4792 ex
942 4719 1005 4812 eis,
1016 4719 1146 4792 scilicet
1158 4727 1227 4791 tres
1242 4717 1287 4791 de
1297 4717 1451 4813 qualibet
1465 4742 1473 4787 :
1489 4715 1654 4790 videlicet
1664 4735 1712 4787 ex
1727 4735 1798 4787 uua
1811 4723 1908 4810 parte
1921 4713 2030 4808 primo
