4568 6064
559 583 622 646 380
1031 590 1271 656 canonicos
1296 595 1347 654 llll
1371 592 1502 654 REBUS

352 743 519 791 stimme.
561 719 605 792 de
623 729 721 792 nocte
740 731 775 792 et
795 743 861 792 non
884 724 1037 796 valentes
1062 726 1228 798 rexistere
1247 727 1336 824 parti
1353 725 1628 798 Lanxaveiorum
1652 731 1886 811 recesserunt;
1910 715 1917 817 Ι
1938 728 1973 792 ct

559 853 653 916 stans
677 843 840 917 dominus
863 847 1014 920 marchio
1037 849 1260 923 ldontislerati
1282 852 1318 922 in
1342 848 1572 933 Alexandria,
1594 847 1743 942 populus
1764 845 1858 916 illius
1882 844 1972 914 civi·

559 968 637 1039 tatis
661 969 817 1040 lecerunt
843 969 956 1064 ipsum
983 971 1162 1045 dominum
1189 974 1422 1046 marchionem
1445 981 1480 1043 st
1506 971 1582 1062 ejus
1605 967 1768 1040 heredem
1792 967 1973 1040 dominnm

559 1101 594 1162 et
615 1110 796 1182 segnorem
824 1093 971 1166 civitatis
997 1105 1032 1166 et
1058 1096 1232 1169 districtos
1253 1093 1466 1167 Alexandrie
1484 1094 1521 1164 in
1546 1101 1768 1186 perpetuum,
1795 1099 1832 1162 et
1853 1089 1974 1184 positis

558 1211 620 1285 XV
640 1213 686 1286 de
704 1216 922 1308 magnatibus
946 1218 1052 1310 partis
1070 1219 1206 1290 illorum
1226 1217 1271 1290 de
1291 1219 1399 1290 Puteo
1422 1216 1459 1287 in
1478 1214 1690 1304 confinibus,
1709 1213 1829 1285 sedala
1844 1221 1898 1285 est
1916 1213 1973 1284 illa

559 1335 682 1408 civitas
695 1337 740 1409 ad
758 1337 922 1414 mandata
940 1339 1072 1412 domini
1087 1341 1296 1412 marchionis
1317 1349 1351 1412 et
1366 1349 1516 1434 potestas
1533 1337 1595 1432 qui
1617 1347 1692 1410 erat
1709 1337 1755 1410 de
1769 1335 1857 1407 Pisis
1877 1356 1971 1407 rece·

561 1460 610 1555 pit
634 1458 702 1556 (a),
731 1471 766 1533 et
791 1461 953 1534 dominus
977 1463 1131 1536 marchio
1156 1465 1237 1537 lecit
1264 1473 1462 1558 potestatem
1491 1462 1583 1534 illins
1612 1460 1762 1534 civitatis
1792 1457 1973 1532 dominum

558 1584 773 1656 Bonelatium
793 1585 839 1658 de
857 1587 1020 1658 Posterne
1037 1588 1148 1660 civem
1166 1587 1366 1660 Mediolani.

607 1709 657 1780 De
676 1729 793 1780 mense
818 1710 1016 1782 novembris
1040 1709 1075 1780 in
1100 1711 1185 1782 sesto
1203 1709 1311 1782 sancti
1333 1707 1494 1798 Martini,
1520 1707 1567 1780 Xl
1593 1707 1742 1778 intrante
1766 1704 1969 1795 novembri,

558 1829 803 1904 Cremonenses
815 1831 988 1904 intrinseci
1002 1833 1121 1904 habito
1135 1843 1279 1906 tractatu
1295 1855 1373 1905 cum
1384 1831 1505 1904 Rubeo
1521 1830 1566 1904 de
1578 1828 1745 1902 Fondutis
1758 1827 1805 1900 de
1820 1827 1973 1898 Sunzino

557 1953 722 2026 traditore
748 1954 858 2026 Bossii
885 1955 930 2028 de
959 1955 1107 2028 Dovuria
1137 1957 1351 2028 intraverunt
1379 1955 1416 2026 in
1445 1956 1560 2026 locum
1588 1951 1729 2024 Sunzini
1760 1952 1973 2046 expellentes

557 2077 715 2149 Bossium
733 2076 777 2149 de
794 2078 946 2150 Dovaria
965 2088 1000 2150 et
1018 2089 1148 2172 partem
1171 2079 1401 2150 extrinsecam
1425 2077 1469 2150 de
1488 2077 1655 2150 Cremona
1673 2075 1719 2147 ds
1736 2075 1830 2147 dicto
1847 2075 1923 2146 loco
1939 2083 1974 2145 et

557 2199 670 2293 ipsum
690 2200 804 2271 locum
821 2201 967 2272 totaliter
982 2200 1181 2273 habuerunt
1199 2201 1247 2274 ad
1264 2223 1385 2274 eorum
1402 2202 1626 2274 voluntatem.
1646 2200 1697 2270 De
1715 2219 1833 2269 mense
1849 2195 1973 2270 eodem

556 2333 630 2394 orte
648 2321 819 2395 discordia
834 2323 921 2394 inter
939 2322 1120 2396 dominum
1135 2323 1370 2396 marchionem
1386 2321 1609 2396 llontislerati
1624 2341 1672 2392 ex
1684 2341 1753 2390 una
1764 2329 1800 2391 et
1816 2317 1974 2389 homines

557 2445 743 2517 Mediolani
767 2467 813 2518 ex
842 2446 967 2536 altera,
998 2457 1136 2541 propter
1162 2469 1269 2541 quam
1299 2445 1508 2519 discordiam
1533 2442 1804 2514 Mediolanenses
1829 2439 1972 2511 federati

556 2580 638 2640 sunt
662 2591 741 2641 cum
763 2569 963 2642 bominibus
987 2571 1175 2658 Placentie,
1203 2569 1320 2642 Brixis
1345 2579 1380 2642 et
1401 2568 1566 2640 Cremone
1585 2575 1621 2638 et
1638 2566 1844 2656 juraverunt
1868 2563 1972 2634 simul

557 2691 603 2764 de
631 2713 750 2764 mense
772 2693 934 2784 Januarii.
962 2693 1048 2764 Cum
1080 2693 1224 2766 domino
1246 2692 1444 2764 marchione
1473 2697 1591 2762 tenent
1618 2687 1776 2760 homines
1804 2687 1909 2781 Papie
1939 2695 1974 2758 et

557 2815 714 2887 homines
728 2815 901 2906 Terdone‚
923 2815 1148 2908 Alexandrie,
1164 2817 1409 2906 vercellarum,
1431 2813 1581 2888 Novarie
1597 2823 1632 2886 et
1650 2811 1834 2884 Cumarum
1853 2817 1889 2883 et
1902 2817 1973 2882 tota

558 2959 644 3032 gens
662 2959 682 3010 a
698 2937 805 3034 Papia
823 2961 942 3034 supra.

606 3061 737 3134 Eodem
756 3073 907 3158 tempore
929 3061 1091 3135 dominns
1109 3085 1174 3136 rex
1196 3064 1342 3136 Ksrolus
1366 3073 1461 3136 stans
1483 3083 1563 3134 cum
1582 3081 1647 3132 suo
1665 3055 1875 3130 exercituin
1899 3056 1974 3128 Sci·

558 3183 637 3256 cilia
654 3185 756 3276 juxta
777 3186 953 3258 civitatem
971 3186 1104 3258 lllixine
1121 3187 1295 3281 appelavit
1311 3186 1491 3260 dominum
1514 3205 1630 3278 regem
1649 3181 1907 3275 Aragonensem
1930 3178 1974 3253 de

557 3309 792 3403 prodimento‚
808 3310 957 3384 dicendo
976 3311 1072 3405 quod
1092 3312 1182 3382 mele
1200 3313 1326 3384 lecerat
1343 3307 1438 3405 quod
1455 3311 1642 3382 intraverat
1667 3307 1703 3378 in
1722 3315 1847 3377 terram
1873 3325 1974 3375 suam

558 3433 695 3504 Scicilie
711 3433 786 3505 sine
801 3433 990 3506 diffidendo
1006 3455 1102 3522 eum,
1122 3445 1157 3506 et
1174 3434 1225 3506 sic
1239 3456 1302 3506 rex
1313 3433 1546 3528 bregonensis
1561 3429 1692 3502 luendo
1710 3450 1749 3500 se
1769 3427 1861 3500 dixit
1878 3425 1975 3520 quod

558 3565 698 3650 paratus
717 3565 791 3628 eret
816 3577 878 3652 per
901 3557 1046 3652 prelium
1073 3580 1153 3629 cum
1180 3557 1205 3630 C
1232 3557 1399 3630 militibus
1422 3557 1496 3630 sois
1522 3577 1603 3627 cum
1630 3553 1774 3626 totidem
1805 3549 1975 3622 militibus

559 3679 642 3752 dicti
661 3679 792 3752 domini
818 3679 909 3773 regis
925 3680 1059 3770 Karoli;
1075 3691 1111 3753 et
1129 3693 1263 3753 tantum
1281 3691 1464 3754 creverunt
1480 3680 1587 3753 verba
1606 3678 1664 3750 illa
1688 3677 1856 3748 intereos
1879 3674 1976 3768 quod

553 3803 708 3894 juratum
727 3815 778 3875 est
795 3825 857 3898 per
874 3805 933 3875 XL
957 3805 1083 3877 milites
1102 3827 1148 3878 ex
1179 3815 1325 3900 utraque
1355 3815 1453 3900 parte
1479 3805 1590 3875 lacere
1608 3800 1756 3898 prelium
1776 3798 1812 3868 in
1835 3799 1977 3870 civitate

558 3924 716 3998 Bordelle
734 3947 839 4021 super
856 3926 1049 4000 Girondum
1071 3929 1106 3998 in
1125 3927 1273 4022 singlis:
1294 3930 1329 3999 in
1355 3929 1450 4000 bunc
1468 3925 1612 3999 modum
1636 3923 1767 3997 scilicet
1789 3920 1885 4015 qnod
1903 3921 1976 3993 do-

559 4048 675 4120 minus
690 4070 753 4121 rex
767 4051 914 4123 Karolus
932 4051 1155 4146 personaliter
1179 4073 1259 4124 cum
1277 4052 1302 4124 C
1321 4073 1368 4125 ex
1388 4051 1462 4124 suis
1484 4049 1652 4122 militibus
1669 4057 1704 4120 et
1729 4045 1891 4120 dominus
1910 4066 1976 4116 rex

558 4172 790 4261 Aragonensis
813 4175 1035 4268 personaliter
1052 4197 1131 4247 cum
1150 4177 1292 4250 totidem
1309 4176 1439 4250 debent
1461 4195 1537 4248 esse
1556 4175 1592 4244 in
1611 4173 1704 4246 dicta
1725 4171 1865 4242 civitate
1884 4169 1978 4240 Bor-

560 4293 651 4367 delle
674 4295 710 4366 in
734 4296 891 4369 kalendis
911 4300 1001 4390 Junii
1024 4301 1175 4395 proximi
1198 4300 1366 4371 venturis.
1394 4299 1461 4384 Qui
1489 4297 1652 4372 dominus
1675 4318 1740 4368 rex
1757 4293 1905 4367 Karolus
1931 4289 1977 4363 de

559 4439 679 4491 mense
697 4419 816 4491 marcii
840 4441 902 4515 per
924 4445 1019 4495 mere
1042 4423 1104 4495 ivit
1122 4423 1158 4494 in
1182 4423 1418 4515 Provinciam,
1437 4433 1472 4497 et
1488 4421 1617 4497 debent
1642 4419 1731 4493 siout
1760 4419 1868 4490 fertur
1897 4433 1975 4511 per·

600 4683 642 4766 (a)
664 4687 1006 4756 llerlslmlllterrecmil.
