4594 6066
776 669 818 730 llll
842 666 983 728 lllltllt
1009 665 1163 728 castis.
1615 675 1674 738 221

253 815 333 887 chio
350 811 397 886 de
415 811 537 884 Careto
555 806 749 904 percipiens
767 803 931 878 victualia
950 801 1017 874 sibi
1034 799 1203 886 delicere,
1220 803 1354 899 pepigit
1374 825 1454 877 cum
1475 806 1678 883 Pontremu-

253 936 410 1010 lensibns
425 945 460 1006 et
472 930 695 1017 Placentinis,
710 938 744 1002 et
753 927 876 1000 exiens
888 925 935 1000 de
948 924 1041 999 dicta
1054 925 1246 1000 munitione
1256 949 1336 1000 cum
1345 928 1469 1002 CXXX
1479 930 1677 1008 hominibus

254 1059 420 1154 equitavit
446 1055 545 1152 apud
571 1054 683 1126 llilam
708 1052 894 1140 Franoam,
922 1049 1101 1122 castellum
1132 1050 1280 1125 Conradi
1312 1053 1513 1148 Malaspine.
1544 1058 1677 1132 Interea

253 1180 469 1255 Mutinenses
484 1179 618 1271 absque
635 1197 717 1268 rege
731 1175 839 1246 Encio
857 1183 892 1246 et
908 1171 1155 1247 Cremonenses
1168 1175 1231 1269 qui
1250 1177 1340 1271 capti
1353 1187 1451 1248 erant
1464 1199 1583 1251 eorum
1601 1203 1678 1253 ser-

254 1301 347 1376 vicio
359 1323 441 1372 cum
459 1298 737 1372 Bononiensibus
754 1296 846 1391 pacti
863 1297 1015 1368 luerunt.

303 1424 352 1498 M.
376 1421 468 1513 CCL,
483 1422 674 1496 indictione
698 1421 795 1513 lllll,
821 1419 867 1494 de
890 1439 1008 1492 mense
1033 1421 1167 1515 aprilis,
1188 1421 1336 1496 Ubartus
1357 1423 1511 1496 marchio
1533 1427 1678 1499 Palavi-

253 1549 354 1620 cinus
376 1555 530 1642 potestas
545 1546 711 1620 Cremona
729 1543 926 1639 percipiens
943 1551 1077 1639 partem
1097 1544 1144 1617 de
1164 1544 1345 1641 Capelletis
1367 1569 1470 1641 posse
1492 1571 1675 1645 superare,

254 1671 385 1745 direxit
399 1691 446 1744 cx
462 1669 653 1761 majoribus
667 1667 762 1741 illius
780 1667 887 1762 partis
899 1685 1014 1762 usque
1031 1667 1068 1740 in
1081 1669 1307 1762 quantitatem
1326 1671 1424 1742 XXX
1442 1673 1489 1744 ad
1503 1674 1677 1748 civitatem

253 1794 391 1888 Laude,
412 1795 503 1866 lacta
520 1792 618 1888 prius
629 1791 666 1862 in
683 1791 887 1864 Cremonam
904 1791 1071 1864 societate
1085 1792 1236 1866 duorum
1253 1794 1388 1866 milium
1406 1795 1451 1868 de
1462 1797 1674 1892 Barbarasis‚

251 1928 287 1992 et
301 1926 421 2013 postca
436 1915 663 1989 incontinenti
678 1915 899 2010 congregatis
912 1915 1081 1988 militibus
1099 1925 1134 1988 et
1146 1917 1325 2012 peditibus
1344 1917 1510 1991 Cremone
1529 1929 1563 1992 ct
1581 1921 1678 1992 mili-

253 2043 348 2114 tibus
361 2039 568 2115 extrinsecis
578 2041 700 2112 Parme
712 2049 747 2112 et
759 2039 854 2130 aliis,
873 2037 1044 2133 equitavit
1052 2037 1239 2112 Pladanam
1256 2039 1292 2110 in
1305 2062 1375 2133 qua
1386 2040 1581 2116 Amadinus
1594 2069 1675 2118 cum

251 2165 424 2238 militibus
442 2162 609 2236 Cremone
622 2162 774 2236 bannitis
788 2171 823 2238 st
843 2161 999 2235 berneris
1014 2159 1064 2258 (a)
1081 2161 1268 2236 Mediolani
1291 2171 1325 2234 et
1344 2165 1463 2237 Brixis
1483 2175 1518 2238 st
1535 2169 1678 2246 Mantus

250 2288 443 2380 residebat,
463 2295 498 2360 et
513 2287 595 2360 data
610 2284 814 2360 ossiditione
825 2285 942 2358 statim
959 2305 1029 2356 non
1050 2285 1204 2357 valentes
1219 2285 1395 2357 communi
1409 2286 1583 2381 resistere,
1605 2293 1677 2364 affi-

251 2410 343 2484 datis
368 2409 575 2499 forestariis,
599 2429 638 2481 se
660 2408 726 2504 ipsi
745 2407 936 2482 marchioni
964 2416 1000 2481 et
1025 2408 1200 2481 communi
1232 2409 1398 2483 Cremone
1423 2411 1674 2506 reddiderunt;

250 2557 356 2630 quem
374 2533 586 2606 dmadinum
601 2541 636 2604 et
650 2531 737 2605 alios
755 2532 883 2604 milites
901 2531 1068 2605 Cremone
1081 2530 1185 2605 duxit
1196 2531 1417 2621 Cremonam,
1436 2533 1565 2609 deinde
1580 2539 1676 2633 apud

250 2657 408 2732 laudam
425 2657 460 2728 in
482 2654 679 2728 carceribus
695 2653 896 2728 destinavit.
917 2653 963 2726 Et
976 2663 1059 2726 tnnc
1073 2653 1228 2727 marchio
1244 2655 1372 2728 Lancia
1383 2665 1535 2752 potestas
1547 2660 1676 2735 Laudis

249 2790 286 2854 et
298 2780 464 2856 dominus
487 2787 522 2852 et
538 2777 690 2851 vicarius
713 2799 777 2872 pro
795 2778 1039 2872 imperatores
1059 2777 1207 2850 Lumbro
1227 2779 1409 2874 superius,
1437 2779 1531 2875 ipsos
1553 2781 1677 2879 Capel-

249 2906 337 2978 letos
359 2901 408 2977 ad
426 2899 758 2975 Casalesannaxium
775 2898 981 2990 destinavit,
1005 2921 1095 2994 quos
1112 2901 1169 2974 vel
1188 2922 1305 2976 amore
1323 2903 1381 2975 vel
1397 2904 1547 2998 pecnnia
1571 2906 1676 2980 inter·

247 3027 411 3102 veniente
423 3025 521 3098 abire
538 3022 712 3120 permissit
729 3050 739 3097 a
758 3023 941 3096 nonenim
963 3025 1054 3098 bene
1073 3045 1113 3098 se
1126 3023 1278 3098 babebat
1295 3047 1375 3098 cum
1394 3027 1522 3100 Uberto
1537 3029 1673 3103 Palavi-

249 3151 328 3224 cino
344 3149 391 3224 ob
408 3147 597 3222 invidiam.
617 3147 657 3218 ln
669 3145 830 3242 proximo
851 3169 970 3222 mense
984 3147 1111 3240 madii,
1126 3147 1400 3222 Mediolanenses
1415 3172 1480 3246 pro
1497 3155 1675 3224 communi

249 3295 330 3347 cnm
343 3271 510 3346 Cumanis
534 3277 700 3366 ceperunt
716 3269 869 3364 burgum
884 3268 928 3344 de
941 3269 1080 3343 Lencbo
1096 3269 1281 3366 ipsumque
1303 3271 1458 3344 fonditus
1481 3273 1674 3347 destruxe-

248 3405 354 3486 runt3
379 3393 545 3468 Looaschi
570 3413 656 3466 vero
672 3414 736 3490 pm
760 3395 890 3485 majore
911 3401 1009 3488 parte
1030 3393 1124 3465 intus
1147 3391 1331 3468 llochetam
1350 3394 1396 3467 de
1419 3395 1557 3468 Iericho
1582 3407 1617 3470 st
1634 3397 1671 3468 in

247 3521 511 3612 Pergomascam
527 3517 716 3612 lugierunt.
731 3516 770 3588 ln
785 3515 945 3611 proximo
958 3536 1078 3588 meuse
1089 3517 1181 3608 junii
1201 3515 1478 3591 Mediolanenses
1492 3519 1671 3613 equitave-

246 3651 331 3716 runt
353 3662 435 3714 cum
460 3638 618 3712 exercitu
647 3637 684 3710 in
708 3636 932 3710 Lodexanam
956 3658 1036 3708 cum
1066 3657 1191 3730 magna
1216 3637 1407 3731 quantitate
1435 3637 1537 3712 blave
1563 3661 1669 3717 caasa

248 3765 430 3838 deierandi
444 3763 492 3837 ad
511 3763 687 3836 civitatem
701 3763 824 3836 Parme
837 3761 900 3834 nbi
916 3768 990 3834 erat
1003 3760 1156 3833 maxima
1171 3761 1338 3855 pecunia,
1353 3771 1388 3835 et
1403 3763 1515 3858 ipsam
1528 3765 1668 3841 blavam

247 3911 330 3962 cnm
353 3909 479 3982 magna
499 3885 702 3960 difficultate
726 3886 764 3957 in
779 3886 890 3981 ripam
910 3883 996 3958 Padi
1014 3905 1076 3980 per
1093 3884 1330 3980 episcopatum
1349 3885 1468 3959 Laude
1487 3889 1667 3964 conduxe-

245 4021 350 4102 runt,
373 4020 409 4084 et
432 4009 725 4104 consignaverunt
747 4007 954 4081 Placentinis
972 4007 1035 4102 qui
1058 4005 1107 4079 ibi
1129 4015 1244 4098 erant,
1262 4017 1297 4080 et
1320 4017 1451 4082 stantes
1475 4009 1512 4082 in
1532 4013 1667 4108 episco-

247 4147 331 4232 patu
350 4137 470 4212 Laude
487 4133 841 4230 oeperuntGimidnm
856 4135 1100 4228 etBarganum
1115 4142 1149 4206 et
1163 4133 1232 4206 alia
1243 4133 1320 4206 loca
1338 4134 1614 4229 circumstancia,
1632 4149 1668 4212 et

244 4263 436 4336 Placentini
455 4260 631 4335 debebant
655 4279 732 4332 osse
754 4267 788 4331 et
812 4280 881 4334 non
904 4259 1063 4350 luerunt;
1088 4257 1134 4332 de
1158 4279 1229 4354 quo
1250 4257 1367 4332 adbuc
1394 4259 1670 4336 Mediolanenses

246 4385 416 4460 haberent
429 4384 477 4481 (l)
490 4383 573 4458 odio
584 4381 812 4470 Placentinos,
826 4382 908 4477 quia
922 4403 1072 4477 magnus
1085 4383 1178 4455 calor
1188 4390 1279 4474 arat;
1293 4382 1340 4456 ita
1353 4382 1450 4478 quod
1463 4383 1500 4454 in
1509 4403 1669 4477 regressu

245 4509 402 4606 ipsorum
418 4515 503 4579 tunc
511 4515 651 4602 propter
661 4507 843 4602 pulverem
862 4515 897 4578 et
913 4505 1016 4580 etiam
1023 4513 1161 4602 propter
1176 4507 1324 4580 calorem
1341 4507 1420 4602 plns
1430 4505 1483 4580 CC
1492 4507 1670 4604 peditibus

290 4683 333 4763 (a)
354 4684 458 4746 Italics
471 4679 639 4745 omnem.

291 4787 333 4868 (b)
354 4788 419 4864 Sic,
435 4787 560 4850 iorsltan
575 4783 691 4850 tatae
