4554 6080
781 694 822 754 ΙΝ
847 693 990 754 lTALlA
1015 693 1166 755 GESTlS.
1625 695 1682 758 261

264 852 380 904 nonus
399 839 434 903 et
450 831 506 902 sui
528 851 566 901 se
592 838 839 902 convenerant.
861 829 928 914 Qui
954 829 1067 901 statim
1096 828 1253 902 conversi
1280 811 1319 900 in
1340 829 1460 922 lugam
1487 850 1606 902 omnes
1631 833 1684 903 lu·

264 954 402 1048 gierunt
424 962 460 1026 et
481 953 769 1044 absentaverunt,
787 952 906 1047 plures
923 952 1095 1025 vulnerati
1121 959 1155 1026 ct
1180 952 1296 1048 plures
1318 951 1444 1024 mortui
1467 963 1548 1024 sunt
1571 953 1620 1024 ibi
1638 976 1684 1026 ex

263 1085 360 1174 parte
378 1076 465 1149 dicti
489 1077 704 1170 Bergognoni
729 1085 945 1166 eternorum,
971 1084 1006 1148 et
1025 1085 1096 1148 tota
1119 1085 1220 1148 nocte
1244 1075 1302 1148 illa
1326 1084 1492 1148 steterunt
1517 1075 1553 1146 in
1572 1077 1684 1171 platea

262 1201 391 1274 milites
409 1209 445 1272 et
463 1199 598 1295 pedites
617 1200 753 1271 armati.
773 1199 836 1271 Die
854 1207 927 1271 orta
947 1197 1111 1272 dominus
1130 1199 1283 1272 marchio
1302 1221 1381 1270 cum
1408 1198 1574 1270 militibus
1598 1202 1683 1274 Cre-

262 1347 366 1398 mone
389 1325 486 1398 venit
510 1333 545 1395 et
563 1324 704 1397 intravit
726 1323 956 1416 Placentiam,
982 1331 1017 1395 et
1034 1322 1196 1396 Albertns
1220 1326 1306 1396 Bula
1326 1319 1425 1420 [cnm
1452 1321 1543 1423 suis]
1565 1327 1682 1420 lugie-

260 1457 344 1521 runt
361 1449 502 1544 Papiam
519 1449 581 1520 nbi
595 1449 685 1542 capti
710 1455 826 1519 sunta
841 1447 1090 1542 papiensibus,
1113 1470 1201 1540 quos
1220 1447 1391 1521 dederunt
1413 1448 1603 1520 marchioni
1618 1451 1680 1522 ali-

261 1572 353 1646 datis
365 1571 520 1668 personis
531 1594 554 1644 a
566 1581 687 1644 morte.
704 1570 803 1644 Multi
818 1569 864 1644 de
877 1570 1017 1645 civitate
1030 1571 1202 1644 Placentia
1220 1571 1483 1665 lugieruntipsa
1497 1571 1677 1663 decanea,

260 1695 326 1769 sed
346 1705 524 1790 magnates
545 1693 592 1768 de
614 1693 786 1768 Placentia
807 1714 877 1765 non
900 1693 1129 1788 permiserunt
1150 1703 1350 1789 potestatem
1372 1695 1542 1766 Placentia
1564 1695 1679 1789 inqui-

259 1842 337 1894 rere
355 1820 401 1894 de
418 1819 590 1916 predicta,
614 1817 795 1891 dicentes:
818 1817 1019 1910 «Domine,
1038 1818 1142 1911 legali
1167 1819 1308 1892 venient
1335 1829 1369 1891 ct
1396 1817 1586 1903 sedabant,
1606 1851 1623 1887 a
1645 1833 1679 1895 et

259 1945 366 2036 hujus
384 1941 480 2016 modi
494 1942 616 2032 verba,
634 1941 691 2014 vel
706 1941 790 2036 qnia
803 1939 970 2012 timebant
984 1939 1029 2013 de
1044 1943 1245 2037 parentibus
1263 1944 1336 2014 suis
1349 1943 1411 2037 qui
1431 1943 1466 2014 in
1485 1943 1577 2016 dicta
1596 1967 1678 2040 pro·

259 2067 399 2139 dicione
422 2076 520 2140 erant
546 2069 602 2140 vel
629 2067 773 2140 forsitan
796 2085 844 2139 ex
869 2064 1026 2160 ipsismet
1047 2065 1155 2160 aliqui
1178 2075 1276 2138 erant
1302 2067 1502 2161 culpabiles.
1527 2071 1677 2142 Verum-

257 2199 375 2262 tamen
389 2189 582 2278 Armanus,
600 2189 805 2275 Gnillelmus
820 2196 856 2262 et
873 2186 1053 2260 Arduinus
1067 2187 1111 2260 de
1123 2187 1217 2261 Bnfis
1231 2191 1323 2285 capti
1335 2191 1485 2262 fuerunt.
1503 2191 1676 2266 Armanus

256 2313 390 2386 fortiter
407 2321 633 2385 tormentatus
659 2313 705 2384 ita
723 2311 820 2406 qnod
835 2311 934 2402 obiit,
951 2311 1010 2383 alii
1027 2311 1063 2382 in
1081 2333 1217 2386 carcere
1235 2323 1317 2385 sunt
1337 2314 1460 2385 reclusi
1481 2315 1518 2385 in
1536 2317 1675 2390 civitate

256 2437 441 2528 Cremone;
461 2436 636 2509 lohannes
661 2437 747 2508 Bula
770 2434 884 2527 jndex
903 2436 1007 2507 irater
1030 2457 1149 2508 eorum
1170 2437 1303 2532 positus
1321 2437 1386 2507 fuit
1408 2437 1443 2508 in
1466 2437 1671 2513 confinibus.

254 2560 388 2632 Interea
411 2559 508 2632 Balbi
531 2558 789 2632 adscenderunt
810 2559 846 2629 in
867 2557 1001 2630 Petram
1019 2559 1181 2630 Dneriam
1200 2559 1403 2632 rebellantes
1421 2560 1573 2648 civitati,
1592 2584 1673 2656 pre·

254 2681 373 2755 dando
395 2691 431 2754 et
452 2681 654 2756 derobando
683 2681 842 2755 homines
863 2691 898 2754 ct
923 2680 1011 2753 viles
1029 2681 1165 2753 illarum
1187 2691 1430 2756 contratarum.
1452 2683 1521 2756 Sed
1538 2685 1672 2759 Monte-

253 2806 374 2877 narius
396 2805 457 2900 qni
485 2825 524 2878 se
548 2803 701 2898 lingebat
723 2803 864 2878 essedo
888 2813 985 2900 parte
1010 2805 1147 2876 comitis
1170 2813 1205 2876 et
1231 2805 1293 2899 qui
1316 2827 1481 2900 magnum
1507 2807 1672 2883 honorem

253 2929 423 3002 babuerat
440 2951 503 3024 pro
516 2931 590 3025 ipsa
609 2938 724 3025 parte,
745 2951 824 3001 cum
843 2928 995 3024 Opizone
1013 2929 1120 3001 Balbo
1138 2928 1261 3002 eratin
1278 2929 1438 3003 custodia
1454 2931 1561 3026 Cogni
1576 2934 1672 3030 quod

252 3053 430 3126 intrinseci
452 3052 498 3126 de
514 3052 689 3126 Placentia
711 3053 909 3126 munierant
934 3063 973 3124 ut
1000 3053 1177 3124 obstarent
1194 3053 1262 3124 illis
1284 3051 1329 3126 de
1354 3055 1668 3134 Petranscremona.

321 3173 329 3270 Ι
350 3174 482 3248 Eodem
498 3184 652 3270 tempore
666 3175 942 3250 Mediolanenses
959 3196 1039 3246 cum
1057 3197 1184 3268 magno
1202 3177 1356 3248 exercitu
1373 3177 1666 3276 Pergamensium,
1704 3193 1751 3242 1²⁰1·
1763 3195 1867 3239 Μὶν·

250 3298 375 3371 militia
396 3297 646 3390 Brixiensium,
669 3296 804 3391 Laude,
822 3297 1073 3388 Vercellarnm,
1094 3297 1242 3370 Novaria
1258 3305 1293 3370 et
1313 3298 1390 3370 aliis
1409 3319 1528 3372 eorum
1547 3305 1669 3380 amicis

250 3429 422 3494 venerunt
438 3421 475 3492 in
491 3422 728 3516 episcopatum
742 3421 908 3493 Cremona
925 3419 971 3492 ad
984 3429 1133 3494 castrum
1149 3421 1195 3494 de
1212 3421 1306 3494 Covo
1322 3431 1356 3494 et
1370 3421 1451 3496 data
1468 3425 1668 3505 ossiditione

249 3543 298 3614 illi
313 3553 498 3640 castroper
513 3545 627 3638 gimm
641 3565 721 3616 cum
734 3543 911 3616 trabncbis
924 3553 959 3616 et
974 3544 1193 3616 cavatoribus
1205 3555 1376 3618 venerunt
1388 3545 1435 3618 ad
1450 3549 1662 3626 Suncinum:

248 3666 447 3740 babuerunt
463 3665 550 3739 illud
570 3686 633 3762 per
647 3673 838 3759 cavatores,
850 3660 1000 3739 affidatis
1016 3667 1189 3761 personis,
1201 3667 1297 3760 quod
1314 3669 1453 3764 penitus
1468 3669 1661 3748 diruerunt.

223 3873 225 3880 1
248 3789 497 3864 Cremonenses
514 3811 598 3864 vero
616 3811 696 3862 cum
714 3789 843 3863 milicia
864 3790 970 3885 Papie
986 3799 1021 3862 ct
1037 3790 1163 3864 milicia
1184 3801 1219 3862 et
1234 3793 1361 3886 populo
1378 3794 1549 3870 Placentia
1568 3813 1665 3874 erant

244 3913 345 4011 apud
364 3913 578 4003 Suncinum3
599 3922 799 3987 tamennon
819 3913 958 3985 fuerunt
974 3913 1051 3987 ansi
1068 3913 1342 3988 Mediolanenses
1363 3925 1535 3991 eteorum
1555 3943 1664 3996 exer-

245 4038 356 4111 citum
372 4039 533 4128 obviare,
553 4045 588 4110 et
610 4037 740 4110 reversi
758 4043 840 4107 sunt
863 4036 1036 4108 exercitus
1062 4036 1109 4110 ad
1134 4039 1286 4134 propria.
1306 4039 1343 4110 ln
1363 4043 1522 4136 proximo
1546 4067 1664 4122 mense

240 4162 322 4254 julii
348 4161 497 4256 predicti
528 4161 632 4254 legati
659 4169 829 4234 venerunt
853 4159 889 4230 in
911 4160 1153 4234 lombardiam
1177 4173 1212 4234 et
1238 4162 1349 4256 primo
1371 4167 1498 4259 recepti
1521 4169 1663 4243 luerunt

242 4307 326 4359 cum
343 4307 472 4381 magno
489 4285 620 4359 honore
637 4285 674 4355 in
691 4282 857 4358 &emona
874 4304 894 4354 a
911 4283 1053 4356 domino
1076 4285 1272 4358 marchione
1296 4295 1330 4357 et
1351 4286 1657 4388 Cremonensibus,

242 4419 280 4482 et
294 4409 400 4482 nichil
419 4409 468 4482 ibi
489 4409 655 4482 iacientes
674 4407 907 4501 delegatione
924 4429 988 4478 sua
1005 4417 1175 4480 venerunt
1194 4409 1230 4479 in
1248 4407 1455 4482 Placentiam
1472 4411 1533 4484 ubi
1556 4415 1659 4488 simili

242 4533 349 4607 modo
367 4541 404 4606 et
420 4531 609 4606 honorilice
625 4531 753 4627 recepti
774 4531 932 4621 luerunt3
949 4539 984 4602 et
1002 4529 1166 4615 dominus
1181 4533 1334 4606 marchio
1345 4533 1528 4607 venitcum
1543 4540 1606 4630 eis,
1626 4551 1661 4612 et

241 4657 384 4728 iverunt
402 4655 535 4728 domini
560 4655 665 4750 legati
680 4653 726 4727 ad
743 4651 991 4749 hospitandum
1009 4655 1045 4725 in
1062 4655 1189 4750 palatio
1208 4653 1339 4729 domini
1360 4659 1529 4754 episcopi,
1547 4672 1581 4733 et
1600 4663 1658 4736 dic

240 4789 371 4852 statuto
402 4781 492 4852 lacta
521 4801 648 4876 magna
679 4778 843 4852 concione
868 4778 904 4850 in
933 4777 1044 4872 platea
1071 4779 1210 4872 majoris
1236 4779 1379 4852 ecclesie
1406 4779 1539 4853 sivein
1562 4789 1657 4858 curia
