4568 6064
821 676 862 734 lM
887 673 1028 735 thlhlh
1053 673 1204 733 oesrts.
1667 670 1729 732 389

298 811 477 909 principes
498 821 533 884 et
552 819 726 907 potentes,
753 811 964 884 venerabilis
990 819 1086 905 pater
1108 808 1272 882 dominus
1292 813 1408 880 noster
1424 807 1509 879 Octo
1528 806 1729 880 vicecomes

301 936 488 1010 Mediolani
508 936 788 1030 archiepiscopus
805 937 868 1029 qui
885 957 949 1008 vos
965 933 1156 1006 admodum
1176 930 1364 1024 diligebat,
1382 929 1530 1025 sumptis
1545 929 1730 1024 diligenter

305 1062 548 1134 ecclesiasticis
584 1059 825 1148 sacramentis,
857 1067 944 1154 aput
974 1057 1220 1129 monasterium
1254 1054 1533 1128 Caravalensium
1568 1053 1730 1148 spiritum

303 1185 455 1258 reddidit
472 1186 545 1256 Deo
563 1184 668 1256 Patri.
697 1185 766 1255 Nos
790 1193 905 1254 autem
930 1204 1019 1277 quos
1040 1181 1141 1254 vobis
1164 1179 1258 1252 idem
1282 1188 1425 1251 sanctus
1446 1177 1604 1273 pontifex
1622 1179 1730 1252 relin·
1859 1247 1862 1265 ,

303 1311 380 1404 quit
394 1310 547 1403 uniquus
564 1309 668 1380 solita
680 1306 809 1380 fiducia
824 1307 1021 1400 requiratiS,
1038 1305 1099 1398 qui
1119 1326 1182 1376 vos
1199 1303 1387 1398 plurimum
1401 1303 1623 1375 obsecramur
1636 1313 1674 1374 ut
1691 1303 1727 1374 in

302 1445 419 1506 vestra
437 1435 529 1506 lelici
543 1441 578 1504 et
593 1436 723 1504 lamosa
742 1431 940 1504 constancia
956 1430 1145 1524 persistatis
1160 1429 1249 1501 sicut
1261 1435 1406 1500 actenus
1417 1426 1625 1521 perstitistis.
1640 1426 1728 1498 Nam

300 1579 366 1630 nos
381 1567 415 1630 et
433 1557 555 1628 civitas
576 1556 782 1646 Mediolani,
804 1557 884 1627 licet
910 1555 944 1625 in
973 1553 1195 1627 sublaccione
1213 1552 1299 1625 tanti
1326 1552 1435 1646 patris
1456 1571 1625 1644 cogamur
1648 1550 1728 1624 tris·

300 1682 380 1772 tari,
397 1703 519 1753 sumus
536 1701 599 1774 per
613 1682 675 1752 Dei
695 1680 841 1773 gratiam
860 1679 896 1750 in
918 1700 1044 1772 magua
1063 1677 1260 1750 constancia
1279 1686 1315 1748 et
1334 1675 1499 1771 potentia.
1518 1699 1536 1744 o

352 1804 478 1876 MCC.
496 1803 693 1893 LXXXXV,
721 1803 908 1876 indictione
937 1813 1076 1890 octava,
1105 1799 1151 1873 de
1178 1821 1297 1872 mense
1323 1799 1541 1894 septembris,
1565 1799 1730 1874 dominus

301 1928 449 2000 llutinus
467 1927 514 2000 de
530 1929 690 2020 Sexeguo
713 1925 759 1999 de
774 1927 900 2000 Tuscia
925 1946 1035 2021 prope
1060 1925 1235 1998 civitatem
1253 1925 1346 1997 Luce
1366 1924 1497 1997 electus
1522 1925 1586 1996 tuit
1605 1925 1642 1996 in
1669 1947 1728 1996 ar·

301 2051 563 2147 chlepisoopum
582 2051 768 2122 Mediolani
783 2073 846 2145 per
860 2051 1037 2123 domiuum
1054 2058 1229 2144 papamet
1246 2049 1322 2139 ejus
1340 2047 1549 2119 cardinales.

351 2177 396 2248 Μ.
410 2175 473 2248 CC.
487 2175 687 2247 LXXXXVl
698 2229 708 2264 ,
734 2175 792 2248 die
807 2176 900 2268 j0vis
919 2175 1057 2246 XXVlll
1078 2175 1207 2244 mensis
1225 2173 1357 2263 martii,
1379 2171 1545 2244 dominus
1567 2173 1729 2246 Rudinus

301 2297 347 2370 de
366 2298 506 2392 Sexigio
531 2299 577 2372 de
602 2300 726 2371 Tuscia
751 2319 858 2392 prope
887 2299 1017 2370 Lucam
1045 2297 1106 2390 qui
1130 2307 1205 2368 erat
1227 2295 1512 2390 archiepiscopus
1539 2295 1725 2368 Mediolani

300 2421 387 2494 obiit
403 2423 440 2493 in
463 2423 560 2493 curia
576 2423 734 2496 Romana
753 2432 788 2493 et
805 2443 877 2494 non
895 2423 992 2494 venit
1009 2421 1055 2496 ad
1073 2419 1432 2515 archiepiscopatum,
1450 2429 1486 2492 et
1501 2421 1566 2491 luit
1588 2421 1724 2494 archie-

299 2545 466 2639 piscopus
483 2567 546 2639 per
564 2567 703 2617 menses
718 2566 784 2618 sex
802 2555 837 2617 et
854 2546 930 2618 dies
948 2545 1023 2616 XV.

350 2670 396 2740 M.
412 2669 475 2742 CC.
489 2669 712 2760 Lxxxxvt,
734 2669 897 2742 domiuus
923 2669 1126 2742 Francisous
1152 2669 1264 2757 Segus
1287 2665 1333 2737 de
1355 2666 1479 2738 Parma
1504 2667 1634 2740 electus
1660 2669 1727 2740 snit

301 2795 584 2890 archiepiscopus
596 2794 785 2867 Mediolani
806 2817 869 2889 per
884 2794 1063 2866 dominum
1081 2814 1207 2886 papam
1225 2792 1464 2864 Bonelacium.

348 2918 397 2988 Μ.
413 2917 503 2990 CCC.
516 2919 624 3006 Vllll,
653 2918 816 2990 domiuus
839 2918 964 2990 Caston
986 2917 1031 2989 de
1050 2918 1166 2988 Lusca
1193 2917 1325 2988 electus
1352 2915 1418 2988 luit
1439 2914 1725 3010 archiepiscopus

298 3041 487 3116 Mediolani
507 3064 569 3137 per
586 3041 798 3115 ordinarium
820 3041 966 3114 ecclesie
982 3039 1180 3112 Mediolani.
1694 3121 1698 3126 ‚

347 3167 394 3237 M.
409 3164 497 3237 CCC.
507 3165 621 3257 XVll,
652 3166 818 3238 dominus
847 3166 952 3237 trater
977 3163 1148 3236 Aicardus
1177 3162 1222 3234 de
1243 3161 1404 3234 Camozia
1430 3163 1653 3235 Novariensis
1679 3162 1724 3235 de

296 3291 422 3362 ordine
444 3289 618 3361 minorum
638 3289 769 3362 electus
792 3288 858 3359 luit
880 3289 917 3358 in
935 3286 1232 3382 archiepiscopum
1259 3285 1446 3359 Mediolani
1460 3308 1524 3381 per
1542 3286 1722 3360 dominum

298 3434 440 3510 papam.

366 3659 373 3744 1
394 3656 440 3728 Μ.
454 3657 516 3728 CC.
529 3654 697 3744 Lxxxx,
718 3655 764 3728 de
781 3676 901 3727 mense
918 3654 1132 3744 decembris,
1155 3655 1321 3727 dominus
1340 3654 1472 3728 Mutius
1490 3654 1537 3728 de
1550 3655 1722 3732 Modoetia
1750 3677 1917 3725 rot-erecte.

295 3780 363 3852 luit
381 3782 524 3852 ellectus
540 3789 693 3874 potestas
711 3779 921 3851 Alexandrie
938 3780 1049 3874 prima
1064 3779 1143 3851 vice
1157 3791 1192 3851 et
1205 3779 1382 3850 refutavit.

346 3905 386 3974 In
402 3905 462 3974 illo
489 3913 644 3998 tempore
659 3903 826 3975 dominus
842 3903 1059 3976 Guillielmus
1078 3903 1233 3975 marchio
1249 3903 1482 3976 lllontislerati
1500 3913 1574 3977 erat
1590 3905 1626 3978 in
1643 3929 1719 3980 car-

296 4048 377 4099 cere
394 4027 430 4098 in
448 4026 661 4100 Alexandria
679 4036 713 4098 et
732 4027 830 4099 obiit.

344 4151 390 4223 Μ.
408 4151 469 4222 CC.
487 4151 661 4238 LXXXX,
683 4149 729 4223 de
755 4172 876 4223 mense
901 4149 1114 4240 decembris,
1134 4149 1297 4222 dominus
1323 4149 1456 4221 Mutius
1479 4150 1525 4223 de
1543 4149 1720 4225 Modoetia

295 4273 361 4344 luit
377 4276 509 4347 electus·
522 4277 726 4369 capitaneus
744 4275 864 4370 populi
878 4275 923 4348 de
945 4275 1094 4348 Novaria
1117 4283 1152 4346 et
1169 4296 1284 4345 ancum
1304 4273 1438 4346 dictum
1470 4275 1719 4370 capitaniatum

294 4420 358 4492 per
375 4421 440 4471 sex
456 4420 606 4472 menses.

344 4525 391 4595 Μ.
406 4523 468 4594 CC.
482 4523 736 4614 Lxxxxtttr‘,
758 4523 804 4596 de
825 4545 946 4597 meuse
969 4523 1138 4616 octubris,
1160 4522 1324 4594 dominus
1339 4523 1468 4596 blutius
1484 4522 1530 4594 de
1543 4522 1717 4596 Modoetia

295 4646 360 4716 luit
378 4649 508 4718 electus
525 4647 720 4741 capitanius
738 4649 857 4742 populi
882 4649 927 4720 de
948 4647 1124 4720 Planentia
1145 4670 1207 4742 per
1224 4649 1269 4720 Vl
1289 4668 1427 4720 menses
1448 4646 1560 4742 prima
1583 4647 1660 4720 vice
1683 4656 1719 4718 et

293 4792 412 4842 nucum
432 4771 564 4844 dictum
587 4772 853 4866 capitaniatum.
