4534 6074
600 663 642 725 62
1023 664 1259 728 CllllOMlCOM
1283 665 1585 730 PLACEN'llMlJM.

600 799 724 872 vineas
746 819 835 893 quas
854 797 891 870 in
909 797 977 870 illis
993 801 1150 895 partibus
1165 803 1373 878 invenerunt
1390 825 1452 900 per
1469 803 1588 878 villam
1609 801 1822 875 Lnxerascbi
1841 823 1954 898 usqne
1970 801 2017 877 ad

601 925 765 996 Sanctum
780 923 1003 996 Laurentium
1028 924 1283 999 dextruxerunt
1302 937 1337 1001 et
1356 927 1575 1016 inciderunt,
1592 934 1627 998 et
1644 947 1686 999 ea
1704 925 1763 999 die
1781 926 1818 999 in
1838 927 2017 1000 Salmuriis

601 1047 763 1142 hospitati
778 1048 886 1119 luere.
897 1045 973 1120 Alia
990 1047 1048 1120 die
1064 1051 1264 1144 pervellem
1279 1051 1440 1146 Longene
1455 1051 1649 1148 equitantes
1667 1059 1702 1124 et
1718 1072 1780 1146 per
1797 1052 1923 1124 vallem
1937 1051 2018 1125 Sus·

602 1171 723 1244 tironis
736 1172 889 1264 Burgum
905 1171 1103 1265 redeuntes,
1116 1173 1256 1248 arbores
1269 1185 1304 1250 et
1314 1176 1436 1250 vineas
1446 1185 1481 1248 et
1489 1184 1622 1271 segetes
1631 1183 1666 1248 et
1677 1197 1718 1249 ea
1731 1197 1801 1270 que
1813 1176 2018 1249 invenerunt

604 1294 851 1368 destruxerunt
868 1305 902 1368 et
917 1297 1175 1370 combusernnt.
1187 1299 1237 1372 Ea
1251 1309 1368 1373 autem
1381 1298 1440 1372 die
1450 1300 1576 1372 milites
1588 1300 1784 1373 Florennole
1800 1321 1881 1370 cnm
1893 1299 2017 1394 aliqui·

604 1419 672 1492 bus
688 1421 859 1493 Placentie
876 1422 1044 1496 militibus
1066 1423 1102 1494 in
1125 1433 1249 1496 terram
1265 1424 1430 1497 Cremone
1446 1423 1667 1518 equitavere,
1688 1444 1748 1518 per
1772 1423 1868 1495 riam
1889 1423 2018 1495 scilieet

604 1567 710 1640 qnam
719 1544 963 1618 Cremonenses
972 1569 1034 1642 per
1046 1546 1223 1642 quoddam
1233 1569 1356 1620 nemus
1369 1549 1532 1638 fecerant,
1546 1547 1581 1618 in
1595 1547 1695 1640 onius
1707 1547 1864 1618 exercitu
1879 1547 2018 1618 invene

604 1679 686 1742 runt
704 1671 949 1743 Cremonenses
962 1671 1023 1766 qui
1040 1681 1178 1766 pontem
1194 1693 1256 1767 per
1270 1694 1375 1766 qnem
1389 1671 1596 1744 transierant
1609 1669 1865 1742 custodiebant.
1884 1669 2018 1753 Quibus

605 1792 691 1866 visis
716 1793 863 1888 prelium
889 1815 968 1865 cum
998 1795 1049 1866 eis
1076 1795 1278 1890 inceperunt
1303 1793 1353 1890 (a)
1381 1795 1473 1868 circa
1492 1803 1631 1867 centum
1652 1792 1773 1866 decem
1797 1813 1886 1886 qnos
1909 1793 2019 1865 victos

606 1917 784 1992 duxerunt
801 1925 835 1989 et
853 1919 888 1987 in
908 1938 1044 1990 carcere
1063 1919 1290 1992 recluserunt.
1311 1919 1374 1990 Dic
1390 1917 1526 1991 sabbati
1542 1917 1602 1990 Vll
1625 1916 1781 2008 ejusdem
1802 1915 1931 1988 mensis
1943 1915 2020 2008 julii

605 2041 793 2114 Placentini
807 2051 842 2113 et
855 2040 1129 2114 Mediolanenses
1146 2043 1271 2116 milites
1288 2043 1506 2115 intraverunt
1518 2041 1555 2112 in
1570 2047 1695 2112 terram
1714 2039 1851 2128 Parme,
1871 2039 1907 2110 in
1926 2039 2021 2112 curia

606 2165 735 2240 scilicet
753 2165 949 2257 Cnrticellc;
964 2162 1153 2238 caminatas
1165 2177 1199 2238 et
1213 2166 1334 2241 domos
1347 2173 1382 2238 et
1395 2175 1528 2260 segetes
1546 2173 1580 2236 et
1596 2163 1737 2235 arbores
1753 2171 1788 2234 et
1801 2162 1923 2236 vineas
1934 2185 2021 2257 quos

607 2290 643 2361 in
663 2289 730 2360 illis
751 2288 1143 2384 partibusinvenernnt‚
1165 2289 1429 2378 destruxerunt,
1446 2285 1644 2360 inciderunt
1661 2295 1696 2358 et
1710 2285 1969 2358 combusernnt.

656 2411 786 2486 Eodem
802 2435 895 2486 anno
922 2435 1040 2486 mense
1061 2413 1200 2506 augusti
1219 2411 1368 2507 proximi
1390 2409 1578 2505 sequentis,
1606 2409 1795 2483 Placentini
1818 2409 1942 2482 minuti
1960 2409 2021 2505 qni

608 2537 772 2612 dicuntur
786 2537 977 2621 Quarteroli
999 2546 1033 2610 et
1053 2537 1239 2610 Placentini
1253 2537 1363 2628 grossi
1385 2557 1535 2632 quornm
1549 2535 1695 2630 quilibet
1713 2533 1806 2607 ualet
1819 2533 1866 2630 (b)
1878 2555 1942 2606 sex
1960 2533 2022 2607 de·

608 2662 722 2734 narios
740 2659 785 2733 de
801 2661 1008 2733 Placentinis
1022 2661 1212 2750 veteribus,
1230 2663 1290 2756 qui
1310 2658 1415 2733 modo
1435 2667 1530 2751 sunt,
1547 2657 1628 2730 lacti
1645 2659 1755 2731 fuere.

656 2788 707 2858 De
729 2785 852 2858 eodem
879 2805 997 2857 mense
1020 2796 1133 2880 porte,
1149 2785 1280 2858 seilicet
1303 2793 1401 2880 portu
1425 2783 1472 2857 de
1492 2784 1601 2856 Puteo
1617 2783 1777 2856 Snlberto
1801 2791 1836 2855 et
1858 2791 1956 2878 porta
1979 2780 2024 2857 de

609 2911 719 2984 Strata
736 2909 884 2999 Levata‚
904 2907 1041 3003 incapte
1054 2910 1195 2982 luerunt
1211 2909 1248 2980 in
1267 2908 1407 2982 civitate
1424 2906 1555 2980 lande.

659 3033 706 3106 M.
718 3031 778 3103 CC.
793 3031 915 3122 XVIII,
933 3030 1120 3104 indictione
1136 3031 1207 3122 llll,
1227 3031 1290 3104 XV
1306 3030 1364 3105 die
1381 3031 1511 3104 mensis
1524 3029 1735 3122 novembris,
1754 3029 2024 3103 Mediolanenses

610 3167 645 3230 et
658 3155 845 3228 Placentini
863 3163 897 3228 et
910 3176 1030 3227 omnes
1049 3155 1107 3227 alii
1125 3153 1170 3228 de
1189 3177 1309 3228 eorum
1328 3165 1426 3251 parte
1445 3157 1650 3250 juraverunt
1663 3153 1840 3228 attendere
1857 3163 1892 3228 et
1904 3153 2026 3228 obser-

609 3302 693 3354 vare
713 3287 873 3374 precepta
888 3277 1018 3350 domini
1036 3277 1220 3352 cardinalis
1237 3279 1342 3372 legati
1370 3279 1497 3350 summi
1521 3276 1693 3374 pontilicis
1710 3299 1816 3372 super
1838 3300 1924 3375 pace
1951 3277 2026 3350 sive

612 3417 758 3498 treugua
770 3401 1011 3498 componenda
1024 3401 1112 3472 inter
1122 3399 1397 3476 Mediolanenses
1413 3411 1448 3474 et
1461 3403 1675 3475 Placentinos
1688 3411 1723 3474 et
1736 3423 1835 3474 snam
1851 3413 1982 3497 partem
1992 3411 2028 3474 et

614 3529 857 3601 Cremonenses
882 3535 917 3598 et
940 3521 1153 3600 Pdrmenses.
1181 3523 1295 3597 Primo
1320 3525 1463 3598 introitu
1487 3524 1644 3618 ejusdem
1673 3525 1803 3598 mensis
1821 3528 2027 3618 juraverunt

615 3631 793 3726 attendere
809 3659 843 3723 et
858 3649 1041 3722 observare
1060 3657 1221 3744 precepta
1242 3647 1375 3721 domini
1394 3647 1579 3722 cardinalis
1599 3669 1660 3744 pro
1678 3648 1835 3745 predicto
1848 3649 1950 3721 facto.

664 3777 711 3849 M.
724 3775 785 3847 CC.
799 3774 909 3847 XVlll
934 3772 961 3869 (l
969 3774 995 3868 )‚
1016 3771 1205 3844 indictione
1216 3773 1287 3865 llll,
1307 3794 1425 3846 mense
1447 3772 1615 3865 januarii,
1640 3773 1829 3845 Placentini
1850 3773 2027 3866 elegerunt

615 3901 651 3972 in
672 3907 873 3995 potestatem
886 3906 921 3969 et
937 3905 1103 3969 rectorem
1120 3895 1267 3969 civitatis
1283 3895 1454 3969 Placentia
1468 3894 1649 3970 dominum
1665 3895 1859 3969 Guidonem
1874 3896 1920 3969 de
1933 3896 2027 3970 Busti

615 4024 660 4096 de
675 4022 882 4096 Mediolano.

663 4146 719 4220 Ad
744 4144 899 4217 notitiam
928 4161 970 4214 ac
993 4140 1193 4213 memoriam
1220 4140 1483 4216 christianorum
1506 4142 1662 4215 omnium
1692 4143 1892 4238 pervenisse
1918 4142 2028 4214 nulla·

615 4280 717 4342 tenus
742 4267 959 4359 dubitamus,
990 4263 1053 4338 sed
1082 4264 1253 4359 liquidum
1282 4265 1411 4362 pariter
1437 4276 1472 4340 et
1497 4265 1716 4340 manifestum
1743 4265 1905 4340 omnibns
1929 4259 2026 4362 [lore]

657 4443 701 4526 (a)
721 4447 766 4506 lbi
779 4445 925 4523 quaedam
938 4443 1038 4504 deesse
1048 4442 1198 4504 uldentnr.

659 4551 699 4632 (b)
721 4553 757 4614 ln
770 4551 869 4612 codiee
881 4545 964 4611 celet.

621 4703 689 4716 .-

654 4785 691 4860 (t)
710 4785 780 4843 tate
790 4796 913 4840 noureau
925 4779 1004 4856 style.
