4594 6066
812 639 855 700 llll
884 641 1026 700 lunula
1051 640 1203 702 ousiis.
1653 645 1715 707 223

294 769 418 859 flebat,
436 770 488 844 illi
510 769 759 844 decanatibus
779 782 814 847 et
828 774 877 846 illi
894 775 940 848 de
954 775 1062 848 Puteo
1078 775 1226 849 Fuberto
1243 775 1353 848 etalii
1370 775 1415 848 de
1435 775 1573 850 ciuitate
1592 781 1714 851 armati

294 914 374 966 cum
387 893 498 988 siguis
511 915 633 969 eorum
653 895 797 989 pulsatis
810 897 988 992 campanis
1000 898 1047 973 ad
1063 899 1257 972 martellum
1272 901 1483 995 collegerunt
1500 923 1539 974 se
1557 902 1661 974 simul
1679 909 1715 974 et

293 1016 482 1090 veniebant
504 1016 552 1089 ad
566 1009 784 1112 potestatem.
804 1021 883 1116 lpse
907 1042 993 1093 vero
1014 1031 1169 1117 potestas
1185 1031 1279 1096 stans
1299 1023 1335 1094 in
1360 1023 1465 1098 domo
1487 1047 1551 1098 sua
1575 1025 1715 1097 volebat

293 1139 407 1234 ipsum
430 1138 630 1212 Autolinum
654 1142 813 1216 relaxare
837 1164 901 1238 pro
921 1145 1104 1216 securitate
1128 1147 1207 1240 plus
1226 1147 1348 1219 timore
1362 1169 1469 1242 quam
1483 1169 1621 1231 amore;
1638 1149 1713 1244 ipse

292 1263 385 1335 enirn
407 1261 592 1337 Autolinus
613 1266 847 1360 nolebatquia
871 1267 1009 1340 dicebat
1029 1269 1126 1362 quod
1148 1269 1265 1342 nullus
1281 1271 1519 1344 manulevaret
1543 1291 1625 1344 eum
1645 1272 1713 1344 nisi

292 1387 342 1458 illi
356 1408 420 1482 pro
433 1387 562 1482 quibus
578 1399 652 1462 erat
667 1389 840 1482 detentus,
854 1391 986 1462 scilicet
999 1393 1171 1487 Symonus
1181 1393 1300 1484 Ferus,
1315 1393 1479 1467 Simonus
1490 1393 1709 1488 desonagio,

292 1510 440 1584 Ubertus
457 1511 604 1603 Curtus,
622 1512 811 1586 Palmarius
833 1513 877 1586 de
899 1515 1102 1588 Mazacbara
1120 1523 1155 1588 et
1172 1515 1341 1588 Martinus
1359 1515 1565 1612 Ganganus,
1586 1539 1708 1590 omnes

291 1634 348 1706 isti
370 1633 555 1708 extiterant
574 1635 766 1730 proditores
787 1635 947 1712 Guilelmi
975 1637 1019 1710 de
1040 1637 1190 1726 Audito,
1217 1639 1274 1710 isti
1292 1641 1386 1712 euim
1414 1662 1483 1714 uon
1512 1651 1609 1714 erant
1634 1664 1712 1737 pre-

290 1767 424 1850 sentes,
445 1757 509 1832 aed
525 1769 623 1832 erant
640 1781 722 1832 eum
742 1781 862 1832 eorum
880 1762 1103 1835 societatibus
1117 1762 1274 1834 adunati.
1300 1762 1400 1835 Unde
1417 1764 1543 1837 videns
1561 1773 1711 1859 potestas

290 1879 549 1956 multitudinem
569 1883 687 1978 populi
705 1883 752 1956 ad
768 1903 806 1956 se
822 1885 943 1957 venire
962 1893 997 1958 et
1016 1885 1162 1960 audiens
1178 1907 1363 1981 campanas
1382 1887 1529 1982 pulsari,
1557 1890 1711 1983 permisit

288 2005 425 2078 dictum
447 2005 650 2080 Antclinum
676 2007 797 2081 abire:
818 2009 1005 2082 eratenim
1031 2009 1107 2104 ipse
1131 2009 1316 2082 Autolinus
1332 2012 1422 2082 male
1443 2010 1608 2084 inductus
1629 2035 1710 2086 cum

286 2129 425 2224 scarpis
440 2130 475 2202 iu
494 2130 647 2226 pedibus
664 2143 700 2204 et
713 2131 872 2206 cruribus
885 2131 1003 2205 nudis.
1022 2132 1173 2206 Instabat
1191 2134 1282 2206 enim
1301 2143 1398 2228 pater
1418 2135 1493 2225 ejus
1516 2146 1555 2207 ut
1571 2157 1609 2208 se
1627 2159 1711 2231 per-

285 2253 441 2326 mitteret
467 2255 695 2328 manulevari.
712 2255 820 2328 Erant
849 2256 897 2328 ibi
922 2255 1043 2328 Petrus
1071 2256 1116 2329 de
1141 2257 1346 2347 Malvicino,
1375 2257 1531 2352 Philipus
1559 2259 1712 2332 vicedo-

285 2378 420 2470 minus,
435 2378 633 2452 Jaoominus
646 2379 860 2472 vicecomes,
878 2381 1026 2453 Ubertus
1039 2379 1084 2452 de
1099 2381 1273 2475 Niquitate
1290 2390 1325 2452 et
1341 2381 1400 2452 alii
1415 2382 1514 2454 multi
1532 2391 1711 2476 magnates

285 2503 448 2576 volentes
466 2501 580 2598 ipsum
605 2505 847 2594 manulevare,
875 2504 950 2600 ipse
967 2515 1084 2576 autem
1107 2503 1279 2576 refutabat
1300 2523 1372 2576 ecs,
1401 2506 1445 2577 Et
1470 2505 1613 2578 dimisso
1635 2508 1711 2602 ipso

284 2623 470 2714 Autolinc‚
495 2625 611 2698 statim
629 2647 699 2698 non
724 2633 903 2698 revertens
928 2625 1090 2717 domum,
1117 2623 1181 2698 sed
1202 2623 1298 2720 quod
1325 2627 1465 2721 optabat
1491 2629 1636 2723 cupiens
1664 2629 1711 2702 ad

284 2749 449 2822 effectum
469 2749 620 2838 ducere,
642 2749 707 2822 ivit
731 2750 823 2823 bene
840 2749 1038 2824 adsociatus
1058 2749 1103 2824 ad
1126 2751 1270 2822 Puteum
1290 2751 1478 2824 Fubertum
1498 2752 1560 2824 ubi
1577 2753 1711 2825 invenit

284 2895 454 2966 magnam
471 2873 728 2948 multitudinem
740 2874 895 2948 virorum
909 2882 1118 2946 armatorum
1133 2874 1180 2947 ad
1196 2874 1343 2964 bellum,
1357 2885 1392 2947 et
1406 2875 1628 2949 concionatus
1645 2877 1711 2948 iuit
1811 2928 1814 2936 .

283 2997 455 3071 intereos
476 3019 670 3092 provocans
693 2999 788 3094 ipsos
813 3008 848 3071 et
873 2999 1043 3072 inducens
1059 2997 1106 3072 ad
1126 2999 1325 3072 faciendum
1348 3001 1444 3093 quod
1466 2999 1706 3090 desiderabat,

284 3121 476 3194 recordans
491 3121 543 3196 eis
563 3123 670 3196 multa
685 3123 778 3196 mala
794 3143 864 3216 que
880 3123 968 3194 iacta
986 3129 1085 3195 eraut
1103 3121 1338 3216 aquiudeoim
1354 3123 1456 3194 annis
1474 3123 1565 3195 circa
1580 3124 1711 3219 populo

283 3243 481 3332 Placentia,
499 3245 675 3340 quomodo
697 3254 732 3317 et
750 3245 899 3338 qualiter
923 3245 1111 3317 extiterant
1134 3245 1278 3336 mortui,
1297 3243 1503 3340 condepnati
1520 3255 1554 3318 et
1572 3247 1710 3340 expulsi

283 3367 439 3441 deterre
454 3368 490 3440 iu
509 3377 636 3440 terram
656 3376 691 3442 et
706 3367 802 3462 quod
827 3368 958 3441 vallent
975 3366 1025 3464 (a)
1042 3367 1190 3463 amplius
1205 3367 1312 3455 mori,
1327 3378 1362 3441 et
1384 3369 1452 3441 alia
1476 3370 1583 3441 multa
1602 3370 1711 3443 verba

285 3491 382 3565 dixit
401 3491 470 3582 eis,
498 3497 534 3564 et
554 3491 772 3584 congregatis
787 3490 854 3562 illis
869 3490 915 3563 de
940 3499 1040 3587 porta
1053 3491 1170 3562 Sancti
1191 3487 1345 3563 Antolini
1368 3491 1404 3562 iu
1423 3491 1568 3566 eeclesia
1589 3493 1708 3564 Sancti

283 3614 386 3686 Pauli
410 3614 567 3686 lecerunt
588 3612 677 3686 duos
694 3615 854 3686 consules
874 3614 1015 3710 populi,
1036 3613 1168 3686 scilicet
1189 3615 1326 3686 Bonum
1349 3614 1542 3686 Iohannem
1558 3614 1603 3688 de
1622 3615 1708 3686 Phi·

284 3735 362 3830 lipo
381 3744 416 3810 et
438 3735 631 3808 Iohannem
648 3735 885 3809 Calderarium
909 3745 943 3808 et
966 3736 1003 3806 in
1025 3745 1124 3830 porta
1151 3737 1250 3808 Nova
1273 3737 1439 3809 laconum
1463 3738 1647 3810 Burrinum
1663 3749 1710 3811 et

283 3858 520 3933 Gerardinum
533 3857 728 3932 Banoohum
746 3869 780 3932 et
794 3859 831 3930 in
852 3867 951 3953 porta
969 3859 1157 3932 Garivereti
1173 3860 1358 3954 bogerium
1375 3861 1420 3932 de
1441 3861 1651 3936 Podiocalvo
1676 3871 1711 3933 et

284 3983 544 4056 lanfranchum
561 3981 607 4055 de
620 3981 843 4073 Centenario,
867 3982 903 4054 iu
922 3991 1020 4077 porta
1034 3981 1221 4055 Mediolani
1234 3983 1401 4056 Iacobum
1416 3983 1462 4056 de
1484 3984 1626 4058 Colloris
1646 3983 1653 4083 Ι
1675 3995 1710 4059 et
1747 4001 1832 4051 1⁸01.oe
1848 4007 1918 4048 reto-

284 4106 455 4180 Ubartum
479 4106 524 4180 de
544 4107 721 4197 ldascaro,
744 4107 781 4177 in
806 4113 905 4200 porta
930 4105 1055 4178 Sancte
1077 4105 1216 4198 Brigide
1232 4107 1399 4178 Iacobum
1418 4106 1463 4180 de
1479 4097 1648 4182 Vicaniuo
1672 4121 1708 4184 et

283 4231 502 4304 Beruardum
525 4231 570 4306 de
589 4229 787 4304 Landriano
806 4238 841 4302 et
858 4230 895 4302 in
915 4239 1014 4325 porta
1035 4230 1151 4303 Sancti
1168 4231 1341 4304 Laurentii
1354 4231 1547 4304 Rolandum
1566 4235 1705 4310 Scotum

280 4352 441 4447 judicem
457 4363 492 4427 et
501 4355 701 4448 Ugozonum
714 4352 988 4426 FumariumEt
1000 4353 1200 4425 diesabbati
1212 4355 1369 4447 sequenti
1378 4357 1576 4450 congregati
1585 4376 1706 4430 omues
1768 4373 1772 4382 ’

286 4478 449 4551 consules
476 4499 557 4550 cum
583 4478 738 4550 maxima
763 4477 956 4572 quantitate
980 4477 1100 4572 populi
1122 4486 1294 4550 venerunt
1317 4477 1364 4548 ad
1387 4477 1589 4550 conscilium
1613 4501 1707 4552 com·

286 4601 422 4694 munis,
444 4609 479 4674 et
501 4613 691 4676 excusatus
713 4597 779 4674 luit
805 4621 867 4696 per
892 4621 954 4673 eos
976 4599 1051 4696 ipse
1068 4598 1270 4692 Antelinus,
1296 4599 1450 4673 dicentes
1471 4609 1507 4675 et
1531 4613 1708 4678 narrantes
1807 4639 1809 4642 ·

330 4747 373 4828 (a)
394 4749 530 4812 Forsitan
545 4747 668 4813 mttnt.
