4568 6064
761 718 802 778 ΙΝ
827 716 967 778 trenta
991 715 1142 778 uestis,
1600 711 1661 771 385

241 878 363 931 eorum
377 864 491 949 =ganta
506 852 668 944 guarnito
685 855 760 926 loco
775 853 922 945 Bergolii
939 853 1077 924 iverunt
1094 850 1140 923 ad
1156 851 1269 922 locum
1287 848 1468 922 Castelacii
1479 847 1541 942 qui
1559 847 1663 919 distat

243 979 419 1055 acivitate
431 975 644 1050 Alexandria
662 998 723 1070 per
735 976 796 1048 llll
814 975 912 1050 valli
932 975 1087 1048 milliaria
1103 995 1208 1047 causa
1225 973 1373 1048 faciendi
1391 981 1567 1068 guastum.
1585 971 1663 1058 Quo

244 1105 331 1178 scito
351 1113 386 1176 et
402 1102 480 1175 viso
497 1123 559 1196 per
573 1097 731 1172 heminas
749 1099 962 1174 Alexandria
982 1099 1101 1171 habito
1123 1107 1266 1170 tractatu
1287 1097 1375 1170 iuter
1391 1118 1448 1185 se,
1470 1095 1519 1168 CC
1539 1095 1664 1166 milites

245 1227 292 1302 de
306 1224 518 1300 Alexandria
532 1223 742 1296 transierunt
753 1245 862 1296 unum
874 1245 1007 1296 ramum
1023 1222 1122 1296 lluvii
1137 1222 1273 1294 Tanari.
1290 1221 1455 1294 videntes
1471 1219 1538 1292 hoc
1553 1219 1669 1290 homi·¹

244 1373 308 1426 nes
327 1349 373 1425 da
389 1348 551 1443 Bergolio
567 1357 602 1422 et
622 1347 739 1440 quiin
764 1349 839 1444 ipsa
857 1347 1013 1420 custodia
1037 1357 1271 1418 remanserant
1295 1345 1481 1417 exiverunt
1505 1343 1550 1416 de
1571 1343 1664 1415 dicto

241 1476 320 1549 loco
337 1475 387 1546 illi
402 1473 463 1568 qui
481 1472 658 1548 habebant
676 1492 799 1564 equos,
819 1481 854 1545 et
866 1472 926 1546 alii
938 1470 1072 1566 pedites
1087 1481 1186 1544 extra
1201 1469 1357 1541 similiter
1372 1469 1549 1550 exieruut;
1565 1477 1599 1540 et
1616 1467 1663 1538 illi

245 1597 446 1672 decivitate
468 1593 682 1668 Alexandria
701 1595 762 1689 qui
783 1605 1019 1668 remanserant
1040 1594 1075 1664 iu
1096 1593 1234 1666 civitate
1255 1603 1393 1688 pontem
1417 1592 1539 1664 Tanari
1560 1611 1665 1684 quem

245 1721 492 1796 destruxerant
518 1727 658 1814 prepter
686 1730 817 1792 metum
835 1719 1056 1814 Papieuaium
1076 1729 1343 1790 construxerunt
1365 1716 1410 1788 da
1431 1715 1604 1788 aesidibus
1631 1726 1665 1788 et

245 1845 424 1935 gratibue3
441 1846 489 1914 ita
507 1840 605 1935 quod
627 1842 811 1936 populares
831 1841 1042 1914 Alexandria
1057 1841 1146 1912 ultra
1165 1862 1285 1913 versus
1304 1841 1498 1934 Bargullum
1519 1839 1665 1911 transie-

245 1977 339 2040 runt.
355 1967 433 2053 Quo
450 1966 527 2038 viso
546 1985 608 2060 per
626 1965 703 2037 illos
721 1965 767 2038 de
790 1965 949 2058 Bergolio
969 1964 1030 2058 qui
1046 1975 1144 2037 extra
1165 1964 1321 2036 exierant
1339 1964 1405 2059 ipsi
1421 1965 1606 2036 voluerunt
1628 1985 1666 2036 se

245 2090 445 2184 recolligere
471 2089 507 2160 iu
534 2089 649 2160 locum
670 2087 841 2181 Bargolii,
867 2097 902 2160 et
917 2097 1012 2160 tauta
1028 2087 1093 2160 luit
1117 2087 1257 2159 audatia
1282 2088 1418 2158 illorum
1445 2087 1593 2158 militum
1621 2085 1666 2158 de

244 2212 458 2286 Alexandria
475 2211 716 2307 persequendo
737 2211 830 2306 ipsos
856 2211 951 2303 quod
969 2231 1088 2283 omnes
1110 2211 1237 2305 pariter
1257 2233 1303 2284 ex
1327 2221 1471 2304 utraque
1489 2219 1586 2305 parta
1606 2233 1668 2305 per

245 2337 320 2408 vim
336 2337 553 2408 intraverunt
572 2335 607 2406 iu
627 2333 759 2406 dictum
776 2335 889 2406 locum
911 2342 946 2406 et
962 2335 1147 2428 populares
1166 2332 1211 2406 de
1229 2333 1442 2406 Alexandria
1459 2334 1667 2404 transierunt

247 2471 281 2531 et
297 2458 404 2532 simul
420 2458 635 2529 intraverunt
658 2457 693 2528 in
717 2455 848 2528 dictum
866 2457 982 2528 locum
999 2465 1034 2528 et
1050 2465 1218 2548 quotquot
1237 2455 1285 2528 ibi
1306 2457 1514 2528 invenerunt
1533 2467 1600 2527 tam
1621 2456 1667 2528 de

246 2581 451 2654 hominibus
466 2579 674 2652 marchionis
690 2601 797 2673 quam
816 2577 861 2652 dc
875 2578 953 2650 aliis
963 2589 1129 2674 ceperunt
1142 2589 1176 2650 at
1191 2579 1404 2652 occiderunt.
1418 2579 1513 2674 Capti
1527 2581 1667 2652 fuerunt

247 2703 444 2793 herecee,
466 2702 591 2776 mortui
610 2701 700 2774 bene
718 2703 744 2774 L
761 2710 796 2776 et
814 2701 931 2796 plures
953 2701 1103 2774 etmulti
1124 2713 1311 2774 evaseruut
1326 2715 1493 2776 exeuntes
1511 2725 1573 2796 per
1590 2706 1667 2776 los-

246 2839 321 2900 sata
338 2828 430 2900 illius
456 2825 542 2916 loci,
568 2837 602 2898 et
627 2827 714 2898 bene
741 2834 906 2920 ceperunt
922 2824 968 2896 de
997 2825 1195 2898 hominihus
1213 2825 1358 2919 Bergolii
1378 2847 1466 2920 quus
1490 2803 1666 2920 suspectos

245 2949 423 3024 habebant
441 2950 532 3022 circa
550 2949 600 3022 CC
625 2961 660 3022 et
676 2947 934 3022 derobaveruut
954 2949 1048 3043 ipsos
1070 2959 1105 3020 at
1129 2949 1257 3020 habent
1281 2957 1389 3021 tutum
1417 2952 1529 3022 locum
1549 2951 1583 3021 iu
1602 2972 1666 3023 sua

247 3075 348 3146 sertia
364 3083 399 3146 et
417 3073 557 3146 virtute.
579 3073 623 3144 Et
646 3071 712 3145 hoc
734 3071 799 3143 luit
816 3071 874 3144 die
898 3073 1016 3143 martis
1032 3073 1126 3144 XXll
1144 3073 1271 3145 mensis
1285 3073 1389 3165 junii.
1409 3075 1486 3158 Quo
1500 3075 1586 3146 scito
1605 3096 1666 3169 per

246 3197 431 3292 Paplensea
444 3208 479 3270 et
494 3197 727 3270 marchionem
745 3195 971 3268 incontinenti
990 3195 1192 3270 reddieruut
1205 3195 1251 3267 ad
1270 3197 1420 3292 propria,
1435 3196 1665 3270 Alexandrini

246 3321 442 3413 Bargullum
461 3320 615 3394 fonditus
633 3319 893 3393 destruxerunt.

295 3445 360 3516 Die
382 3445 543 3517 mercurii
566 3444 676 3516 XXlll
693 3443 822 3516 mensis
847 3442 938 3534 junii
958 3441 994 3514 iu
1018 3442 1200 3514 contractis
1216 3441 1261 3516 de
1281 3442 1420 3516 Faenlia
1442 3443 1501 3515 ubi
1525 3443 1666 3536 equita-

248 3577 370 3640 veraut
394 3567 630 3641 Bononienses
651 3566 827 3640 intrinseci
847 3567 977 3640 seilicet
993 3565 1099 3639 DCCC
1121 3567 1246 3638 milites
1275 3575 1343 3638 tam
1367 3565 1538 3639 adsoldati
1559 3589 1665 3660 quam

248 3691 449 3767 decivitate
472 3691 644 3782 Bononia,
663 3691 709 3762 ab
733 3711 854 3764 eorum
878 3691 1027 3762 inimicis
1053 3689 1098 3762 de
1120 3690 1256 3764 civitate
1284 3691 1437 3764 Bouome
1461 3693 1666 3766 extrinsecis

247 3814 405 3886 eonlrirti
418 3815 559 3888 luerunt
575 3825 610 3888 at
624 3811 815 3887 discouficti
829 3823 864 3886 et
881 3815 970 3910 capti
988 3815 1025 3886 in
1043 3815 1196 3886 maxima
1212 3817 1414 3909 quantitate.

318 3933 443 4034 {Sicut
469 3937 505 4008 iu
524 3937 683 4032 preterita
707 3944 816 4010 estate
842 3947 980 4032 propter
1004 3938 1129 4010 multas
1153 3960 1263 4034 aquas
1291 3940 1356 4010 luit
1379 3963 1505 4036 magua
1529 3943 1666 4016 caristia
1691 3981 1860 4028 sommas.

246 4081 363 4134 rerum
381 4061 585 4132 victualium
601 4061 637 4133 in
653 4060 872 4152 lumbardia,
893 4060 941 4132 ita
955 4061 1052 4156 quod
1067 4063 1231 4134 sestarius
1248 4064 1409 4138 frumenti
1426 4065 1586 4138 venditus
1603 4068 1668 4140 luit

247 4192 282 4255 et
300 4183 409 4256 valuit
423 4183 515 4255 Xllll
529 4183 679 4258 soldaria
695 4193 729 4256 et
744 4185 822 4278 plus
840 4195 874 4256 et
890 4183 1006 4256 omnia
1025 4184 1091 4256 alia
1107 4185 1272 4258 victualia
1290 4187 1393 4258 nimis
1409 4209 1490 4260 cara
1506 4190 1663 4281 luerunt,

246 4327 390 4396 cernas,
407 4327 494 4398 ova,
514 4327 636 4380 caseus
661 4316 695 4380 et
717 4306 813 4402 ligna
835 4316 870 4380 at
888 4329 1014 4400 magua
1038 4309 1225 4382 mortalitas
1245 4309 1454 4403 bestiarum3
1482 4313 1529 4384 ita
1546 4314 1581 4384 iu
1599 4313 1666 4387 hac

246 4428 399 4522 presenti
421 4437 529 4501 estate
550 4439 689 4526 propter
714 4429 857 4502 nimiam
883 4429 1071 4502 siccitatem
1097 4443 1132 4504 et
1157 4435 1374 4526 asperitatem
1400 4435 1667 4532 temporisquia

247 4551 350 4645 quasi
373 4551 479 4624 nichil
499 4553 589 4648 pluit
615 4573 677 4648 per
700 4561 808 4625 totum
831 4573 984 4626 mensem
1006 4555 1142 4650 aprilis,
1163 4556 1288 4649 madii,
1308 4557 1399 4650 junii
1426 4570 1462 4631 et
1486 4560 1571 4654 lugii
1597 4560 1663 4658 (u),

291 4821 332 4894 (a)
353 4819 456 4881 ltaliae
470 4815 571 4902 laelio.
