4594 6066
590 653 649 716 162
1058 659 1297 722 CllIlONlCON
1321 659 1373 720 ott
1397 659 1525 721 REBUS

586 787 682 862 venit
699 811 779 863 oum
801 791 945 868 Yaolino
961 792 1007 867 de
1024 795 1177 868 llomano
1204 805 1238 868 et
1262 793 1517 868 Veronensibus
1531 791 1582 889 (u)
1596 793 1643 866 ud
1660 793 1790 868 flumen
1814 795 1940 868 Menoii
1964 806 1998 872 et

587 921 844 988 castrametatus
867 925 932 990 est.
955 917 1040 990 Cum
1066 917 1158 990 enim
1178 917 1281 992 vellet
1305 917 1505 990 Cremonam
1526 917 1711 1006 aooedere,
1733 919 1912 992 Mantuani
1937 941 1998 994 re-

585 1035 770 1112 bellabant.
805 1039 1000 1114 Brixienses
1032 1051 1147 1116 autem
1178 1063 1258 1116 oum
1290 1041 1629 1134 Mediolanensibus,
1662 1041 1829 1114 militibus
1857 1065 1997 1138 quoqne

585 1159 756 1253 Bononio,
788 1163 942 1256 Feraria,
969 1166 1128 1256 Mantus,
1154 1165 1289 1258 lande,
1317 1165 1569 1257 Veroellarnm,
1597 1165 1798 1254 Cumarum,
1824 1167 1993 1259 Novaria,

583 1281 796 1359 Alexandria
821 1297 857 1360 et
884 1287 962 1362 aliis
979 1311 1059 1362 oum
1078 1289 1223 1362 oarooiis
1245 1297 1331 1385 aput
1348 1286 1697 1362 Monteolarom'fixis
1720 1291 1910 1385 temptoriis
1934 1312 1996 1364 re-

583 1405 761 1481 sistebant.
785 1411 918 1486 Interea
942 1413 1188 1486 Cremonenses
1216 1422 1251 1488 et
1274 1413 1475 1486 Parmenses
1502 1433 1582 1484 oum
1608 1413 1749 1508 Reginis
1774 1420 1809 1485 et
1825 1415 1996 1488 Mutinen-

583 1529 680 1605 sibus
697 1532 734 1604 in
751 1535 907 1630 partibus
921 1535 966 1610 de
977 1537 1126 1611 Ysollela
1143 1557 1248 1632 super
1265 1535 1409 1610 flumine
1427 1535 1493 1610 Olii
1510 1536 1678 1630 albergati
1696 1537 1913 1630 residebant;
1932 1540 1994 1633 qui

583 1653 641 1728 die
656 1658 703 1730 Xl
719 1659 846 1732 mensis
861 1659 1064 1756 septembris
1080 1660 1230 1757 proximi
1249 1659 1377 1734 relictis
1392 1659 1499 1733 ourris
1514 1680 1578 1754 pro
1594 1660 1716 1752 majori
1732 1669 1831 1756 parte
1849 1663 1994 1758 sumptis

582 1781 687 1854 armis
710 1790 778 1856 tam
799 1785 983 1879 populares
1000 1805 1107 1879 quam
1125 1783 1250 1858 milites
1275 1783 1442 1858 ascherati
1469 1803 1531 1879 per
1546 1793 1654 1856 terras
1671 1783 1905 1858 Brixiensium
1923 1786 1995 1858 ite-

582 1915 696 1978 rantes
710 1907 755 1980 ad
779 1907 908 1981 flumen
928 1909 1020 1982 Gesii
1039 1918 1294 2006 pervenerunt,
1315 1929 1385 1981 non
1399 1907 1566 1982 distantes
1583 1907 1629 1980 ab
1645 1907 1803 1981 exercitu
1819 1908 1936 1982 brixis
1957 1921 1993 1984 et

581 2027 763 2102 Mediolani
783 2031 873 2105 ultra
891 2031 962 2106 duo
980 2033 1138 2122 miliaria,
1160 2041 1231 2106 tota
1248 2042 1348 2106 noete
1368 2031 1489 2106 mmati
1505 2039 1540 2106 et
1560 2031 1730 2106 aseherati
1753 2031 1991 2128 imperatorem

582 2162 819 2247 expectentes.
838 2156 1036 2248 intelligens
1051 2157 1236 2252 imperator
1253 2155 1499 2230 Cremonenses
1521 2161 1556 2230 et
1574 2155 1776 2228 Parmenses
1797 2157 1830 2228 si
1853 2157 1994 2230 obviare

580 2297 717 2349 summo
734 2299 836 2352 mane
852 2279 1014 2352 tubarum
1030 2280 1143 2355 sonitu
1165 2287 1277 2352 eastra
1300 2299 1439 2352 movere
1451 2277 1564 2370 jubet.
1585 2275 1810 2352 Adscendens
1832 2276 1869 2348 in
1889 2297 1993 2370 equo,

580 2399 715 2474 elevata
733 2401 793 2498 (b)
822 2424 907 2476 vooe
930 2425 1044 2477 eoram
1074 2402 1290 2499 principibus
1319 2409 1528 2496 conquestus
1565 2399 1629 2474 luit
1657 2399 1807 2474 dicens:
1835 2425 1854 2470 u
1881 2399 1996 2484 Quum

580 2523 752 2617 peregrini
769 2533 803 2597 et
819 2526 970 2600 viatores
984 2527 1162 2602 ambulant
1180 2527 1328 2622 ubique,
1345 2545 1411 2618 ego
1426 2535 1541 2598 autem
1559 2545 1630 2600 non
1650 2545 1730 2598 snm
1751 2545 1858 2598 ansus
1876 2523 1995 2619 agredi

579 2666 642 2741 per
659 2656 767 2720 terras
783 2649 929 2743 imperii.
950 2649 1114 2724 »Deinde
1134 2649 1248 2724 statim
1271 2658 1446 2744 assumpta
1472 2647 1590 2743 aquila
1616 2669 1724 2720 menn
1756 2647 1896 2743 propria
1915 2669 1995 2720 oum

580 2749 795 2866 principibus
822 2773 911 2868 oepit
931 2773 1060 2846 flumen
1077 2773 1201 2847 Menoii
1225 2773 1371 2845 transire
1391 2781 1426 2844 et
1443 2771 1555 2844 omnis
1572 2769 1752 2845 exereitus
1776 2791 1857 2843 oum
1881 2791 1943 2862 eo,
1961 2779 1997 2844 et

579 2894 768 2989 equitando
795 2897 842 2970 ad
868 2897 1058 2969 exercitum
1087 2896 1350 2970 Cremonensem
1381 2896 1549 2992 pervenit.
1577 2893 1693 2968 Altera
1724 2891 1783 2966 die
1812 2893 1996 2990 imperator

579 3028 733 3092 semotus
762 3041 841 3092 oum
870 3021 1026 3093 exercitu
1050 3041 1114 3094 suo
1142 3030 1176 3093 et
1210 3019 1494 3094 Cremonensibus
1522 3027 1558 3092 st
1578 3018 1827 3092 Parmensibus
1859 3026 1894 3090 et
1920 3018 1996 3090 aliis

581 3152 666 3237 aput
683 3143 830 3216 Godinm
849 3143 894 3238 (o)
914 3155 949 3218 et
966 3145 1100 3220 Voltam
1122 3145 1343 3218 Mantuanam
1368 3154 1463 3217 trans
1484 3143 1624 3218 Mantus
1641 3137 1783 3239 [partes]
1805 3151 1993 3216 castrame-

581 3275 672 3340 tatus
698 3289 759 3362 per
772 3268 862 3342 duos
880 3268 956 3342 dies
981 3268 1187 3342 devastavit.
1206 3268 1249 3342 llt
1266 3267 1349 3340 inde
1369 3289 1450 3342 oum
1469 3267 1627 3340 exercitu
1645 3264 1743 3362 apud
1767 3264 1993 3338 Marchariam

580 3397 730 3462 oestrum
740 3389 879 3464 Mantua
890 3391 1058 3486 pervenit,
1069 3400 1105 3462 et
1116 3377 1232 3464 habito
1242 3391 1318 3486 ipso
1329 3397 1440 3464 onstro
1449 3387 1544 3485 apud
1557 3389 1704 3462 Mosium
1716 3395 1866 3460 castrum
1878 3387 1994 3460 Brixis

580 3512 617 3585 in
639 3535 711 3608 quo
730 3513 864 3610 pedites
880 3513 1065 3588 Mediolani
1087 3513 1231 3586 aderant
1250 3513 1458 3609 properavit.
1479 3513 1546 3598 Qui
1561 3509 1696 3607 pedites
1714 3519 1815 3584 noots
1836 3511 1996 3607 proxima

581 3635 627 3712 de
645 3639 782 3712 castello
798 3639 1016 3712 absentantes
1034 3637 1121 3710 illud
1137 3637 1333 3734 imperatori
1354 3637 1606 3732 relinquerunt.
1627 3636 1670 3710 llt
1688 3635 1771 3710 inde
1790 3657 1850 3731 per
1864 3635 1997 3731 episeo-

581 3769 701 3856 patum
722 3763 862 3836 Mantus
878 3784 990 3857 usque
1009 3763 1056 3836 ad
1073 3762 1247 3836 civitatem
1269 3761 1464 3838 devastavit
1481 3782 1614 3834 moram
1640 3759 1689 3832 ibi
1706 3759 1835 3832 lsoiens
1856 3781 1919 3854 per
1936 3759 1994 3832 XV

583 3877 671 3950 dies.
695 3879 739 3950 Et
766 3881 935 3975 impositis
959 3880 1124 3954 custodiis
1150 3881 1186 3952 in
1216 3881 1300 3977 ipsis
1325 3881 1474 3954 castellis
1500 3901 1562 3975 per
1579 3888 1717 3974 pontem
1737 3877 1782 3952 de
1806 3877 1997 3950 Marcharia

584 4003 753 4074 transiens
764 4002 1079 4077 venitCremonam.
1093 4005 1177 4076 Cum
1192 4005 1284 4077 enim
1297 4005 1401 4078 vellet
1413 4001 1552 4100 Pupiam
1567 4001 1618 4098 (d)
1632 3999 1814 4096 proficisci,
1839 3997 1847 4097 Ι
1866 3999 1997 4074 Medio·

584 4124 742 4198 lonenses
764 4147 845 4199 oum
862 4127 1007 4221 oaroeio,
1026 4127 1235 4222 laudenses,
1255 4129 1504 4222 Veroellenses,
1520 4127 1760 4218 Novarienses,
1778 4123 1921 4197 Cumani
1933 4121 1993 4221 (e),

626 4341 669 4421 (u)
691 4341 727 4402 ln
741 4341 841 4402 uodloe
859 4340 1011 4403 remum.

626 4444 667 4526 (b)
690 4447 726 4508 In
737 4447 837 4533 oodloe
850 4445 968 4508 elevato.

626 4553 664 4634 (a)
690 4555 727 4614 ln
739 4555 841 4616 oodloe
856 4552 974 4616 Gordius.

626 4660 668 4742 (d)
689 4662 726 4722 In
740 4661 839 4722 oodloe
851 4661 962 4740 Papio.

626 4767 664 4848 (e)
690 4769 727 4830 ln
740 4768 839 4832 oodloe
855 4767 1003 4830 Cumanis.
