4676 6066
644 659 685 720 28
1067 652 1309 720 canonicor
1334 653 1636 717 rtncsnrttttttt.

641 793 805 865 llivulum
820 803 1035 887 maguum'et
1050 795 1177 866 Senum
1199 793 1270 864 lere
1284 790 1329 880 C;
1345 789 1390 862 de
1404 789 1691 863 Cremonensibus
1704 800 1740 863 et
1757 791 1997 867 Parmensibus
2012 797 2047 870 iu

640 915 822 988 obsidione
844 917 1039 992 Florenzulc
1061 917 1221 990 obierunt
1242 914 1333 987 circa
1357 911 1394 984 C.
1416 913 1479 985 Die
1495 915 1632 986 veneris
1651 914 1697 986 Vl
1722 914 1888 988 kalendas
1910 923 2046 1012 augusti

639 1039 789 1133 proximi
810 1041 988 1133 sequentis
1004 1037 1070 1134 (l),
1094 1039 1159 1109 init
1171 1036 1317 1132 prelium
1331 1045 1366 1108 et
1383 1043 1552 1107 sturmum
1572 1035 1617 1109 de
1630 1037 1772 1129 Nigrino
1795 1039 1883 1110 inter
1899 1041 2047 1114 Placen-

640 1161 723 1232 tiam
741 1171 776 1232 et
796 1161 955 1254 Papiam;
974 1169 1009 1233 at
1028 1160 1076 1232 ibi
1097 1159 1187 1254 capti
1204 1161 1343 1230 luerunt
1359 1156 1404 1232 de
1421 1157 1587 1230 militibus
1601 1159 1707 1254 Papio
1723 1161 1872 1254 amplius
1889 1161 1935 1235 de
1953 1186 2045 1257 qua-

638 1291 716 1355 tuor
737 1292 878 1355 centum
898 1293 933 1355 et
949 1283 993 1356 de
1007 1283 1185 1378 peditibus
1202 1292 1272 1354 tres
1289 1289 1440 1354 centum.
1457 1283 1509 1354 De
1528 1280 1650 1354 eodem
1665 1304 1783 1355 mense
1799 1285 1938 1378 augusti
1959 1287 2045 1360 lauta

638 1415 673 1478 et
699 1404 833 1478 firmata
856 1415 908 1478 est
925 1415 1071 1498 treugua
1096 1412 1310 1478 sacramento
1329 1403 1638 1478 Mediolanensium
1659 1417 1694 1478 et
1718 1407 1990 1482 Placentinorum
2011 1420 2044 1484 et

636 1551 735 1601 suam
757 1539 886 1622 partem
905 1527 992 1626 (sic),
1010 1539 1045 1603 et
1064 1529 1285 1624 Papiensium
1303 1536 1338 1599 et
1356 1528 1573 1600 commitatus
1598 1529 1654 1600 sui
1672 1539 1707 1601 et
1731 1531 1834 1602 totius
1857 1553 1921 1603 sue
1941 1534 2044 1627 partis

636 1651 792 1723 aLaudo
810 1673 933 1746 supra,
956 1672 1016 1745 per
1034 1651 1215 1724 dominum
1240 1649 1535 1744 archiepiscopum
1557 1649 1742 1724 Mediolani
1760 1661 1795 1724 et
1810 1653 1959 1747 priorem
1981 1653 2042 1728 Ca·

635 1772 783 1862 maldee,
799 1782 834 1845 et
851 1781 933 1843 tunc
948 1772 1218 1846 Mediolanenses
1232 1773 1439 1863 juraverunt
1455 1792 1535 1842 cnm
1551 1772 1790 1866 Papiensibus.

633 1883 638 1890 ’
682 1893 803 1968 MCC.
816 1897 877 1984 lll,
898 1895 1087 1968 indictione
1103 1897 1171 1978 Vl,
1188 1915 1308 1967 mense
1331 1893 1536 1988 septembri,
1555 1894 1717 1968 dominus
1737 1917 1852 1968 comes
1874 1897 1920 1970 de
1933 1899 2042 1972 Fran·

635 2019 713 2092 dela
742 2016 794 2115 (c)
818 2029 852 2090 ct
877 2017 1039 2091 dominns
1062 2018 1258 2091 Bonifatius
1286 2017 1439 2090 marchio
1462 2017 1587 2089 Montis
1608 2018 1719 2090 Ferati
1742 2029 1778 2090 et
1801 2018 1877 2091 dux
1902 2021 2042 2096 Venetia

632 2151 799 2238 ceperunt
820 2143 1145 2238 Constantinopolim
1166 2139 1325 2215 etlilium
1350 2140 1565 2235 imperatoris
1586 2141 1697 2235 ipsius
1718 2141 1887 2234 civitatis,
1908 2151 1944 2214 et
1960 2153 2041 2216 tunc

631 2273 704 2337 erat
731 2273 934 2349 coronatus;
971 2263 1130 2357 sequenti
1163 2283 1366 2335 semanno
1396 2261 1500 2349 obiit,
1529 2271 1564 2334 et
1592 2261 1727 2335 levatus
1758 2263 1824 2336 luit
1853 2285 1967 2337 comes
1997 2265 2041 2338 de

627 2385 806 2460 Frandela.

678 2513 724 2584 M.
742 2510 803 2582 CC.
820 2509 875 2581 tv.
897 2507 1082 2580 Placentini
1105 2507 1239 2580 iverunt
1259 2507 1296 2578 in
1315 2507 1495 2581 servitium
1515 2507 1735 2601 Papiensium
1760 2509 1796 2579 in
1819 2507 2040 2603 expeditione

628 2635 717 2706 facta
735 2632 831 2728 apud
846 2633 1029 2705 Valenzam
1043 2629 1087 2702 de
1103 2652 1221 2704 mense
1232 2630 1351 2724 junio,
1371 2631 1517 2703 Foloone
1534 2629 1668 2702 Radino
1684 2639 1719 2701 et
1737 2631 1925 2704 Fraucesco
1940 2632 2040 2704 exis-

629 2757 782 2830 tentibus
802 2754 1022 2844 consulibus;
1044 2764 1078 2827 et
1095 2775 1138 2827 eo
1159 2775 1271 2844 anno,
1296 2753 1333 2824 in
1355 2773 1476 2826 eorum
1495 2753 1695 2844 consulatu,
1721 2753 1844 2826 seditio
1867 2753 1933 2825 luit
1953 2755 2040 2828 inter

629 2880 808 2954 dominum
827 2879 1026 2974 episcopum
1047 2889 1080 2950 et
1105 2879 1236 2952 clerum
1254 2877 1425 2950 Placentia
1439 2885 1474 2948 et
1492 2896 1674 2948 commune
1691 2875 1871 2948 occasione
1892 2876 2038 2951 duarum

628 3002 775 3076 millium
794 3003 958 3074 librarum
983 3023 1072 3096 quas
1093 3003 1159 3096 ipsi
1182 3001 1342 3074 consules
1362 3001 1407 3073 ab
1426 3000 1477 3073 eis
1493 2999 1655 3095 petebant
1672 3021 1734 3094 pru
1752 2999 1909 3072 subsidio
1932 3000 2039 3074 debiti

631 3127 824 3201 communis
840 3125 1017 3215 solvendi,
1042 3123 1139 3218 qnod
1160 3135 1242 3196 tunc
1262 3132 1335 3196 erat
1351 3124 1430 3196 xvt
1452 3123 1545 3195 milia
1564 3123 1743 3194 librarum.
1765 3121 1859 3206 Quas
1878 3122 2038 3196 dominus

628 3249 812 3346 episcopus
826 3256 861 3320 et
877 3249 989 3320 clerus
1008 3248 1178 3320 Placentia
1194 3245 1278 3320 dare
1291 3255 1550 3336 recusaverunt,
1571 3255 1606 3318 et
1622 3247 1669 3319 ob
1684 3245 1723 3319 id
1735 3254 1834 3319 esua
1847 3245 2037 3319 districtum

627 3373 797 3446 Placentia
814 3371 986 3444 exierunt.

676 3495 801 3572 MCC.
815 3497 857 3587 V,
874 3495 1064 3568 indictione
1079 3495 1168 3587 Vlll,
1187 3495 1224 3566 in
1239 3495 1420 3567 consulatu
1436 3491 1575 3564 Alnaldi
1590 3492 1718 3583 Stricti,
1738 3491 1862 3564 Accrbi
1880 3493 1925 3566 dc
1942 3493 2037 3566 Fon-

627 3633 725 3714 tnna,
745 3619 862 3693 Oberli
880 3617 925 3691 de
939 3619 1023 3691 Vico
1041 3619 1186 3710 Iustino,
1207 3617 1338 3690 Alberti
1356 3615 1607 3704 conlauouerii,
1625 3615 1791 3687 Iohannis
1807 3613 1852 3687 de
1870 3616 2033 3706 Fontana,

627 3745 780 3820 Nicholai
796 3743 841 3815 de
856 3741 996 3826 Audito,
1013 3744 1094 3815 Sani
1108 3741 1226 3832 Surdi,
1240 3749 1349 3812 castra
1364 3739 1410 3812 de
1427 3739 1516 3810 Seno
1534 3745 1569 3809 et
1583 3737 1629 3810 de
1643 3737 1817 3809 Canurxio
1829 3737 1943 3809 levata
1959 3737 2032 3809 lue·

627 3878 709 3942 runt
722 3877 757 3940 et
770 3866 871 3938 fossis
887 3863 1120 3952 circumdata,
1135 3861 1309 3936 Bernardo
1322 3861 1513 3934 Pasturellu
1530 3860 1700 3932 existente
1712 3859 1914 3930 camerario.

675 3991 722 4063 M.
738 3989 801 4062 CC.
814 3991 877 4075 Vl,
901 3987 1089 4060 indictione
1105 3987 1213 4077 Vllll,
1239 3985 1275 4055 in
1296 3985 1477 4057 consulatu
1494 3982 1659 4056 Iohannis
1680 3981 1726 4054 de
1742 3981 1837 4054 Pado
1861 3990 1896 4053 et
1919 3981 2036 4052 sociu-

625 4134 721 4203 rum,
738 4119 774 4184 et
789 4112 940 4183 Falcone
963 4111 1085 4182 Pormo
1104 4107 1274 4181 existente
1295 4107 1499 4196 camerario,
1521 4099 1664 4201 leva[ta]
1680 4103 1746 4174 luit
1763 4103 1865 4175 turris
1881 4103 1926 4175 de
1946 4103 2035 4175 Seno

626 4233 671 4306 de
686 4233 805 4329 pedris
818 4231 895 4328 (stc)
913 4231 1042 4319 crudis,
1060 4239 1095 4304 et
1113 4239 1262 4304 castrum
1279 4227 1468 4322 delegato
1486 4229 1551 4299 fuit
1568 4235 1741 4299 muratum
1764 4235 1800 4298 et
1823 4225 1972 4299 linitum.
1984 4225 2034 4297 Eo

668 4405 711 4488 (n)
732 4405 781 4468 Sic
793 4423 846 4484 pro
857 4402 1009 4467 Flondriu.

660 4747 697 4821 (t)
716 4745 890 4806 Levandredi
900 4747 936 4806 nt
947 4743 1041 4820 juillet.
