4594 6066
818 627 861 690 ru
884 626 1026 690 rranrn
1050 624 1200 688 onsrrs
1322 583 1336 592 ’
1657 615 1718 678 aar

299 764 394 836 illins
407 763 559 836 civitatis
574 783 678 836 omne
689 761 819 836 malum
836 763 929 858 cepit
945 763 1057 835 iacere
1075 773 1193 833 contra
1206 765 1337 855 partem
1354 754 1486 853 populi.
1504 753 1589 826 Cum
1600 761 1718 832 auten

298 887 452 982 quodam
475 886 588 960 disin
608 887 752 960 consilio
774 887 880 960 vellet
906 895 1046 982 pontem
1068 885 1154 958 Padi
1174 882 1354 976 guarcine,
1374 879 1506 954 dictum
1528 889 1562 951 et
1583 879 1719 952 concio·

299 1022 420 1084 natum
434 1013 500 1083 luit
516 1033 630 1084 coram
645 1033 688 1084 eo
704 1011 831 1107 inipso
847 1011 993 1084 consilio
1007 1009 1104 1106 quod
1121 1017 1272 1105 potestas
1288 1006 1409 1103 populi
1427 1013 1462 1080 et
1476 1003 1635 1078 consules
1658 1023 1720 1100 po·

299 1137 375 1232 puli
390 1146 522 1210 tantum
544 1137 659 1232 ipsum
683 1145 823 1230 pontem
852 1135 1054 1230 guarnirent
1079 1133 1126 1206 ad
1143 1155 1263 1206 eornm
1280 1132 1495 1204 voluntatem
1512 1129 1588 1201 sine
1604 1127 1720 1222 requi·

299 1260 425 1334 sitione
438 1261 617 1356 potestatis
631 1269 667 1334 et
682 1261 828 1333 aliorum
846 1286 855 1332 ε
873 1261 972 1356 quod
995 1259 1099 1332 valde
1116 1257 1294 1354 displicuit
1311 1255 1377 1351 ipsi
1397 1253 1556 1350 potestati
1572 1261 1608 1325 et
1630 1252 1722 1325 dixit

300 1386 464 1458 omnibus
476 1385 670 1458 astantibus
687 1413 696 1456 :
713 1409 731 1454 n
744 1385 915 1458 Demissic
931 1384 1037 1456 michi
1047 1383 1143 1456 venit
1155 1407 1188 1475 n,
1201 1390 1236 1454 et
1248 1380 1585 1453 contravoluntatem
1602 1379 1721 1472 populi

302 1510 368 1584 ivit
384 1511 432 1583 ad
453 1511 618 1596 standum
640 1511 679 1582 in
700 1510 803 1584 domo
830 1511 1005 1584 Guillelmi
1032 1509 1146 1582 clerici
1165 1518 1204 1579 ut
1229 1515 1345 1604 posset
1369 1505 1503 1579 facilius
1521 1526 1602 1578 cum
1629 1504 1721 1576 mili·

302 1634 396 1707 tibus
414 1635 510 1729 loqui
532 1645 567 1708 et
595 1635 726 1708 malum
749 1636 879 1730 populo
903 1643 1061 1706 tractare.
1089 1633 1140 1704 llli
1163 1653 1246 1706 vero
1269 1631 1314 1704 de
1336 1629 1465 1726 populo
1492 1629 1552 1723 qui
1578 1630 1613 1700 in
1637 1628 1723 1702 civi·

301 1767 409 1832 tatem
425 1759 654 1848 intraverant,
675 1779 745 1832 non
764 1758 947 1832 cessabant
968 1759 1124 1830 laborare
1143 1755 1239 1849 quod
1260 1755 1308 1826 illi
1323 1754 1369 1827 de
1385 1753 1513 1827 Audito
1533 1753 1643 1826 etalii
1661 1753 1722 1848 qui

303 1893 403 1955 extra
418 1883 628 1956 Placentiam
643 1881 760 1956 adbuc
775 1890 889 1969 erant,
909 1880 1063 1954 redirent
1075 1881 1121 1955 ad
1136 1880 1286 1975 propria,
1300 1877 1460 1951 iaciendo
1476 1875 1548 1950 lieri
1562 1877 1723 1951 omnibus

302 2004 527 2078 societatibus
557 2015 593 2078 et
618 2003 779 2078 omnibns
807 2005 970 2099 paratieis
997 2013 1108 2077 cartas
1134 2011 1330 2096 astestatas,
1349 2003 1440 2076 sicot
1464 2002 1515 2076 eis
1544 2001 1721 2098 placebat,

302 2128 401 2224 qnod
416 2151 539 2203 omues
557 2129 718 2203 venirent
734 2127 772 2200 iu
791 2128 966 2202 civitatem
982 2137 1017 2200 et
1037 2127 1083 2200 de
1104 2128 1199 2200 omni
1215 2129 1331 2200 banno
1355 2125 1636 2216 extraherentur;
1655 2147 1725 2220 que

311 2253 539 2326 instrumenta
562 2252 761 2327 detulerunt
780 2252 940 2348 potestati
959 2253 1076 2348 populi
1098 2261 1133 2324 et
1157 2253 1357 2326 consulibus
1384 2251 1517 2348 populi.
1545 2251 1646 2325 Unde
1670 2251 1725 2322 vi·

304 2375 393 2450 deus
412 2377 479 2449 boo
496 2385 646 2472 potestas
664 2377 782 2473 populi
800 2378 880 2450 lecit
897 2378 1080 2451 consilinm
1094 2377 1232 2474 populi,
1253 2387 1289 2449 et
1306 2376 1434 2473 placuit
1450 2376 1613 2449 omnibus
1632 2375 1726 2450 nullo

307 2497 567 2573 contradicente
601 2499 698 2594 quod
731 2520 854 2572 omnes
883 2498 1036 2594 redirent
1072 2501 1109 2571 in
1140 2499 1328 2573 civitatem.
1356 2498 1456 2573 Unde
1481 2508 1640 2594 parentes
1671 2497 1730 2604 sui

305 2623 477 2696 miserunt
493 2643 555 2718 pro
573 2621 638 2695 eis.
660 2622 736 2708 Quo
751 2622 872 2696 audito
892 2623 1118 2696 incontinenti
1135 2623 1299 2698 dontinus
1316 2621 1501 2696 cardinalis
1518 2621 1728 2696 Octavianus

305 2745 343 2818 in
361 2745 484 2840 vigilia
506 2745 607 2818 beate
622 2745 730 2820 Maria
745 2744 791 2818 de
814 2767 936 2820 mense
953 2747 1073 2820 marcii
1089 2747 1246 2834 recessit,
1267 2755 1300 2818 et
1310 2747 1396 2820 Nata
1413 2746 1599 2821 associavit
1613 2745 1727 2842 ipsum

305 2870 484 2966 usquead
502 2871 665 2944 Montale.
681 2871 726 2942 Et
742 2892 825 2943 cum
844 2872 972 2946 rediret
989 2883 1141 2968 potestas
1160 2894 1281 2946 versus
1298 2871 1491 2965 civitatem,
1513 2871 1604 2946 vidit
1620 2891 1728 2966 prope

305 2995 421 3069 Mosae
440 2995 517 3068 illos
536 2993 582 3068 de
601 2992 731 3068 Anditc
746 3016 826 3068 cum
849 2995 1016 3070 banderia
1039 2997 1099 3092 qui
1118 2997 1326 3091 veniebant,
1346 3005 1381 3070 et
1402 3017 1564 3070 reversus
1584 2993 1727 3068 domum

305 3117 535 3192 incontinenti
557 3119 639 3192 iecit
661 3119 845 3192 consilium
867 3119 987 3192 volens
1012 3119 1195 3216 probibere
1215 3141 1260 3194 ne
1277 3121 1453 3211 venirent,
1470 3129 1505 3194 et
1528 3119 1650 3194 volens
1665 3141 1728 3216 po·

305 3261 390 3314 nere
411 3249 538 3314 terram
563 3239 610 3314 ad
636 3261 829 3332 rumorem,
856 3241 954 3314 venit
978 3241 1024 3316 ad
1046 3243 1230 3316 consilium
1259 3253 1411 3318 armatus
1437 3265 1518 3317 cum
1545 3243 1728 3318 dextrariis

307 3363 520 3460 cobopertis,
541 3371 577 3436 et
594 3363 820 3438 incontinenti
848 3387 929 3438 curu
952 3367 1134 3440 consilium
1154 3367 1259 3442 nollet
1276 3369 1389 3442 iacere
1405 3369 1618 3473 voluntatem
1637 3371 1727 3462 ejus,

309 3489 385 3584 ipse
401 3487 594 3562 ascendens
612 3510 741 3582 equum
759 3487 823 3562 ivit
845 3511 907 3586 per
926 3489 1100 3564 civitatem
1117 3501 1271 3565 armatus
1287 3500 1322 3566 et
1339 3513 1411 3568 non
1429 3493 1563 3568 invenit
1577 3492 1729 3588 aliquem

307 3621 502 3686 secutorem
526 3611 572 3686 ad
590 3613 667 3705 ejus
685 3611 875 3704 maliciam3
901 3615 1000 3688 etita
1019 3615 1130 3687 exivit
1153 3615 1358 3692 decivitate
1379 3625 1414 3690 et
1435 3619 1586 3692 recessit.
1606 3619 1649 3692 Et
1670 3642 1728 3694 ce·

308 3737 440 3809 lebratc
459 3735 519 3809 die
539 3737 644 3827 festo,
665 3735 890 3810 incontinenti
916 3748 1123 3832 congregato
1144 3740 1287 3813 consilio
1311 3741 1347 3812 in
1369 3742 1491 3836 majori
1512 3745 1659 3818 ecclesia
1682 3743 1730 3818 ad

309 3881 432 3932 vocem
458 3861 636 3955 elegerunt
662 3859 829 3932 Ubartum
859 3861 905 3933 de
930 3861 1106 3956 Niqnitate
1136 3862 1173 3934 in
1200 3871 1401 3958 potestatem
1431 3868 1625 3941 communis
1651 3869 1728 3943 Pla·

310 3983 438 4075 oentie3
460 3981 621 4056 nundum
637 3981 826 4056 exiverunt
844 3983 972 4056 milites
986 3984 1031 4056 de
1049 3985 1200 4059 civitate.
1221 3987 1289 4074 Qui
1300 3989 1431 4081 juravit
1448 3991 1561 4066 facere
1575 3993 1729 4088 regimen

311 4105 463 4180 civitatis
481 4105 654 4204 usquead
672 4105 841 4182 kalendas
861 4109 1012 4202 januarii
1030 4131 1110 4182 cnm
1122 4110 1301 4204 judicibus
1316 4121 1352 4188 et
1372 4114 1538 4189 militibus
1562 4116 1730 4192 ordinatis

328 4228 495 4302 instatutc
513 4250 594 4302 cum
613 4228 716 4303 leode
735 4231 770 4304 M
788 4227 983 4329 libra[rum]
1001 4231 1304 4336 Placentina[rum]
1322 4237 1389 4312 sibi
1408 4237 1579 4316 ordinato.

360 4353 399 4424 ln
418 4353 578 4448 proximo
599 4375 718 4428 mense
732 4357 989 4452 semptembris,
1010 4358 1068 4432 die
1086 4359 1180 4452 j0vis
1195 4361 1289 4434 Xllll
1307 4362 1474 4438 kalendas
1491 4366 1731 4461 semptembris

312 4475 464 4572 pmximi
484 4477 644 4572 preterito
660 4475 734 4576 (l),
756 4477 903 4552 Obentus
921 4480 1151 4554 Pellavicinus
1165 4495 1315 4581 potestas
1331 4487 1496 4561 Cremone
1513 4492 1731 4586 congregatis

314 4671 534 4682 n—-u—-a—-u
540 4673 720 4684 ...ηις-..ιμ-

347 4767 386 4841 (t)
404 4767 443 4827 Le
455 4771 490 4827 ll
504 4769 553 4828 des
562 4769 692 4830 kdendes
707 4771 741 4831 de
755 4773 909 4848 septembre
922 4777 969 4848 (49
981 4773 1055 4850 acdt)
1069 4775 1182 4834 tombait
1194 4793 1230 4836 un
1243 4778 1372 4839 vendredi
1383 4795 1418 4839 en
1429 4783 1509 4842 libo.
1528 4783 1601 4843 Nona
1611 4801 1731 4860 pensem
