4594 6066
627 675 688 737 230
1102 667 1345 730 CHRONICON
1369 668 1423 729 bu
1446 667 1574 729 uncus

627 811 826 884 viveremus
842 831 850 876 ε
865 804 1028 879 videlicet
1044 805 1080 876 in
1099 803 1332 878 concedendis
1349 805 1467 896 terris,
1494 803 1615 877 castris
1641 810 1676 876 et
1699 804 1810 894 vitiis,
1829 806 2041 900 parentalis,

629 932 856 1028 dignitatibus
884 938 919 1001 st
946 927 1124 1004 beneficiis
1149 939 1184 1002 et
1208 930 1371 1002 omnibus
1398 929 1475 1002 aliis
1504 931 1607 1022 juxta
1637 925 1896 1022 dispositionem
1924 951 2039 1023 suam,

628 1067 783 1153 preterea
804 1055 947 1148 antiqua
968 1053 1013 1126 de
1032 1053 1202 1125 maritima
1221 1051 1272 1149 (a)
1293 1053 1390 1148 regni
1413 1053 1520 1126 nostri
1542 1052 1669 1124 Sicilie.
1693 1055 1736 1128 Et
1751 1053 1847 1148 quod
1866 1053 2044 1128 Conradus

628 1191 663 1254 et
680 1180 847 1252 Henricus
865 1177 1009 1274 predicti
1031 1175 1091 1248 filii
1111 1178 1216 1250 nostri
1234 1187 1404 1250 eteorum
1422 1177 1570 1250 heredes
1590 1177 1794 1272 omniaque
1818 1179 1936 1251 iecerit
1948 1178 2044 1252 firma

629 1313 663 1378 et
677 1314 751 1377 rata
766 1313 906 1376 teneant
919 1311 954 1374 et
969 1302 1164 1375 observent.
1186 1303 1270 1374 Item
1286 1301 1508 1374 concedimus
1526 1309 1561 1373 et
1575 1299 1819 1372 confirmamus
1837 1301 1930 1375 dicto
1943 1303 2045 1376 Man-

629 1430 727 1503 ircdo
745 1428 816 1501 filio
833 1439 949 1501 nostro
972 1427 1204 1523 principatum
1224 1428 1384 1518 Tarenti,
1405 1427 1567 1500 videlieet
1588 1447 1610 1499 a
1626 1435 1721 1521 porta
1737 1427 1851 1500 Roseti
1869 1449 1980 1522 usqne
2000 1429 2045 1502 ad

630 1563 743 1628 ortum
770 1553 921 1625 iiuminis
938 1551 1134 1626 Berondani
1155 1549 1203 1648 (b)
1219 1573 1298 1623 cum
1315 1551 1535 1623 comitatibus
1559 1550 1686 1623 Montis
1703 1550 1864 1641 Caveosi,
1885 1553 2045 1625 Tricarici

630 1689 666 1754 et
686 1679 852 1764 Gravius,
870 1687 973 1772 prout
991 1675 1174 1748 comitatus
1192 1675 1267 1770 ipse
1287 1673 1503 1770 protenditur
1521 1674 1567 1750 ad
1583 1675 1790 1748 maritimam
1809 1685 1899 1748 terre
1914 1677 1991 1749 Rari
2003 1677 2048 1770 (c)

630 1823 743 1898 usque
765 1801 983 1874 Poliniannm
1010 1809 1044 1871 et
1064 1799 1179 1894 ipsum
1201 1798 1418 1871 Poiinianum
1437 1821 1517 1871 cum
1534 1799 1634 1872 terris
1652 1799 1813 1871 omnibus
1831 1822 1852 1872 a
1870 1799 2047 1873 Poiiniano

631 1949 693 2023 per
716 1933 822 1998 totam
848 1923 1056 1996 maritimam
1080 1943 1192 2016 usque
1223 1921 1268 1994 ad
1294 1921 1420 1994 dictam
1451 1931 1586 2018 portam
1610 1923 1742 2014 Roscii,
1770 1923 1899 1997 scilicet
1926 1924 2046 1998 civita·

630 2049 741 2138 tibus,
763 2047 883 2120 castris
904 2055 940 2118 et
964 2045 1056 2116 villis
1079 2045 1169 2117 infra
1192 2046 1398 2140 contemptis
1415 2067 1495 2118 curn
1521 2045 1683 2117 omnibus
1702 2047 1847 2138 justitiis
1872 2047 2045 2141 pertinen-

631 2172 724 2244 tibus
749 2179 784 2244 et
808 2169 971 2242 omnibus
994 2167 1184 2240 rationibus
1212 2177 1281 2240 tam
1311 2169 1421 2264 ipsius
1446 2169 1660 2266 principatus
1688 2191 1796 2264 qnam
1823 2170 2045 2243 comitatuum

630 2295 877 2394 predictorum.
904 2291 1132 2364 Concedimus
1158 2291 1262 2364 etiam
1292 2291 1406 2366 eidem
1432 2294 1608 2366 civitatem
1634 2293 1760 2366 Montis
1785 2293 1900 2366 Sancti
1925 2291 2044 2388 Angeli

631 2442 712 2494 cum
731 2426 802 2490 toto
814 2417 944 2488 honore
962 2436 1039 2507 suo,
1056 2415 1218 2487 omnibus
1237 2415 1449 2508 civitatibus,
1471 2416 1605 2506 castris,
1623 2415 1728 2508 viliis,
1745 2418 1857 2504 terris,
1873 2417 2044 2511 pertinen·

632 2543 705 2634 tiis,
728 2540 871 2635 justitiis
894 2548 928 2611 et
954 2539 1148 2612 rationibus
1170 2537 1333 2613 omnibus
1358 2541 1472 2614 eidem
1489 2541 1612 2614 honori
1627 2540 1897 2636 pertinentibus,
1922 2541 2046 2614 scilicet
2159 2567 2165 2576 ·

631 2689 702 2763 que
723 2665 768 2736 de
791 2662 952 2737 demanio
976 2664 1012 2734 in
1031 2663 1231 2735 demanium
1257 2673 1291 2737 et
1314 2685 1385 2758 que
1409 2662 1454 2737 de
1473 2664 1622 2738 servicio
1648 2664 1685 2736 in
1706 2665 1899 2738 servitium.
1920 2662 2044 2738 Conce-

633 2788 749 2862 dimns
763 2789 866 2860 etiam
883 2797 918 2859 et
933 2785 1112 2858 firmamus
1127 2787 1239 2859 eidem
1257 2787 1427 2882 quicquid
1443 2787 1509 2860 sibi
1526 2789 1561 2859 in
1580 2787 1726 2883 imperio
1739 2795 1826 2861 esta
1842 2797 1958 2861 nostra
1973 2811 2045 2862 ma-

630 2915 754 3009 jestate
771 2933 994 3002 concessum
1016 2910 1064 2982 ita
1084 2920 1197 2982 tamen
1216 2910 1313 3004 quod
1332 2911 1486 3006 predicta
1513 2911 1631 2984 omnia
1651 2919 1766 2984 teneat
1781 2921 1817 2984 ot
1830 2921 2048 3006 recognoscat

633 3058 698 3133 pro
713 3035 869 3109 Conrado
886 3033 956 3106 filio
979 3044 1096 3106 nostro
1110 3029 1174 3130 (d).
1197 3035 1280 3106 Item
1295 3035 1479 3107 statuimus
1492 3034 1589 3130 qnod
1600 3033 1803 3108 Fredericus
1817 3057 1926 3132 nepos
1938 3045 2049 3110 noster

635 3161 762 3234 babeat
782 3159 929 3232 ducatus
949 3156 1088 3229 Ansbie
1105 3167 1140 3230 et
1156 3155 1268 3253 Styrie
1291 3179 1379 3252 quos
1398 3179 1419 3230 a
1438 3159 1572 3252 prefato
1595 3157 1752 3231 Conrado
1774 3167 1889 3232 teneat
1904 3169 1940 3232 et
1957 3181 2048 3234 reco-

636 3293 791 3378 gnoscat.
815 3281 877 3353 Cui
902 3279 1085 3353 Frederico
1107 3280 1307 3374 judicamus
1331 3281 1405 3354 dari
1433 3301 1496 3376 pro
1521 3279 1595 3352 suis
1620 3281 1784 3375 expensis
1810 3281 1935 3356 decem
1959 3284 2047 3356 mitia

636 3408 759 3479 uncias
775 3406 862 3478 auri.
883 3405 968 3476 ltern
987 3405 1169 3477 statuimus
1186 3415 1223 3476 ut
1242 3405 1412 3477 Heoricus
1430 3402 1522 3476 filius
1534 3413 1649 3477 noster
1662 3404 1789 3476 habeat
1806 3425 1954 3500 rognum
1969 3404 2048 3480 Are·

637 3534 765 3604 latensc
788 3531 843 3603 vel
867 3510 1013 3623 regnum
1031 3529 1374 3620 Jerusalemitanum,
1393 3549 1542 3622 quorum
1567 3529 1713 3601 aiterum
1736 3527 1851 3602 dictus
1876 3528 2050 3604 Conradus

637 3657 807 3752 prefatum
824 3653 1011 3725 Henricum
1033 3651 1163 3724 habere
1182 3650 1343 3725 voluerit.
1364 3651 1426 3722 Cui
1442 3651 1590 3725 Henrico
1604 3651 1804 3744 judicamus
1822 3651 1939 3727 dariC
1961 3655 2049 3728 milia

638 3779 761 3850 uncias
788 3777 877 3850 auri.
906 3772 1010 3872 [item
1038 3775 1223 3846 statuimus
1249 3783 1287 3845 ut
1311 3775 1336 3848 C
1361 3774 1457 3847 milia
1486 3774 1668 3847 unciarum
1689 3773 1786 3874 auri]
1811 3777 2050 3873 expendantur

639 3921 703 3997 pro
720 3901 832 3971 salute
856 3899 970 3970 anime
998 3906 1113 3969 nostre
1142 3897 1178 3967 in
1200 3895 1397 3970 subsidium
1421 3897 1524 3970 Terre
1545 3899 1669 3972 Sancte
1693 3899 1887 3972 secundum
1913 3899 2047 3975 ordina·

639 4023 769 4096 tionem
794 4021 878 4095 dicti
907 4018 1055 4093 Conradi
1077 4028 1113 4094 et
1137 4021 1286 4092 aliorum
1317 4021 1485 4092 nobilium
1512 4023 1843 4114 crucesignatorum.
1874 4025 1961 4098 Item
1987 4033 2048 4098 sta·

640 4147 769 4218 tuimus
790 4142 886 4239 quod
906 4143 1022 4216 omnia
1047 4143 1138 4216 bona
1164 4143 1284 4215 militie
1311 4142 1437 4217 domus
1458 4145 1591 4241 Templi
1613 4167 1685 4242 que
1704 4145 1803 4220 curia
1823 4155 1941 4222 nostra
1965 4157 2048 4222 tenu

640 4269 863 4343 restituantur
880 4265 1011 4355 eidem,
1028 4288 1070 4362 eu
1085 4268 1215 4342 soitioet
1233 4289 1302 4362 que
1315 4267 1361 4342 de
1367 4270 1447 4362 jure
1469 4268 1599 4344 debent
1616 4271 1754 4346 habere.
1775 4273 1859 4346 Item
1874 4273 2049 4346 statuimus

681 4465 724 4546 (a)
745 4469 802 4544 Ap.
817 4467 904 4528 Perta
912 4471 1014 4544 preter
1025 4465 1149 4546 uatiqw
1162 4462 1311 4546 minuam,
1327 4471 1412 4526 recte.

683 4571 724 4652 (b)
746 4573 804 4649 Ap.
820 4573 906 4633 Peru
919 4567 1075 4631 Brandooi
1082 4613 1091 4645 ‚
1105 4577 1194 4631 reete.

683 4675 723 4758 (c)
747 4677 805 4754 Ap.
816 4679 903 4740 Pmtz
915 4695 936 4736 a
948 4676 1100 4738 maritimo
1115 4683 1190 4738 terro
1203 4675 1286 4750 dard,
1302 4683 1388 4737 recte

683 4779 726 4860 (ab
749 4783 794 4842 lbi
808 4783 952 4861 quasdam
967 4782 1084 4845 desunt.
1101 4781 1148 4843 Gi.
1164 4781 1279 4857 Purra,
1294 4782 1425 4845 Monam.
1443 4780 1537 4846 omn
1550 4779 1631 4860 dict,
1647 4783 1776 4860 t.1v,p.
1791 4791 1860 4844 ³58.
