4594 6066
595 593 654 654 196
1074 599 1313 663 CHRONICON
1335 599 1388 658 DE
1413 597 1540 659 nenos

593 729 831 804 comburendo
845 742 980 824 segetes
994 744 1030 807 et
1045 737 1121 812 loca
1138 734 1417 824 circumstancia,
1438 743 1566 804 turrem
1589 731 1701 825 plebis
1716 730 1862 804 Potenze
1886 730 2009 824 diruit,

592 854 785 948 equitando
803 878 917 951 usque
937 859 1031 931 intus
1048 863 1225 935 castellum
1248 858 1420 934 Carmiani
1440 866 1475 930 et
1491 857 1643 950 burgum
1662 855 1851 948 Rivalgarii
1868 857 2012 929 combu-

591 987 719 1051 rentes.
741 979 875 1054 Deinde
890 991 1152 1058 castrametatus
1167 995 1220 1058 est
1237 1005 1344 1078 snpra
1361 981 1520 1055 Treviam
1540 1001 1603 1076 per
1620 977 1776 1051 medium
1789 979 1959 1076 Ripaltam
1977 988 2013 1054 et

591 1100 847 1172 combuxerunt
859 1101 1011 1196 burgum
1028 1107 1163 1200 Ripalte
1181 1118 1216 1179 et
1237 1107 1329 1179 eirca
1352 1104 1579 1177 Novelianum
1603 1111 1638 1175 et
1656 1123 1719 1197 per
1737 1101 2009 1194 Valdeluretam,

591 1221 721 1295 deiude
747 1235 962 1299 revertentes
983 1231 1213 1304 castrametati
1238 1228 1380 1302 suntin
1405 1226 1563 1322 partibus
1586 1225 1702 1298 Sancti
1725 1225 1883 1297 Naboris.
1914 1225 2013 1298 Com·

589 1344 769 1419 buxerunt
785 1349 972 1446 Septimum
988 1363 1023 1425 et
1040 1354 1209 1438 Quartum
1226 1361 1260 1424 et
1275 1351 1445 1424 Plectulas
1467 1359 1502 1423 et
1528 1351 1656 1422 multas
1674 1349 1798 1422 domos
1823 1349 1912 1422 inira
1927 1370 2011 1422 eon·

589 1466 686 1542 finia.
707 1471 841 1546 Deinde
867 1476 1099 1550 castrametati
1118 1486 1199 1550 sunt
1222 1474 1321 1572 apud
1339 1477 1453 1548 locum
1481 1474 1527 1547 de
1544 1473 1644 1545 Turni
1668 1472 1791 1546 domos
1816 1481 1852 1545 et
1878 1481 2013 1566 segetes

589 1591 828 1686 devastantes3
846 1596 974 1672 deinde
1000 1600 1096 1694 apud
1121 1611 1261 1696 pontem
1278 1599 1405 1696 lapidis
1429 1598 1536 1670 Nurie
1559 1619 1664 1692 quem
1686 1597 1874 1670 Placentini
1895 1598 2012 1669 muni-

587 1725 711 1788 verant
739 1719 917 1814 peditibus
935 1731 970 1794 et
995 1722 1198 1815 balisteriis;
1229 1723 1319 1794 circa
1336 1721 1496 1793 Tercinm
1518 1719 1677 1792 homines
1699 1719 1761 1812 qui
1787 1727 1886 1790 erant
1906 1739 2013 1812 super

587 1837 685 1910 illum
706 1851 847 1936 pontem
872 1855 1011 1941 recepta
1036 1845 1187 1918 fidancia
1212 1845 1441 1919 reddiderunt
1466 1844 1564 1914 illum
1588 1842 1663 1934 regi
1691 1843 1752 1936 qui
1774 1841 2011 1914 fortitudinem

588 1985 694 2057 quam
709 1964 898 2038 Placentini
915 1967 965 2040 ibi
988 1969 1139 2041 fecerant
1158 1970 1274 2041 statim
1298 1966 1484 2042 destruxit.
1503 1966 1547 2037 Et
1568 1965 1605 2036 in
1628 1965 1714 2037 sesto
1733 1965 1826 2037 beati
1844 1963 2011 2036 Antonini

587 2085 714 2160 milicie
731 2089 823 2181 regis
837 2099 1050 2164 revertentes
1066 2115 1129 2188 per
1151 2093 1389 2188 episcopatum
1406 2111 1519 2185 usque
1536 2089 1572 2160 in
1585 2089 1828 2162 Potentianum
1844 2097 2013 2184 ceperunt

587 2229 751 2302 magnam
770 2211 905 2306 cupium
927 2213 1109 2287 hominum
1124 2225 1159 2288 et
1180 2216 1391 2306 bestiarum
1413 2215 1502 2286 inter
1526 2235 1614 2308 quus
1641 2222 1764 2308 captus
1784 2212 1850 2283 luit
1869 2212 1930 2284 illo
1953 2210 2012 2285 die

586 2330 742 2427 Philipus
758 2333 976 2430 Codeporcus
988 2357 1051 2430 per
1066 2335 1177 2410 filium
1190 2338 1363 2412 Guilielmi
1383 2337 1428 2410 de
1445 2335 1575 2410 Audito
1593 2335 1654 2430 qui
1666 2335 1777 2407 inscio
1794 2357 1876 2430 rege
1895 2337 2011 2432 ipsum

586 2456 754 2550 suspendi
780 2459 862 2530 iecit
881 2480 943 2553 per
968 2461 1117 2552 gullam,
1148 2463 1195 2534 ita
1218 2460 1315 2556 quud
1342 2461 1449 2548 obiit,
1468 2460 1548 2534 ideo
1574 2460 1658 2555 quia
1685 2461 1846 2531 conscius
1871 2468 2013 2532 steterat

586 2575 707 2646 mortis
737 2575 916 2670 quondam
942 2579 1128 2650 Ianuncini
1151 2580 1198 2652 de
1229 2579 1372 2652 Audito.
1394 2579 1563 2670 Sequenti
1588 2599 1675 2649 vero
1700 2577 1759 2649 die
1780 2586 2006 2652 recesserunt.

586 2697 776 2792 Imperator
797 2697 855 2771 die
876 2699 1052 2774 dominico
1074 2703 1167 2775 Vllll
1190 2701 1319 2773 mensis
1333 2701 1412 2794 julii
1432 2701 1529 2773 venit
1545 2699 1748 2772 Cremonam
1766 2697 2012 2794 ordinavitque

586 2820 635 2892 ibi
654 2841 760 2914 quam
778 2822 896 2916 plures
915 2824 1043 2896 milites
1069 2823 1161 2918 fieri,
1179 2825 1311 2897 seilicet
1328 2823 1418 2898 lilios
1442 2823 1565 2897 lenoni
1585 2822 1631 2896 de
1652 2820 1779 2895 Audito
1800 2831 1836 2894 et
1850 2823 1949 2895 alios.
1967 2824 2012 2894 Et

586 2941 671 3017 inde
696 2953 849 3018 semotus
874 2967 954 3018 cum
977 2969 1059 3041 rege
1083 2947 1241 3022 Conrado
1266 2947 1337 3021 filio
1363 2969 1427 3021 auo
1450 2956 1485 3021 et
1508 2969 1637 3041 magna
1665 2945 1815 3018 militum
1847 2946 2012 3019 comitiva

586 3068 727 3162 Papiam
754 3071 937 3164 equitavit.
962 3073 1096 3145 Interea
1119 3072 1212 3145 filins
1230 3073 1323 3166 regis
1344 3071 1489 3144 Castelle
1513 3072 1673 3165 quicum
1692 3090 1734 3141 eo
1749 3078 1823 3140 erat
1836 3069 1924 3162 fugit
1940 3069 2011 3143 lle·

587 3191 781 3265 diolanum.
806 3195 850 3266 Et
874 3195 958 3269 inde
980 3205 1131 3270 semotus
1158 3195 1347 3268 Taurinum
1373 3195 1554 3289 equitavit.
1581 3193 1701 3266 Statim
1725 3215 1843 3266 comes
1870 3193 2011 3266 Savolie

412 3349 424 3380 ο
490 3344 560 3379 vem·
587 3336 667 3388 eum
685 3319 880 3412 reverentia
902 3317 909 3415 Ι
930 3321 1026 3394 venit
1048 3320 1096 3394 ad
1120 3342 1222 3411 eum;
1245 3327 1400 3415 preterea
1424 3317 1578 3391 marchio
1608 3316 1825 3391 ltlontitierati
1853 3315 2011 3388 obedivit

587 3441 634 3513 ei.
655 3441 786 3514 Interea
806 3443 842 3513 in
860 3444 1006 3516 coneilio
1022 3445 1176 3538 generali
1199 3443 1399 3516 elericorum
1427 3449 1635 3536 congregato
1663 3440 1759 3536 apud
1785 3439 2010 3534 Lugudinnm

588 3563 751 3638 dominus
768 3568 976 3662 apostolicus
999 3577 1077 3663 post
1102 3567 1284 3640 dilationes
1309 3569 1437 3639 multas
1463 3567 1562 3639 datas
1587 3564 1785 3660 imperatori
1803 3562 2005 3654 Frederioo,

589 3699 709 3761 eontra
730 3711 811 3762 eum
832 3691 1041 3764 sentenciam
1058 3692 1278 3786 promulgare
1294 3689 1444 3763 volebat.
1466 3688 1583 3763 ludex
1596 3687 1733 3760 Tadeus
1751 3707 1864 3760 coram
1880 3707 2010 3782 papam

589 3813 753 3886 assistens
783 3813 945 3886 inducias
972 3835 1036 3910 pro
1065 3814 1270 3909 imperatore
1298 3812 1449 3909 petebat.
1477 3812 1698 3908 Apostolieus
1726 3831 1810 3883 vero
1838 3809 2005 3882 dicebat:

593 3937 750 4010 «Veniat
766 3937 929 4010 dominus
946 3947 1040 4010 tuus.
1061 3939 1284 4036 »Respondit
1297 3939 1411 4032 judex
1428 3937 1566 4010 Tadeus
1581 3935 1701 4008 dicens
1717 3954 1853 4028 semper
1870 3959 1880 4002 ε
1905 3956 1923 4000 a
1940 3933 2009 4004 lle·

589 4059 674 4132 niet.
692 4084 710 4128 n
731 4060 870 4134 Interim
885 4061 943 4135 die
960 4061 1010 4160 (a)
1025 4072 1152 4136 statuto
1172 4063 1247 4160 ipse
1265 4063 1474 4158 apostolicus
1490 4061 1526 4132 in
1549 4060 1625 4154 ipso
1645 4056 1790 4130 coneilio
1807 4064 1926 4128 contm
1941 4053 2008 4126 im·

592 4193 783 4278 peratoram
800 4187 918 4260 statuit
933 4189 1134 4261 sententiam
1145 4189 1376 4284 promulgare,
1388 4183 1502 4279 judex
1514 4203 1599 4256 vero
1609 4179 1747 4256 Tadeus
1762 4179 1853 4252 dixit
1868 4177 2008 4251 domino

592 4329 681 4404 pape
700 4317 740 4382 ut
765 4309 921 4403 differet,
942 4333 1052 4406 quum
1079 4313 1138 4385 illa
1162 4311 1238 4388 dies
1266 4332 1338 4406 qua
1365 4310 1475 4404 ipsam
1493 4306 1705 4380 sentenciam
1729 4302 1859 4375 tullerit
1884 4301 2008 4397 poterit

634 4587 677 4668 (a)
700 4589 735 4651 In
749 4591 849 4654 cedtce
869 4600 1008 4655 exuatur
1029 4595 1126 4656 littera
1139 4593 1161 4654 d
1167 4638 1175 4668 ,
1190 4594 1292 4656 additu
1314 4593 1444 4672 quadam
1467 4591 1570 4652 notula
1590 4605 1667 4668 quse
1685 4587 1790 4666 galline
1811 4584 1919 4646 dicttur
1934 4598 2005 4661 apo-

592 4694 717 4776 strophe.
