4554 6080
633 617 695 678 288
1111 621 1352 682 GllllOIlllCObl
1375 623 1427 682 nn
1451 621 1580 682 nunus

633 752 680 826 de
696 753 792 826 Valle
808 753 891 826 Geni
909 763 944 827 et
961 755 1052 826 Tarii
1076 754 1135 830 die
1153 757 1236 829 lune
1254 757 1362 829 XVIII
1377 759 1505 830 mensis
1523 756 1642 828 marcii
1659 756 1741 828 illuc
1758 757 2002 852 equitaverunt
2014 771 2050 832 et

633 876 716 950 dato
735 886 865 950 sturmo
883 878 932 949 illi
947 880 1024 952 loco
1043 901 1104 974 per
1121 879 1235 974 girum
1253 879 1346 976 ipsos
1369 881 1430 976 qui
1455 881 1492 952 in
1513 881 1589 974 Ipso
1605 880 1681 952 loco
1701 889 1799 952 erant
1825 890 1991 977 ceperunt
2013 893 2049 955 ct

632 999 897 1088 iuterfecerunt,
915 1009 950 1072 et
965 1003 1041 1074 loeo
1057 1003 1237 1076 combusto
1256 1003 1303 1076 ad
1322 1003 1472 1076 Itocbam
1487 1001 1591 1074 Bardi
1608 1011 1799 1075 carceratos
1815 1001 1995 1076 duxerunt
2014 1016 2049 1077 et

633 1123 759 1194 multos
775 1143 884 1216 equos
898 1133 933 1196 et
948 1145 1056 1218 equas
1072 1125 1117 1198 de
1135 1127 1240 1198 armis
1253 1127 1467 1216 habuerunt,
1485 1137 1520 1198 et
1540 1127 1678 1198 luerunt
1700 1125 1829 1219 captivi
1849 1127 1908 1198 LX
1921 1127 2048 1200 milites

633 1253 668 1318 et
690 1247 747 1317 alii
765 1247 896 1342 pedites
912 1249 1025 1320 multi.
1050 1250 1091 1320 In
1109 1251 1269 1344 proximo
1287 1271 1407 1324 manse
1430 1250 1547 1322 marcii
1574 1249 1736 1322 dominus
1760 1249 1901 1322 Bossius
1918 1248 1962 1323 de
1977 1253 2047 1324 Dn-

631 1370 728 1443 varia
749 1391 828 1442 cum
844 1372 999 1444 maximo
1017 1371 1178 1446 thesauro
1192 1374 1303 1445 exivit
1319 1373 1364 1446 de
1380 1373 1495 1446 Rocba
1511 1379 1546 1444 et
1561 1371 1626 1444 lvit
1639 1373 1809 1444 Veronam
1832 1393 1894 1467 pro
1912 1373 2046 1445 baben·

632 1490 689 1564 dis
702 1492 868 1564 militibus
886 1494 922 1564 in
943 1493 1132 1568 offensione
1150 1495 1300 1568 civitatis
1320 1495 1504 1585 Cremona,
1525 1504 1560 1566 et
1576 1493 1700 1566 stando
1718 1493 1765 1564 ibi
1781 1493 1939 1587 privatim
1953 1493 2046 1566 misit

631 1615 759 1688 milites
782 1639 864 1690 snos
889 1617 935 1690 de
958 1619 1065 1714 Papia
1088 1619 1277 1692 assoldatos
1299 1618 1345 1692 ad
1364 1619 1514 1692 Ilocbam
1542 1617 1605 1689 nbi
1629 1617 1839 1711 relinquerat
1866 1617 2045 1690 domiuum

631 1739 813 1812 Cavalcam
828 1739 873 1814 de
884 1739 1017 1814 Amatis
1025 1745 1100 1816 Ioco
1117 1744 1172 1816 sui
1190 1753 1229 1814 ot
1246 1751 1397 1838 preesset
1413 1742 1481 1814 illis
1492 1741 1537 1814 de
1552 1741 1680 1814 Ilochn.
1690 1741 1790 1814 Unde
1804 1763 1883 1812 cum
1900 1741 2044 1834 predicti

631 1861 755 1934 milites
775 1863 861 1935 clam
885 1874 1001 1936 essent
1017 1866 1083 1954 ibi,
1103 1865 1148 1938 de
1171 1866 1265 1939 dIcto
1293 1887 1412 1938 mense
1440 1885 1577 1937 summo
1604 1885 1704 1936 mane
1727 1863 1841 1934 emisit
1865 1861 1911 1934 de
1925 1863 2043 1934 llocba

631 1987 796 2060 somerios
813 1987 1035 2082 ponderatos3
1055 2009 1144 2082 quos
1165 1989 1325 2062 videntes
1345 1989 1394 2059 illi
1413 1987 1459 2060 de
1476 1997 1568 2060 mota
1585 2009 1655 2082 que
1678 1988 1869 2082 appellatur
1893 1995 2042 2056 castrum

631 2109 843 2182 Gualterium
856 2112 959 2183 sitnm
968 2113 1071 2204 juxta
1082 2111 1232 2184 llocbam
1243 2134 1304 2208 per
1313 2112 1402 2184 duas
1414 2117 1555 2207 sytatas,
1568 2118 1728 2204 putantes
1737 2109 1936 2178 thesaurum
1950 2127 2039 2196 esse,

631 2233 816 2306 exiverunt
833 2233 878 2305 de
902 2243 1015 2306 castro
1036 2244 1076 2305 nt
1093 2233 1258 2306 haberent
1277 2235 1373 2306 illud.
1396 2236 1447 2305 Illi
1466 2253 1549 2306 vero
1569 2231 1615 2304 de
1631 2229 1747 2303 Rocba
1768 2227 1927 2302 videntes
1949 2229 2042 2323 Ipsos

630 2355 771 2445 longea
790 2363 1011 2445 resonasse,
1033 2356 1219 2428 cxlvernnt
1233 2357 1279 2428 de
1296 2355 1411 2428 llocba
1432 2365 1466 2426 et
1487 2361 1697 2450 possuerunt
1722 2374 1760 2424 sc
1784 2353 1872 2424 inter
1896 2353 1990 2446 ipsos
2007 2361 2043 2424 et

631 2487 781 2550 castrum
801 2488 835 2550 et
857 2478 1022 2572 impetum
1044 2480 1207 2551 iacientes
1230 2480 1266 2550 in
1289 2499 1349 2552 eos
1370 2479 1498 2550 multos
1516 2477 1736 2564 occiderunt,
1752 2485 1787 2547 et
1804 2475 1903 2546 multi
1930 2475 2041 2546 necati

630 2609 712 2673 suut
729 2602 763 2670 in
782 2599 922 2670 llumine
936 2601 1027 2692 Ogii,
1042 2611 1076 2671 et
1095 2601 1242 2672 LXXVII
1258 2607 1424 2694 ceperunt
1439 2619 1528 2692 quos
1545 2598 1660 2669 statim
1677 2597 1847 2668 Veronam
1862 2595 2041 2668 conduxe-

629 2733 711 2794 runt
727 2731 933 2812 carceratos;
952 2732 987 2794 et
1004 2723 1174 2795 XXXVIII
1196 2725 1232 2795 in
1246 2724 1350 2796 carris
1366 2722 1492 2795 mortui
1511 2720 1674 2793 conducti
1692 2721 1822 2792 suntin
1839 2719 2040 2792 Cremonam

629 2847 691 2919 ubi
705 2847 771 2918 luit
789 2868 936 2940 magnus
949 2847 1050 2918 lletus
1065 2857 1100 2918 et
1115 2845 1241 2919 stridor
1260 2849 1416 2940 gentium
1428 2843 1490 2942 (a).
1512 2847 1592 2918 Plns
1604 2844 1697 2917 enim
1716 2867 1736 2916 a
1753 2843 2041 2916 Cremonensibus

628 2968 823 3040 intrinsecis
840 2969 978 3040 timetur
995 2969 1136 3041 Bossius
1156 2978 1338 3064 postquam
1359 2968 1405 3042 dn
1420 2967 1536 3040 Rocba
1558 2966 1670 3038 exivit
1688 2987 1794 3059 quam
1810 2964 1952 3058 quando
1967 2974 2041 3037 crat

628 3091 789 3164 inllocba
807 3118 815 3161 :
836 3093 956 3164 tIment
968 3092 1061 3164 enirn
1079 3113 1159 3164 eum
1178 3113 1223 3164 ne
1237 3094 1331 3186 ipsos
1343 3113 1390 3164 ex
1408 3091 1597 3186 Improviso
1610 3111 1690 3162 cum
1707 3088 1874 3160 militibus
1887 3088 2039 3162 Theolo-

627 3216 713 3286 nIcis
730 3215 878 3310 decipiat
898 3225 933 3287 et
945 3215 1089 3288 aufferat
1100 3215 1151 3287 als
1167 3223 1305 3286 terram.

674 3341 721 3412 M.
740 3340 803 3412 CC.
824 3340 990 3430 LXVIIII,
1011 3339 1199 3410 indictione
1219 3339 1299 3426 IIII,
1322 3336 1381 3410 die
1405 3335 1578 3409 dominico
1604 3335 1725 3408 ultimo
1748 3337 1878 3408 mensis
1897 3335 2035 3428 marcii,

623 3463 745 3536 audita
773 3474 854 3535 sunt
871 3463 1021 3534 tonitrua
1040 3462 1076 3532 in
1097 3465 1103 3551 l
1125 3461 1210 3534 orbe
1234 3472 1415 3534 terrarum.
1434 3460 1554 3534 Comes
1575 3458 1743 3532 Ilizardus
1768 3457 1814 3531 de
1835 3459 1960 3554 Anglia
1976 3460 2038 3554 qui

624 3587 761 3660 dudum
776 3586 821 3660 de
835 3587 1013 3660 voluntate
1029 3585 1179 3658 Ecclesie
1197 3585 1329 3658 electus
1346 3593 1419 3658 erat
1436 3606 1500 3657 rex
1516 3585 1747 3656 Romanorum
1760 3603 1894 3677 percos
1910 3583 2038 3677 quibus

624 3719 756 3804 spectat
780 3709 918 3798 olectIo,
946 3707 1132 3780 transmisit
1159 3708 1289 3780 litteras
1321 3707 1478 3802 potestati
1499 3707 1634 3779 Verono
1661 3715 1697 3778 ct
1721 3705 1896 3778 communi
1924 3705 2037 3778 eonti-

624 3843 745 3906 nentes
758 3833 806 3906 ila
825 3859 834 3902 ε

675 3955 876 4028 allinardns
890 3956 953 4027 Dei
971 3956 1081 4048 gratia
1096 3955 1325 4038 Romanorum
1347 3975 1413 4027 rex
1434 3974 1570 4048 semper
1588 3963 1771 4046 augustus,
1785 3951 1934 4046 egregiis
1952 3951 2036 4028 viris

624 4083 664 4154 ll.
680 4081 725 4154 de
737 4080 881 4152 Castello
898 4079 1030 4150 Barcbo
1046 4079 1205 4173 potestati
1217 4079 1365 4170 Vonone,
1378 4077 1561 4150 Ubertode
1573 4077 1704 4149 Tabula
1718 4077 1838 4168 maJ'ori
1855 4075 2036 4172 capitaneo

623 4205 756 4300 populi,
776 4203 923 4279 blastino
941 4203 985 4275 de
1002 4203 1110 4275 Scalis
1125 4203 1281 4298 potestati
1299 4210 1539 4292 mercatorum,
1557 4199 1724 4288 ancianis,
1741 4199 1885 4273 consilio
1898 4209 1932 4271 et
1945 4221 2036 4271 eom·

624 4329 721 4400 muni
733 4330 868 4400 Veronc
882 4327 1016 4400 dilectis
1033 4326 1170 4400 devotis
1182 4326 1256 4398 suis
1268 4325 1413 4420 gratiam
1432 4334 1581 4398 suamet
1598 4325 1794 4397 benivolam
1812 4324 2031 4397 voluntatem.

622 4451 813 4546 Prescripta
831 4449 913 4522 fidei
932 4459 1047 4524 vestre
1062 4449 1207 4522 devocio
1226 4471 1296 4543 qua
1309 4448 1452 4523 Romani
1469 4447 1576 4522 decus
1594 4447 1729 4544 imperii
1750 4447 1860 4520 colitis
1877 4457 1912 4518 et
1930 4445 2035 4519 deco·

661 4717 704 4796 (a)
727 4717 791 4793 Sic,
806 4719 1003 4780 verislmlllter
1016 4716 1156 4781 deultum.
