4534 6074
773 601 816 662 tlt
844 599 987 662 trullo
1011 595 1164 661 (lastis.
1614 589 1674 662 133,

253 735 391 828 aliqum
406 735 452 810 de
466 734 630 810 sodetate
647 734 716 808 late
733 745 815 808 sunt
830 735 1012 810 occasione
1027 752 1152 830 guerre
1174 738 1209 803 ot
1226 725 1398 803 disoordie
1417 747 1480 800 sen
1502 723 1675 800 disoordie

256 853 425 944 Eoolesie,
435 853 473 924 in
485 852 620 924 irritum
630 855 1099 932 dednoantur.Possessiones
1107 875 1195 950 qaas
1204 851 1445 946 unnsquisque
1456 849 1501 922 de
1513 849 1675 922 societate

253 985 336 1050 ante
347 985 488 1071 tempus
496 995 621 1070 guerre
628 975 723 1067 juste
733 976 874 1050 tenebat
884 977 915 1048 si
929 998 993 1072 per
1003 978 1076 1049 vim
1090 985 1170 1048 sunt
1182 977 1296 1050 ablate
1308 975 1354 1048 ab
1362 974 1429 1045 biis
1442 971 1504 1067 qni
1515 993 1584 1045 non
1593 979 1676 1044 sunt

253 1098 484 1192 desooietate,
493 1099 746 1172 sinelructibus
754 1109 789 1173 et
799 1099 950 1194 dampno
958 1098 1197 1186 restituantur,
1208 1097 1266 1169 vel
1275 1096 1304 1168 si
1314 1094 1673 1188 easreenpernverint‚

254 1223 374 1318 quieta
390 1223 606 1318 possideant,
624 1223 692 1296 nisi
704 1245 768 1320 par
781 1225 908 1298 eleetos
924 1223 1070 1296 arbitros
1082 1221 1128 1295 ad
1141 1220 1373 1314 cognitionem
1388 1218 1557 1312 regalium
1576 1217 1676 1290 nobis

254 1347 490 1439 assignentur.
510 1345 655 1442 Opizoni
678 1347 870 1421 marchioni
892 1368 1031 1420 omnem
1059 1345 1225 1418 offensam
1244 1365 1350 1438 qnam
1373 1341 1473 1414 nobis
1490 1341 1549 1413 vel
1572 1340 1676 1413 alieni

254 1481 372 1544 nostre
390 1469 499 1565 partie
527 1470 609 1542 lenit
631 1481 816 1566 postquam
843 1473 880 1543 in
906 1470 1069 1542 societate
1093 1469 1176 1558 luit,
1203 1489 1265 1564 per
1289 1488 1328 1539 se
1356 1466 1413 1538 vel
1437 1486 1499 1561 per
1523 1464 1676 1559 aliquam

256 1613 440 1690 personam
474 1615 555 1666 oum
590 1593 754 1666 societate
783 1594 842 1666 vel
876 1591 1096 1666 defendendo
1128 1592 1278 1686 aliquem
1312 1588 1358 1662 de
1391 1588 1554 1661 societate
1589 1588 1673 1682 ista,

255 1715 426 1812 imperiali
445 1715 627 1790 elementia
654 1737 717 1812 per
736 1737 798 1790 noe
820 1726 856 1789 et
877 1725 1030 1789 nostram
1060 1724 1193 1812 partem
1218 1711 1415 1786 remisimus
1441 1723 1476 1784 et
1501 1711 1538 1782 in
1563 1713 1676 1808 pleni·

255 1839 415 1914 tudinem
445 1839 555 1934 gratie
583 1849 699 1912 nosne
723 1861 804 1912 enm
831 1839 1037 1934 recipimns;
1067 1858 1132 1909 neo
1158 1857 1220 1932 per
1249 1856 1313 1908 nos
1336 1855 1402 1906 neo
1432 1856 1495 1928 per
1520 1835 1677 1930 interpo-

255 1962 358 2036 sitam
376 1983 561 2058 personam
581 1961 627 2034 de
644 1960 811 2058 predictis
835 1961 976 2034 offensis
998 1959 1065 2032 sibi
1089 1959 1148 2030 vel
1171 1958 1259 2052 parti
1277 1957 1387 2052 ipsius
1405 1958 1558 2052 aliquam
1584 1959 1677 2032 infe·

255 2107 374 2160 ramus
411 2085 578 2159 lesionem
606 2085 664 2158 vel
693 2085 918 2158 uenationem.
949 2082 1112 2180 Amplius
1149 2102 1226 2154 eam
1258 2079 1532 2172 jurisdictionem
1570 2101 1677 2174 quam

256 2207 535 2284 Mediolanenses
564 2229 727 2282 exercere
755 2217 1011 2281 consueverunt
1038 2206 1075 2278 in
1105 2204 1268 2278 comitatu
1293 2202 1405 2298 Serpii
1434 2200 1498 2298 (o)
1522 2211 1557 2276 et
1581 2204 1677 2276 llar-

257 2341 387 2406 taxans
400 2341 436 2404 et
452 2332 620 2426 burgario
634 2341 669 2404 ot
681 2331 718 2404 iu
731 2331 807 2404 allis
821 2331 1055 2418 eomitatibus,
1073 2329 1229 2424 exceptis
1247 2327 1332 2400 loeis
1349 2348 1419 2421 que
1431 2327 1678 2422 Pergamenses

257 2449 364 2522 modo
381 2471 447 2543 pro
469 2469 653 2522 commune
669 2459 788 2523 tenent
804 2451 894 2524 inter
907 2449 1071 2525 Adduam
1089 2459 1124 2522 et
1148 2450 1281 2539 Olinm,
1302 2459 1336 2520 et
1354 2460 1501 2542 excepto
1524 2452 1678 2524 Romano

256 2570 372 2644 Veteri
391 2581 428 2644 et
453 2573 600 2646 Bariano
617 2582 652 2646 et
671 2594 748 2646 eam
772 2595 844 2668 que
862 2572 967 2646 modo
991 2581 1173 2666 exeroant,
1195 2573 1304 2646 libere
1328 2583 1363 2645 et
1388 2573 1505 2668 quiete
1527 2572 1678 2646 habeant

256 2701 293 2768 et
316 2693 519 2789 possideant
544 2694 620 2769 sine
642 2695 841 2770 eonditione
865 2705 983 2770 nostra
1007 2706 1043 2770 et
1065 2717 1305 2769 suceessorum
1330 2705 1541 2790 nostrornm,
1572 2697 1679 2770 salvis

258 2815 351 2890 datis
371 2827 411 2890 et
424 2819 539 2914 pactis
556 2829 592 2892 et
609 2819 892 2895 oonoessionibus
915 2819 964 2919 (b)
987 2821 1025 2893 in
1047 2841 1112 2893 sno
1130 2821 1254 2892 roboro
1276 2819 1484 2892 durantibus
1505 2843 1575 2917 qne
1598 2823 1678 2896 lle-

259 2938 478 3014 diolanenees
506 2963 570 3038 per
598 2965 784 3020 commune
818 2945 974 3018 leoernnt
1012 2943 1211 3016 civitatibus
1239 2943 1416 3038 Pergami,
1440 2943 1577 3037 Laude,
1604 2947 1678 3020 No·

257 3064 375 3156 raris,
395 3087 463 3138 neo
485 3075 624 3162 propter
647 3066 739 3142 bano
766 3069 1023 3142 mnoessionem
1044 3068 1216 3160 ledentur,
1243 3088 1309 3140 neo
1331 3067 1443 3139 ullum
1469 3066 1530 3140 liat
1554 3069 1678 3164 preju-

258 3186 384 3260 ditium
404 3189 476 3280 juri
501 3199 561 3262 aut
579 3191 822 3264 eonsuetudini
837 3192 984 3285 alicujus
1006 3192 1157 3266 eivitatie
1174 3191 1365 3283 societatis,
1388 3213 1454 3266 nee
1470 3193 1604 3288 aliquid
1617 3194 1678 3286 jus

258 3310 459 3406 aequiratur
483 3312 518 3384 in
539 3312 786 3388 detrimentum
809 3307 956 3408 alicujus
976 3315 1125 3388 civitatis
1150 3315 1323 3388 societatis
1347 3325 1484 3410 propter
1504 3313 1677 3410 predictas

257 3434 511 3507 eoncessiones.
540 3435 643 3510 Paota
669 3437 759 3510 inter
787 3437 943 3512 civitates
969 3435 1016 3534 (c)
1040 3437 1212 3511 societatis
1240 3436 1387 3511 condam
1416 3439 1506 3512 faeta
1529 3437 1676 3511 nichilo·

257 3555 376 3628 minus
411 3555 511 3630 lirma
542 3568 579 3630 ot
601 3569 676 3633 rata
701 3569 943 3656 permaneant,
971 3581 1037 3633 neo
1066 3559 1201 3654 aliquid
1230 3559 1440 3652 intelligatur
1468 3561 1677 3655 acquisitum

258 3679 577 3755 Mediolanensibus
609 3683 647 3753 in
679 3683 880 3780 episcopatu
908 3683 1082 3758 Laudensi
1111 3691 1252 3778 propter
1287 3684 1361 3776 jam
1395 3683 1506 3756 dietas
1534 3705 1678 3758 eonces-

257 3802 391 3895 siones,
408 3805 508 3880 salvo
528 3806 608 3897 jure
630 3806 941 3883 Mediolanensium
967 3827 1058 3900 aque
1080 3805 1217 3879 Lambri
1234 3807 1264 3879 si
1288 3805 1375 3902 qnid
1397 3806 1527 3878 habent
1551 3807 1588 3879 in
1611 3827 1678 3903 pe-

259 3926 376 4022 dagio.
396 3929 525 4002 Omnes
549 3931 594 4003 de
612 3931 775 4004 societate
794 3931 856 4026 qui
874 3927 1074 4002 fidelitatem
1090 3929 1192 4003 nobis
1212 3931 1381 4022 jurabant
1405 3929 1441 4000 in
1462 3941 1677 4004 sacramento

258 4048 435 4123 fidelitatis
463 4052 627 4146 adjicient
647 4051 653 4151 Ι
676 4053 773 4150 qnod
802 4054 1035 4150 possessiones
1060 4062 1096 4126 et
1117 4054 1199 4146 jura
1225 4075 1294 4149 que
1320 4075 1384 4127 nus
1407 4053 1444 4125 in
1471 4053 1678 4131 [omberdia
1710 4079 1866 4128 murres·

257 4171 430 4244 habemns
444 4183 480 4244 et
496 4177 716 4267 possidemus
730 4186 831 4248 extra
853 4178 1069 4266 societatem,
1085 4176 1261 4268 juvabunt
1277 4199 1341 4251 nos
1353 4179 1444 4251 bona
1466 4176 1538 4252 fide
1553 4201 1678 4254 manu-

259 4297 377 4364 tenere
391 4291 422 4362 si
438 4313 528 4387 opus
544 4295 667 4389 luerit,
688 4305 723 4369 et
743 4317 850 4393 snper
867 4297 934 4371 boo
952 4319 1013 4394 per
1029 4319 1092 4372 nos
1109 4302 1166 4372 rel
1184 4309 1316 4372 oertnm
1337 4301 1505 4374 nuneium
1523 4311 1676 4377 nostrum

302 4461 345 4542 (a)
366 4467 427 4542 Ap.
442 4467 526 4528 Pertz
539 4469 648 4548 Seprii.

303 4567 345 4649 (b)
367 4572 424 4634 illu
437 4573 656 4638 etnbnndatln
670 4577 783 4639 codiee.
822 4633 825 4640 .

303 4673 341 4754 (a)
367 4677 404 4738 ln
418 4679 518 4741 eodles
530 4681 673 4757 stainam
686 4683 808 4746 addltnr
819 4684 1113 4764 oompendllslgnum
1121 4686 1200 4748 male
1212 4702 1395 4765 expressum.
