4594 6066
848 705 890 764 llll
914 703 1055 764 luatis
1079 703 1232 766 cussis.
1689 699 1745 762 161

328 835 444 908 ablata
473 837 525 909 eis
552 823 787 909 dominatione
804 833 853 932 (a)
874 835 920 909 de
946 838 1086 911 civitate
1112 835 1258 932 expulit.
1288 833 1409 906 Statim
1432 831 1637 906 introductis
1660 833 1748 904 mili·

328 960 423 1033 tibus
447 960 510 1054 qui
534 969 634 1034 extra
659 981 721 1054 per
748 959 986 1056 episcopatum
1010 961 1233 1033 morabantur
1253 957 1468 1047 incivitate,
1492 954 1589 1029 dedit
1610 957 1661 1029 eis
1686 975 1748 1051 per

327 1091 534 1179 potestatem
548 1085 758 1180 Reynerium
779 1085 909 1156 Zenum
927 1083 973 1156 de
988 1085 1145 1158 Venetia.
1161 1082 1299 1156 Exinde
1318 1080 1506 1154 Placentini
1519 1079 1662 1154 rebelles
1682 1079 1749 1151 im-

327 1195 477 1302 peratori
495 1209 645 1280 luerunt.

377 1329 513 1402 Deinde
533 1331 720 1426 imperator
740 1329 869 1403 direxit
888 1329 1004 1402 comiti
1024 1329 1207 1404 Gaboardo
1234 1329 1297 1425 qui
1319 1328 1356 1400 in
1371 1327 1484 1400 Ytalia
1507 1347 1569 1422 pro
1591 1347 1633 1399 eo
1654 1327 1749 1418 lega·

330 1454 460 1526 tionem
476 1454 669 1546 obtinebat,
686 1454 865 1550 epistolam
883 1455 1115 1527 continentem
1130 1454 1178 1526 ita
1196 1453 1461 1544 :ulredericue
1477 1453 1541 1524 Ilei
1557 1452 1667 1546 gratia
1680 1452 1748 1524 Ro·

329 1597 513 1650 manorum
530 1577 716 1672 imperator
732 1600 871 1675 semper
889 1587 1072 1673 augustus,
1087 1577 1276 1651 Jerusalem
1289 1586 1324 1648 et
1338 1577 1453 1650 Sicilie
1469 1599 1550 1665 rex,
1567 1575 1749 1648 Gsboardo

330 1700 377 1774 de
400 1701 604 1774 Hemestem
622 1700 669 1797 (b)
694 1700 789 1774 fideli
814 1723 879 1775 suo
898 1703 1043 1796 gratiam
1061 1725 1161 1776 suam
1188 1711 1223 1775 et
1245 1721 1348 1775 omne
1372 1701 1516 1774 bonum.
1543 1699 1692 1772 Ylariter
1716 1709 1751 1774 et

329 1823 483 1919 benigne
514 1825 709 1920 recepimus
733 1833 794 1898 tue
821 1825 1016 1898 devotionis
1041 1827 1171 1898 litteras
1193 1834 1310 1898 nostro
1331 1825 1474 1896 culmini
1499 1823 1689 1897 destinatas
1716 1833 1751 1896 et

330 1970 451 2022 earum
467 1956 621 2021 tenorem
645 1949 881 2020 intelleximus
898 1948 1102 2044 diligenter,
1123 1948 1219 2043 quod
1236 1947 1475 2020 continebatur
1488 1947 1524 2019 in
1542 1949 1593 2020 eis
1612 1968 1751 2020 rumore

330 2082 431 2144 tenus
447 2071 517 2145 dici
541 2091 605 2168 per
620 2072 860 2145 lombardiam
886 2073 982 2165 quod
1001 2073 1090 2144 iacta
1107 2071 1247 2144 Austris
1270 2093 1334 2143 nos
1360 2070 1511 2144 debeant
1528 2072 1751 2165 personaliter

329 2196 491 2268 retinere.
516 2195 664 2267 Noveris
677 2205 712 2268 et
728 2195 817 2267 scire
835 2194 939 2267 facias
953 2196 1133 2268 universos
1159 2195 1353 2290 quodlicet
1372 2195 1433 2266 llll
1455 2194 1628 2266 exercitus
1649 2193 1753 2267 ordi-

329 2303 529 2390 naverimus
552 2319 589 2389 in
616 2317 790 2390 Austriam
818 2319 1104 2409 transmittentes,
1134 2317 1377 2391 nichilominus
1402 2339 1482 2390 cum
1505 2317 1661 2391 maximo
1685 2339 1752 2412 po·

329 2449 464 2514 tentalu
487 2439 534 2536 (c)
552 2440 610 2514 die
632 2441 771 2514 veneris
793 2441 841 2512 xl
863 2442 992 2514 mensis
1017 2443 1185 2536 presentis
1208 2442 1287 2536 julii
1318 2442 1364 2514 ab
1386 2441 1545 2537 Augusta
1571 2462 1751 2515 movemus

330 2563 475 2637 feliciter
504 2573 616 2636 castra
643 2573 778 2654 nostra,
801 2585 924 2636 versus
949 2565 1100 2638 lltaliam
1130 2565 1289 2640 felicibus
1321 2565 1486 2661 auspiciis
1514 2573 1748 2660 properantes.

330 2688 427 2760 Scias
444 2688 590 2784 insuper
605 2687 702 2783 quod
720 2709 784 2784 pro
802 2688 1015 2761 exercitibus
1034 2689 1147 2761 missis
1161 2689 1197 2760 in
1209 2689 1398 2778 Austriam,
1418 2687 1547 2761 nedum
1565 2687 1662 2782 quod
1678 2689 1752 2760 mi-

330 2821 472 2885 noratus
494 2812 541 2884 sit
565 2833 733 2884 numerus
756 2813 906 2883 militum
932 2833 1012 2884 cum
1042 2813 1173 2908 quibus
1195 2811 1298 2908 Alpes
1325 2811 1561 2906 disposuimus
1585 2833 1752 2908 prospera

331 2944 422 3008 sorte
435 2935 595 3026 transire,
614 2935 721 3007 immo
739 2935 860 3030 pocius
874 2936 984 3008 crevit
1002 2944 1040 3007 ut
1057 2945 1173 3032 pateat
1189 2935 1362 3008 universis
1380 2944 1510 3009 tentam
1524 2932 1661 3032 imperii
1676 2957 1753 3010 esse

331 3059 522 3154 potentiam
541 3057 640 3152 quod
665 3057 822 3131 diversos
844 3059 1020 3130 exercitus
1039 3059 1151 3131 lacere
1165 3059 1339 3154 possimus
1362 3069 1397 3132 et
1415 3059 1554 3134 habere.
1576 3061 1626 3133 Tu
1646 3061 1753 3154 igitur

331 3203 412 3255 cum
428 3181 595 3276 premisse
608 3181 757 3254 ¹militum
774 3181 939 3254 comitiva
955 3181 1122 3254 innostro
1136 3181 1285 3254 servicio
1299 3183 1500 3255 conforteris
1513 3181 1578 3279 (d),
1596 3192 1631 3256 et
1647 3184 1750 3256 etiam

330 3325 401 3400 que
418 3314 575 3379 nostrum
596 3315 633 3378 et
649 3305 786 3400 imperii
807 3304 973 3377 honorem
996 3301 1056 3402 [et]
1078 3304 1325 3378 exaltationem
1348 3315 1588 3400 promoveant,
1610 3305 1750 3378 studeas

329 3449 513 3518 exercere,
542 3429 678 3502 lelicem
709 3427 901 3501 adventum
926 3437 1081 3502 nostrum
1107 3429 1144 3500 in
1171 3429 1332 3524 proximo
1361 3429 1592 3526 prestolando.
1623 3431 1748 3502 Datum

331 3561 418 3648 aput
432 3551 640 3647 Augustam,
662 3553 710 3624 Xl
724 3553 820 3646 julii,
840 3551 1027 3626 indictione
1042 3552 1132 3626 Vllll
1147 3550 1213 3647 (l).
1237 3578 1255 3622 >a

379 3676 657 3766 dccxxxvi,
675 3675 711 3747 in
731 3675 892 3770 proximo
909 3697 1029 3748 mense
1053 3675 1215 3768 augusti,
1232 3675 1416 3770 imperator
1440 3675 1642 3748 Frederious
1669 3699 1749 3750 cum

333 3791 460 3894 magno
490 3799 783 3872 Tbeutonicorum
821 3799 979 3908 exercitu
1012 3800 1182 3872 Veronam
1216 3799 1383 3890 accessit,
1413 3808 1448 3874 et
1481 3800 1565 3874 inde
1596 3812 1749 3876 semotus

371 3999 415 4082 (a)
430 4003 467 4063 ln
480 4002 582 4063 codiee
594 3997 801 4062 modestice&
810 4016 858 4076 ns,
873 3999 996 4078 parvula
1005 3999 1083 4062 lluee
1098 4015 1168 4061 oum
1183 4007 1294 4078 puncto
1306 4001 1346 4063 ad
1358 4002 1504 4082 syllabam
1517 4003 1543 4066 is
1555 4005 1603 4068 vol
1617 4006 1664 4066 eis
1676 4005 1747 4068 sub·

328 4107 408 4182 dlta;
421 4107 504 4188 quod
514 4123 583 4169 earn
595 4107 750 4168 delendam
761 4123 826 4168 esse
845 4091 1012 4188 ugnlflmt,
1025 4109 1075 4170 cul
1088 4110 1178 4170 etlam
1191 4109 1432 4172 substitundum
1440 4127 1488 4175 ne.

371 4211 413 4292 (t)
433 4213 470 4274 ln
483 4213 585 4274 eodlce
598 4210 632 4272 de
645 4213 821 4276 Hamcstem.

371 4317 409 4398 (c)
436 4321 471 4381 ln
485 4319 586 4380 codice
593 4325 763 4399 mutatu.

371 4422 415 4504 (4)
435 4425 472 4486 Iu
484 4425 586 4486 eodlce
597 4425 772 4506 consuletis

365 4709 399 4782 (4)
416 4710 454 4766 Le
468 4708 609 4768 millesime
624 4713 692 4770 4436
704 4717 747 4769 cst
757 4711 846 4786 ajoutd
857 4711 892 4770 ici
904 4729 939 4770 en
951 4712 1060 4771 chiffres
1071 4713 1197 4772 mmains.
1208 4715 1275 4774 blais
1285 4731 1321 4772 on
1333 4715 1385 4773 seit
1396 4715 1460 4789 qu'il
1471 4715 1564 4774 n'dteit
1575 4733 1625 4792 pas
1634 4719 1744 4794 d'usage

326 4806 396 4864 dans
406 4806 431 4864 b
443 4807 619 4866 chancellerie
629 4808 664 4866 de
676 4810 803 4869 Frsdtrie
816 4811 841 4869 11
854 4811 1003 4887 d'indiquer
1013 4811 1039 4870 la
1050 4811 1111 4870 dete
1122 4813 1243 4870 mnuelle
1256 4813 1323 4872 dans
1334 4814 1374 4872 les
1383 4814 1476 4872 lettres
1488 4815 1622 4874 missiles.

1542 4923 1580 4980 st
