4594 6066
787 685 828 746 ΙΝ
851 685 991 747 l'l'llblll
1015 683 1167 746 ansuis,
1626 681 1688 744 2⁴9

318 815 478 888 Exeunte
496 836 579 888 vero
603 837 721 890 mense
742 819 966 916 septembris,
986 819 1173 893 Florentiui
1191 827 1226 890 et
1243 817 1414 890 Lucenses
1429 837 1491 909 pro
1511 815 1687 888 communi

268 937 437 1012 hostiliter
448 960 528 1010 cum
550 941 714 1012 omuibus
736 963 856 1014 eorum
876 943 996 1016 amicis
1011 949 1191 1038 preparato
1211 940 1365 1013 maximo
1379 937 1536 1012 exercitu
1559 946 1688 1010 statue-

269 1070 350 1133 runt
372 1062 535 1155 guaruire
555 1063 703 1137 Mentem
722 1065 902 1155 Alcinum,
923 1075 958 1140 et
981 1088 1062 1139 cum
1080 1066 1209 1138 iuissul
1223 1073 1309 1159 aput
1327 1062 1501 1134 civitatem
1518 1064 1607 1133 Seue
1625 1060 1687 1134 de·

268 1195 461 1277 vastantes,
482 1207 598 1260 comes
617 1187 788 1262 londanus
805 1189 866 1284 qni
885 1212 948 1287 pro
970 1211 1052 1284 rege
1075 1187 1254 1262 blanlredo
1282 1209 1362 1259 cum
1380 1187 1450 1260 ΜΜ
1467 1185 1635 1258 militibus
1651 1185 1688 1256 iu

268 1307 361 1382 diota
377 1309 518 1382 civitate
543 1309 662 1384 aderat
686 1334 766 1384 cum
785 1313 907 1385 militia
925 1315 1034 1400 Sene,
1055 1313 1113 1386 die
1139 1311 1272 1384 sabbati
1298 1310 1357 1382 llll
1382 1309 1511 1382 mensis
1534 1308 1688 1382 octubris

267 1431 415 1526 prelium
435 1453 517 1504 cum
536 1433 740 1507 Florentinis
765 1444 800 1508 et
816 1436 893 1508 aliis
916 1457 1035 1508 eorum
1060 1435 1180 1507 amicis
1204 1435 1416 1529 inceperunt.
1443 1432 1628 1505 Florentiui
1654 1441 1689 1505 et

267 1573 389 1628 eorum
421 1556 522 1628 amici
549 1577 679 1654 pavore
704 1557 859 1652 porteriti
892 1560 1007 1653 lugam
1038 1560 1218 1654 pecierunt
1248 1557 1479 1651 relinquentes
1504 1555 1621 1628 omnia
1650 1555 1687 1627 in

268 1699 404 1774 campo.
423 1679 557 1752 Inimici
577 1701 661 1752 vero
677 1682 911 1775 sequebantur
926 1703 986 1754 eos
1001 1682 1198 1754 occidentes
1211 1689 1246 1753 et
1260 1682 1495 1770 vulnerantes,
1507 1699 1627 1750 eorum
1640 1699 1687 1752 ex

266 1800 397 1894 quibus
412 1812 576 1896 ceperunt
590 1803 685 1874 XXll
704 1803 812 1876 millia
829 1813 864 1878 et
876 1813 955 1878 octo
978 1804 1085 1878 millia
1101 1803 1323 1894 occiderunt,
1340 1812 1374 1876 et
1386 1809 1552 1896 ceperunt
1567 1823 1687 1874 omues

266 1923 431 1998 somarios
446 1925 509 2019 qui
523 1927 663 1998 luerunt
681 1947 824 2000 numero
836 1927 933 2000 XXX
947 1927 1040 2000 milia
1054 1923 1106 2022 (l)
1123 1936 1158 1999 et
1175 1947 1401 2022 campannam
1415 1925 1687 1998 Florentiuorum

266 2057 302 2121 et
317 2049 537 2122 Fredericum
551 2050 775 2144 Malaspinam
793 2059 828 2124 et
845 2049 1063 2124 lllanlredum
1076 2059 1111 2123 et
1129 2051 1325 2122 Muruelum
1340 2052 1460 2122 fratres
1477 2050 1552 2142 ejus
1570 2049 1632 2144 qui
1650 2049 1686 2120 iu

265 2173 466 2246 subsidium
481 2175 687 2246 Lucensium
702 2175 850 2248 iverant.

314 2295 445 2369 Eodem
464 2307 619 2392 tempore
636 2297 782 2370 Gibelini
799 2297 861 2391 qui
887 2305 986 2371 extra
1002 2299 1206 2370 Florentiam
1231 2304 1330 2368 erant
1353 2295 1577 2368 incontinenti
1600 2297 1687 2368 civi·

264 2429 369 2494 tatem
384 2421 555 2494 Placentia
571 2419 619 2516 (a)
636 2421 866 2510 intraverunt,
882 2421 1084 2516 expelentes
1101 2429 1234 2516 partem
1248 2419 1447 2492 Guellorum
1462 2416 1508 2492 de
1524 2418 1581 2490 illa
1596 2415 1687 2492 civi-

264 2552 336 2618 tate
353 2553 585 2639 ceperuntque
604 2545 639 2616 iu
655 2545 729 2640 ipsa
749 2545 889 2618 civitate
909 2545 1082 2640 Pbllipum
1099 2543 1365 2616 Vioedomiuum
1384 2541 1495 2614 civem
1514 2542 1687 2616 Placentie

264 2666 328 2760 qui
345 2677 419 2740 erat
432 2667 635 2762 capitaneus
648 2666 768 2761 populi
787 2667 974 2739 Floreucie.

314 2789 447 2862 Eodem
465 2797 619 2884 tempore
636 2797 788 2864 exeunte
811 2811 930 2863 mense
953 2789 1126 2882 octubris,
1144 2787 1320 2861 lebannes
1338 2787 1383 2862 de
1406 2786 1582 2861 Lnxiardo
1605 2810 1685 2862 cum

267 2909 344 2982 CCC
357 2911 589 2984 servientibus
597 2909 774 2984 Valletarii
792 2911 968 2986 voluntate
979 2909 1134 2985 Ubertini
1149 2909 1194 2984 de
1206 2911 1337 2984 Nuceto
1349 2910 1681 2985 intravitNuoetum.

265 3033 344 3116 Quo
359 3034 480 3108 audito
496 3034 685 3108 Placentini
709 3034 885 3108 intrinseci
908 3033 1079 3108 miseruut
1103 3035 1184 3106 illuc
1199 3033 1275 3107 000
1291 3033 1417 3107 milites
1436 3045 1470 3106 et
1493 3035 1528 3106 Μ
1552 3034 1686 3129 pedites

265 3155 415 3228 civitatis
429 3165 464 3228 et
476 3157 603 3229 multos
620 3156 667 3232 de
679 3157 880 3253 episcopatu
895 3178 975 3228 cum
993 3177 1119 3251 magno
1137 3157 1292 3230 exercitu
1303 3184 1312 3246 ;
1325 3166 1360 3230 et
1373 3155 1551 3252 preliaudo
1569 3157 1684 3252 ipsum

264 3277 395 3368 locum,
410 3278 468 3352 die
484 3279 619 3352 sabbati
632 3280 677 3354 Vl
691 3282 819 3354 mensis
835 3279 1034 3353 novembris
1050 3279 1198 3351 Anticus
1210 3279 1427 3352 Pelavicinus
1441 3289 1476 3352 et
1486 3280 1685 3354 vicecomes

264 3411 301 3474 et
314 3401 428 3474 Guido
448 3411 484 3476 et
506 3403 692 3476 Ubertinus
713 3403 931 3478 Palavicinus
949 3425 1029 3474 cum
1050 3401 1149 3474 CCCC
1172 3401 1338 3474 militibus
1359 3402 1525 3476 Cremona
1549 3411 1684 3476 etcum

265 3525 437 3598 militibus
452 3526 657 3600 extrinsecis
668 3528 840 3601 Placentie
852 3535 888 3601 et
899 3527 1129 3600 servientibus
1142 3527 1331 3600 Vallistarii
1349 3529 1504 3600 lecerunt
1516 3527 1684 3600 insultum

264 3649 303 3720 in
317 3671 390 3722 eos.
403 3649 524 3722 Statim
540 3650 730 3722 Placentini
747 3651 923 3724 intrinseci
940 3649 976 3724 iu
989 3652 1105 3744 lugam
1121 3651 1278 3724 conversi
1294 3659 1424 3724 suntet
1437 3651 1683 3746 ceperuutipsi

267 3771 458 3846 Palavicini
471 3794 550 3845 cum
560 3773 634 3846 suis
648 3793 696 3846 ex
713 3773 797 3868 ipsis
810 3772 1016 3846 Placentinis
1031 3771 1225 3845 intrinsecis
1237 3773 1363 3846 circaL
1374 3774 1498 3846 milites
1510 3773 1554 3846 de
1564 3773 1684 3848 melio·

263 3893 362 3967 ribus
387 3895 538 3969 civitatis
563 3905 598 3968 et
619 3895 709 3968 duos
735 3895 910 3968 tubatores
933 3916 1014 3968 cum
1035 3895 1128 3968 tubis
1147 3905 1183 3968 et
1204 3895 1276 3969 duo
1294 3895 1412 3968 vexila
1432 3897 1624 3970 communis
1649 3905 1684 3970 et

264 4016 356 4090 circa
376 4017 450 4090 000
467 4017 603 4112 pedites
620 4017 769 4092 civitatis
785 4026 820 4090 et
842 4019 1059 4114 episcopatus
1073 4028 1107 4092 et
1121 4019 1200 4114 plus
1218 4018 1269 4092 CC
1290 4039 1399 4114 equos
1419 4028 1453 4090 et
1475 4018 1592 4092 omnia
1609 4019 1682 4096 vic·

263 4139 370 4213 tualia
388 4149 424 4212 et
446 4139 618 4240 ballistras
645 4141 854 4232 communis;
875 4140 1117 4215 interficientes
1140 4141 1189 4214 ibi
1213 4141 1379 4216 Ubertum
1405 4141 1626 4216 Advocatum
1648 4152 1683 4216 et

261 4263 447 4336 Fuloonem
465 4265 663 4358 Gorgonum
678 4272 713 4336 et
727 4264 814 4336 alios
829 4263 947 4358 plures
959 4285 1048 4358 quos
1067 4285 1188 4338 omnes
1206 4265 1253 4340 ad
1272 4265 1422 4360 burgum
1440 4265 1624 4341 Valllstarii
1644 4266 1680 4338 in

303 4397 347 4480 (a)
368 4399 434 4475 sle,
449 4399 502 4462 sed
515 4401 581 4461 luce
594 4399 702 4461 elarius
712 4395 868 4461 Florentia.

298 4607 334 4682 (t)
352 4609 389 4668 Le
402 4607 496 4666 chime
510 4609 556 4682 qul
568 4608 659 4666 devait
669 4609 747 4666 venir
762 4611 842 4682 apres
855 4610 972 4683 triptota
984 4621 1103 4682 manque
1113 4609 1181 4666 daus
1194 4609 1260 4666 teau
1271 4609 1305 4666 de
1313 4609 1423 4668 blaesis.
1435 4611 1519 4668 Notre
1531 4608 1680 4666 manuscrit

263 4701 352 4758 donne
362 4701 396 4758 ici
407 4701 456 4759 des
466 4701 631 4760 evumtons
643 4702 824 4760 evidemmeut
839 4701 1021 4776 superesset
1034 4719 1050 4760 a
1064 4707 1119 4760 tort
1131 4703 1166 4761 de
1177 4702 1269 4778 placer
1281 4719 1316 4762 au
1328 4705 1344 4761 l
1357 4703 1468 4761 octobre
1484 4703 1509 4762 la
1525 4702 1632 4762 bataille
1643 4703 1678 4760 de

263 4798 381 4872 l’drbia,
400 4799 448 4874 qui
460 4806 507 4856 eut
520 4799 575 4858 lieu
589 4799 613 4858 le
633 4799 825 4874 lseptembre.
