4534 6074
753 654 795 715 ΙΝ
819 651 961 715 ll'dLlA
984 648 1135 714 dcsrls
1599 643 1654 705 141

231 795 458 868 noviorem
478 793 619 865 intraret
638 811 720 864 cum
735 789 858 886 paucis
880 790 910 862 si
932 789 1050 862 vellet.
1077 782 1222 856 Intravit
1236 775 1351 853 autem
1369 778 1556 874 imperator
1577 801 1657 852 cum

234 892 447 998 quibusdam
464 896 705 992 lucidiorem,
718 921 756 976 at
774 913 949 986 exercitus
966 921 1066 985 extra
1080 906 1256 982 remansit.
1266 905 1391 976 Postea
1403 923 1521 998 preses
1538 903 1658 976 Phile·

234 1027 372 1123 delphis
396 1025 443 1125 (α)
466 1027 567 1102 dedit
583 1026 617 1100 ei
642 1025 809 1098 nuncium
831 1027 892 1122 qui
914 1026 1020 1099 duxit
1038 1048 1120 1098 eum
1144 1049 1207 1119 per
1225 1037 1425 1099 montaneas
1441 1036 1476 1099 et
1492 1047 1654 1116 nemora,

234 1173 304 1224 nou
328 1151 547 1225 invenientes
563 1169 630 1246 ’per
653 1148 743 1223 duos
761 1149 838 1222 dies
860 1149 1039 1222 victualia.
1054 1149 1095 1220 ln
1115 1146 1214 1220 exitu
1231 1165 1316 1218 vero
1331 1149 1481 1217 nemoris
1505 1149 1658 1218 iuvene-

232 1284 315 1346 runt
343 1274 517 1370 quosdam
546 1274 674 1346 Grecos
699 1281 734 1346 et
756 1270 924 1347 Armenes
949 1271 1012 1367 qui
1036 1272 1088 1345 eis
1112 1269 1285 1344 dederunt
1312 1268 1399 1340 illud
1421 1271 1533 1340 lorum
1559 1270 1657 1364 quud

232 1407 433 1494 potuerunt.
462 1399 545 1472 Post
565 1397 632 1469 hec
655 1397 865 1469 invenerunt
885 1396 1158 1468 Turcbosmanos
1177 1391 1225 1490 (b)
1247 1391 1309 1487 qui
1337 1392 1434 1464 nullo
1460 1391 1657 1466 detinentur

232 1521 380 1617 imperio
395 1529 431 1595 et
448 1513 737 1616 nnlla'possiden't
756 1520 851 1608 loca,
869 1518 932 1593 sed
955 1525 1134 1592 morantur
1149 1517 1186 1588 in
1205 1517 1311 1611 agris.
1331 1516 1399 1601 Qui
1415 1517 1605 1588 maximnm
1622 1528 1657 1590 et

231 1645 408 1718 inlinitum
424 1653 675 1738 congregantes
688 1643 880 1716 exercitum
899 1651 1078 1740 sperantes
1090 1663 1194 1738 posse
1214 1641 1456 1736 imperatorem
1470 1662 1652 1736 superare,

230 1789 294 1864 per
311 1769 373 1842 llll
394 1767 608 1842 ebdomadas
635 1765 693 1840 die
716 1775 893 1862 noctuque
912 1788 993 1839 cum
1020 1787 1063 1839 eo
1079 1774 1336 1862 pugnaverunt.
1358 1765 1544 1838 Exercitus
1570 1787 1656 1838 vcro

230 1893 447 1988 imperatoris
461 1910 598 1987 semper
607 1890 993 1986 procedebatarmatus3
1008 1890 1198 1984 exquibus
1212 1887 1654 1961 Turohimauismaximam

229 2014 490 2088 multitudinem
505 2014 763 2086 'interfecerunt
786 2021 821 2084 et
844 2011 1031 2107 quemdam
1058 2011 1275 2105 Amiragium
1299 2012 1502 2102 magistrum
1527 2013 1655 2085 milicie

229 2161 350 2238 eorum
370 2138 671 2212 destructoremnt
683 2133 975 2232 (ric).llestegnus
986 2135 1034 2234 (c)
1048 2155 1131 2208 vero
1147 2133 1310 2207 domiuus
1333 2155 1452 2208 eorum
1469 2137 1506 2207 in
1523 2159 1655 2230 quam-

228 2263 310 2337 dam
326 2263 479 2336 strictam
496 2261 545 2358 (d)
562 2261 730 2334 montium
744 2282 824 2332 cum
841 2259 978 2333 infinito
994 2259 1151 2333 exercitu
1167 2269 1246 2331 aute
1259 2259 1499 2354 imperatorem
1513 2262 1649 2354 restitit,

230 2409 299 2459 nou
318 2388 521 2481 permittens
540 2385 573 2457 ai
588 2385 735 2456 transire
750 2383 819 2455 nisi
837 2382 936 2456 daret
950 2383 983 2454 ei
1010 2381 1035 2454 C
1053 2381 1219 2454 somarios
1235 2382 1311 2452 auri
1331 2392 1366 2453 et
1389 2383 1523 2476 argenti
1541 2383 1653 2458 hone·

226 2512 333 2574 ratos.
354 2504 541 2597 Imperator
553 2510 670 2573 autem
683 2501 864 2597 respondit
878 2523 917 2575 se
932 2502 1079 2575 libenter
1093 2503 1126 2575 ei
1138 2503 1229 2574 velle
1244 2501 1327 2575 dare
1340 2525 1463 2575 aurum
1475 2519 1510 2577 et
1527 2529 1652 2600 argeu-

226 2634 325 2715 tum,
344 2624 408 2698 sed
434 2623 590 2696 nonnisi
616 2643 723 2696 manu
745 2621 751 2723 Ι
773 2625 895 2698 latum.
914 2625 1043 2697 Nuncii
1057 2634 1176 2698 autem
1192 2623 1334 2698 Suldani
1357 2628 1419 2721 qui
1444 2639 1544 2701 erant
1570 2653 1651 2705 oum
1684 2653 1851 2706 nonnemo.

225 2769 269 2822 eo
287 2747 453 2822 dicebant
474 2747 672 2843 imperatori
694 2747 791 2842 quod
807 2747 876 2822 cito
900 2757 992 2822 esset
1015 2749 1052 2820 in
1074 2757 1164 2821 tarra
1182 2747 1343 2841 Soldani,
1370 2751 1417 2823 ita
1442 2751 1539 2845 quod
1563 2775 1650 2847 gens

224 2874 293 2947 ista
321 2896 391 2947 nou
423 2881 541 2968 posset
571 2872 789 2968 ei·amplius
816 2893 954 2946 nocere.
980 2872 1079 2944 Tunc
1112 2871 1258 2966 quidam
1282 2872 1500 2968 Armiragius
1527 2876 1649 2954 divino

224 2997 372 3070 numine
389 3007 504 3069 motus
529 2997 628 3070 veuit
652 2997 699 3070 ad
719 2983 961 3092 imperatorem
988 2995 1150 3090 dixitque
1175 2995 1225 3066 illi
1247 3017 1286 3068 se
1310 2997 1494 3072 ostendere
1520 2999 1648 3076 bonam

223 3121 320 3192 viam
337 3131 373 3193 et
389 3121 486 3215 quod
508 3119 754 3200 Turchimanni
775 3119 811 3191 in
830 3140 933 3192 mane
949 3127 1048 3192 eraut
1064 3118 1242 3214 preliaturi
1266 3141 1346 3192 cum
1365 3141 1420 3194 eo.
1445 3122 1545 3196 Unde
1567 3145 1647 3200 cum

223 3245 411 3340 imperator
436 3245 540 3318 vellet
567 3245 618 3317 ire
649 3263 712 3339 per
735 3243 918 3339 planiciem
945 3265 1052 3336 quam
1078 3241 1205 3314 Turobi
1228 3256 1412 3339 ceperant,
1433 3244 1536 3318 duxit
1565 3270 1646 3322 eum

222 3391 288 3465 per
305 3377 519 3441 montamas.
538 3367 695 3464 Preccpit
711 3377 829 3440 autem
844 3367 1032 3463 imperator
1053 3375 1094 3438 ut
1115 3386 1236 3438 omues
1258 3367 1455 3462 acciperent
1479 3381 1647 3464 peneten-

222 3493 329 3565 ciam.
346 3493 449 3566 Mane
469 3513 554 3565 vero
570 3493 754 3588 imperator
770 3491 864 3564 misit
887 3513 951 3588 per
967 3499 1171 3564 montaneas
1188 3491 1370 3584 sagitarios
1393 3501 1428 3564 et
1452 3492 1647 3571 balistarios

223 3627 420 3712 pugnantes
445 3639 526 3690 cum
551 3616 698 3689 Tarchia
724 3603 925 3711 exquibus
947 3617 1073 3687 multos
1097 3613 1311 3687 occiderunt.
1344 3615 1414 3688 Sed
1434 3638 1514 3689 cum
1541 3641 1646 3694 exer·

222 3741 313 3814 citus
340 3741 558 3836 imperatoris
587 3741 801 3835 pervenisset
831 3739 878 3812 ad
906 3738 1113 3812 descensum
1135 3737 1333 3830 muncium,
1361 3759 1430 3811 non
1459 3751 1646 3834 potuerunt

223 3863 437 3938 descendere
463 3864 532 3936 nisi
558 3861 687 3936 relictis
711 3873 746 3936 et
771 3862 917 3934 sarcinis
935 3871 970 3934 et
995 3861 1216 3936 victualibus.
1246 3860 1315 3933 Sed
1334 3883 1414 3934 cum
1440 3865 1645 3942 Fredericus

220 3987 337 4084 primo
353 3985 608 4078 descendisset,
629 3985 756 4058 l'orcbi
769 3985 817 4058 lta
829 3985 1037 4058 infestabant
1053 3985 1294 4080 imperatorem
1308 3985 1405 4079 quod
1423 4009 1492 4060 nou
1511 4001 1646 4085 poterat

221 4110 449 4185 descendere.
471 4111 556 4184 Dux
572 4131 656 4184 vero
671 4109 833 4182 reversus
849 4107 1005 4182 similiter
1022 4129 1103 4182 eum
1126 4117 1224 4202 patre
1240 4108 1413 4202 pugnavit
1435 4131 1515 4183 cum
1537 4113 1589 4186 eis
1608 4123 1645 4186 et

263 4322 308 4406 (a)
331 4325 367 4386 In
380 4325 481 4388 codice
498 4321 720 4404 reddentem.

262 4430 307 4512 (b)
329 4431 582 4508 SaTcrcomanr.
598 4431 713 4492 Nomen
726 4431 758 4491 ln
771 4427 870 4490 oodlee
888 4427 921 4486 ln
939 4425 1014 4488 duas
1037 4432 1135 4503 partes
1157 4434 1325 4505 sepul-atum
1338 4430 1404 4490 lte:
1423 4427 1549 4491 Tcrcdor
1561 4432 1643 4494 irrue-

217 4543 331 4586 amorre
343 4545 455 4587 πωπω.

261 4629 301 4710 (c)
328 4633 458 4706 Nomen,
473 4639 509 4694 ut
521 4633 685 4714 credimus,
700 4637 863 4712 proprium.
878 4635 914 4696 ln
928 4635 992 4697 cod.
1008 4635 1103 4699 Paris.
1117 4653 1254 4719 requam.

261 4735 307 4818 (d)
328 4737 446 4800 luced.
461 4739 557 4804 Paris.
572 4741 606 4801 lc
618 4738 746 4822 quadom
758 4741 910 4803 strictura.
