4594 6066
783 689 825 748 IN
849 687 990 748 trenta
1014 685 1164 747 uastis,
1623 690 1681 752 231

265 830 305 892 nt
318 819 480 892 omnibns
495 818 648 890 ecclesds
662 828 697 890 et
717 819 880 893 omnibus
896 818 1067 911 religiosis
1080 817 1303 889 restituantur
1317 816 1396 906 jura
1413 835 1534 888 eornm
1550 827 1584 892 et
1597 843 1683 915 gau·

265 943 370 1017 deant
391 943 492 1016 solita
513 944 683 1015 libertate.
706 944 790 1017 Item
813 945 996 1016 statuimus
1016 943 1112 1038 quod
1134 942 1292 1016 homines
1310 941 1408 1036 regni
1426 944 1533 1014 nostri
1555 945 1624 1018 sint
1641 949 1683 1020 li·

264 1068 339 1140 beri
355 1077 389 1143 et
405 1069 558 1163 exempti
572 1067 618 1142 ab
636 1067 798 1141 omnibns
813 1067 1032 1162 generalibus
1049 1067 1212 1154 collectis,
1230 1066 1320 1138 sicut
1337 1077 1591 1140 consueverunt
1608 1091 1684 1144 esse

263 1202 419 1286 tompore
440 1193 534 1286 regis
549 1189 722 1264 Guillolmi
741 1190 885 1266 secundi
903 1191 1098 1264 consobrini
1117 1190 1242 1280 nostri,
1264 1190 1419 1294 exceptis
1434 1191 1680 1284 proditoribus.

264 1316 349 1389 Item
373 1315 557 1390 statuimus
582 1314 681 1410 quod
709 1315 871 1407 comites,
894 1315 1064 1400 barones,
1092 1315 1217 1387 milites
1242 1323 1276 1386 et
1299 1315 1356 1386 alii
1385 1313 1564 1388 leodotarii
1586 1320 1683 1412 regni

263 1439 441 1532 gaudeant
463 1439 603 1531 juribus
628 1449 662 1512 et
690 1440 882 1512 rationibus
912 1439 985 1512 suis
1008 1461 1078 1534 qne
1100 1447 1351 1512 consueverant
1379 1438 1507 1512 habere
1531 1447 1684 1537 tempore

264 1565 360 1659 regis
383 1565 554 1639 Guillolmi
578 1563 724 1660 predicti
741 1565 777 1636 in
797 1565 950 1638 ecclesiis
964 1562 1014 1658 (c)
1031 1573 1065 1637 et
1086 1564 1174 1637 aliis.
1200 1565 1282 1636 Item
1306 1563 1488 1636 statuimus
1511 1567 1610 1659 quod
1626 1589 1684 1640 ec·

264 1689 370 1762 clesie
382 1689 524 1763 Lucerie
541 1697 576 1761 et
597 1689 681 1762 Sore
697 1697 732 1762 et
748 1687 777 1760 si
793 1710 863 1782 qne
883 1689 950 1762 alie
966 1695 1049 1760 sunt
1067 1689 1138 1760 lese
1160 1710 1222 1783 per
1240 1687 1404 1760 officiales
1418 1696 1568 1779 nostros,
1585 1694 1684 1762 resti·

266 1822 421 1886 tuantur.
443 1815 528 1887 Item
550 1813 734 1888 statuimus
749 1811 844 1906 quod
866 1820 937 1885 tota
961 1811 1108 1883 masaria
1131 1821 1245 1882 nostra
1266 1834 1372 1906 quam
1397 1809 1568 1884 habemns
1589 1815 1685 1908 apud

264 1939 431 2012 Sanctum
454 1937 659 2010 Nicbolanm
687 1935 733 2010 de
761 1934 888 2008 Aulido
917 1943 951 2008 et
980 1955 1103 2006 omnes
1126 1945 1314 2029 proventus
1342 1936 1451 2031 ipsius
1475 1935 1686 2032 deputentnr
1708 1911 1733 1924 δ

265 2059 312 2134 ad
338 2060 633 2154 recuperationem
659 2067 695 2132 et
714 2059 1010 2132 conservationem
1030 2057 1144 2152 pontis
1169 2057 1299 2128 ibidem
1320 2059 1505 2130 constructi
1527 2063 1583 2135 vel
1603 2083 1688 2134 con·

265 2183 437 2256 struendi.
454 2184 538 2256 Item
555 2183 738 2256 statuimus
757 2181 854 2276 quod
873 2203 993 2254 omnes
1012 2181 1140 2276 captivi
1163 2178 1169 2276 Ι
1191 2180 1226 2250 in
1246 2202 1382 2252 carcere
1397 2193 1514 2256 nostro
1530 2185 1686 2280 deplenti

266 2305 469 2397 liberentur,
493 2315 606 2402 preter
624 2307 702 2378 illos
723 2305 768 2378 de
790 2305 934 2401 imperio
952 2315 987 2377 et
1004 2311 1116 2400 preter
1130 2304 1208 2376 illos
1228 2303 1273 2375 de
1289 2325 1397 2397 regno
1414 2305 1474 2398 qui
1495 2309 1582 2402 capti
1604 2321 1686 2384 sunt

267 2451 313 2503 ex
331 2429 539 2524 proditionis
552 2437 645 2502 nota.
666 2430 751 2500 Item
768 2429 951 2501 statuimus
964 2427 1061 2523 qnod
1077 2428 1230 2522 prelatus
1247 2428 1448 2500 blanlredns
1466 2429 1557 2504 filius
1572 2444 1686 2508 noster

266 2553 429 2626 omnibns
449 2553 539 2626 bene
559 2553 691 2625 meritis
712 2553 758 2626 de
780 2553 908 2626 familia
933 2561 1046 2626 nostra
1066 2552 1248 2648 provideat
1267 2552 1346 2624 vice
1365 2561 1481 2626 nostra
1504 2555 1540 2628 in
1567 2559 1682 2656 terris,

266 2677 388 2750 castris
404 2685 440 2749 et
459 2677 570 2765 viIIIs,
589 2677 687 2750 salvo
705 2676 869 2750 demanio
889 2677 986 2772 regni
1001 2676 1106 2748 nostri
1118 2676 1265 2748 Soicilie.
1288 2675 1332 2748 Et
1348 2676 1447 2771 qnod
1465 2678 1640 2752 Conradns
1652 2690 1687 2754 et

267 2799 436 2881 Henricns
462 2799 610 2896 predicti
629 2799 691 2872 filii
709 2801 815 2873 nostri
837 2810 871 2874 et
887 2800 1034 2874 heredes
1052 2821 1171 2872 eornm
1192 2809 1305 2871 ratum
1327 2812 1361 2872 et
1377 2799 1514 2874 firmum
1535 2804 1685 2878 habeant

267 2923 438 3022 quicquid
461 2926 537 3018 ipse
560 2923 762 2997 Manlredus
780 2946 884 3019 snper
912 2923 981 2996 hoc
1006 2923 1147 2996 duxerit
1174 2923 1383 2996 laciendum.
1409 2925 1494 2999 Item
1519 2928 1684 3002 volumus

268 3059 303 3121 et
326 3045 533 3120 mandamus
566 3046 661 3142 quod
689 3049 806 3120 nnllus
830 3046 876 3121 de
901 3047 1136 3142 proditoribus
1160 3047 1258 3142 regni
1284 3049 1401 3142 aliquo
1428 3050 1533 3124 modo
1558 3052 1683 3126 reverti

267 3169 422 3246 audeant
439 3171 476 3242 in
492 3193 638 3267 regnum
653 3191 768 3243 meum
782 3168 932 3265 (sic)nec
946 3171 1053 3264 aliqui
1072 3169 1117 3244 de
1128 3191 1251 3244 eornm
1268 3193 1394 3264 genere
1411 3174 1597 3248 succedere
1607 3198 1686 3272 pos·

268 3295 354 3383 sint;
371 3294 442 3368 imo
451 3294 600 3368 heredes
612 3295 719 3367 nostri
733 3303 914 3366 teneantur
927 3293 972 3368 de
984 3295 1034 3366 eis
1043 3293 1234 3366 vindictam
1243 3317 1391 3369 sumere.
1408 3297 1492 3369 Item
1503 3301 1685 3372 statuimus

267 3415 364 3512 qnod
382 3417 635 3490 mercatoribus
655 3416 870 3490 debitoribus
889 3418 1015 3489 nostris
1033 3414 1081 3513 (b)
1103 3417 1220 3492 debita
1237 3421 1489 3514 persolvantur.
1515 3423 1598 3496 Item
1615 3433 1686 3496 sta-

269 3541 399 3614 tuimus
425 3551 464 3614 ut
482 3549 698 3613 sacrosancte
718 3541 870 3614 Romane
890 3541 1044 3614 Ecclesia
1062 3543 1163 3614 matri
1183 3553 1298 3616 nostre
1319 3545 1542 3617 restituantur
1569 3549 1686 3620 omnia

268 3685 333 3736 sna
346 3665 444 3756 jura,
469 3665 566 3738 salvo
591 3664 627 3735 in
648 3663 811 3737 omnibus
824 3673 859 3738 et
876 3685 937 3760 per
954 3665 1070 3736 omnia
1081 3667 1160 3758 jure
1177 3667 1360 3740 ethonore
1377 3667 1511 3763 imperii
1531 3679 1565 3740 et
1587 3670 1687 3743 bere·

269 3785 355 3860 dnm
371 3795 564 3860 nostrorum
587 3797 621 3859 et
640 3786 787 3860 aliorum
809 3795 1003 3859 nostrornm
1025 3785 1179 3859 fidelium
1207 3788 1236 3858 si
1259 3789 1333 3883 ipsa
1358 3791 1502 3864 ecclesia
1531 3793 1687 3866 restituat

265 3911 347 4003 jura
368 3911 517 4008 imperii.
543 3913 628 3983 Item
644 3909 828 3982 statuimus
851 3919 890 3980 ut
911 3911 940 3981 si
961 3909 1006 3982 de
1026 3911 1172 4006 presenti
1192 3909 1387 3986 infirmitate
1407 3936 1470 3988 nos
1495 3917 1581 3989 mori
1605 3939 1686 3990 con·

268 4033 424 4130 tinguit,
442 4033 479 4106 in
498 4033 620 4126 majori
641 4033 785 4108 ecclesia
808 4033 1048 4107 Panormitana
1070 4033 1106 4104 in
1126 4055 1197 4128 qna
1215 4034 1290 4108 divi
1309 4037 1524 4132 imperatoris
1546 4040 1685 4113 Henrici

268 4163 304 4230 et
328 4155 414 4230 dive
435 4156 664 4252 imperatricis
686 4155 886 4228 Constancie
904 4165 1087 4251 parentum
1106 4168 1299 4231 nostrorum
1319 4161 1482 4234 memorie
1504 4165 1687 4238 recolende

269 4281 438 4354 tumulata
458 4294 543 4353 snnt
559 4301 724 4376 corpora,
747 4301 873 4374 corpus
897 4289 1051 4352 nostrum
1069 4279 1194 4354 debeat
1210 4283 1360 4377 sepeliri.
1383 4285 1446 4356 Cui
1468 4287 1612 4362 ecclesie
1634 4289 1687 4362 di·

268 4403 444 4477 mittemus
470 4403 593 4476 nncias
622 4403 697 4476 auri
723 4403 931 4498 quingentas
955 4425 1017 4498 pro
1044 4405 1153 4477 salute
1181 4406 1374 4478 animarum
1399 4419 1580 4503 parentum
1606 4435 1687 4486 nos·

269 4538 401 4602 trorum
415 4537 451 4601 et
471 4537 589 4602 nostre
605 4549 667 4624 per
686 4549 810 4601 manns
827 4527 962 4602 Beraldi
985 4529 1218 4602 Panormitani
1240 4531 1487 4630 archiepiscopi
1508 4521 1684 4610 familiaris

313 4691 356 4772 (a)
376 4691 436 4770 Ap.
449 4693 536 4755 Perta
550 4692 584 4754 ia
595 4687 726 4754 collectis.

313 4795 354 4877 (b)
375 4798 465 4876 Apud
478 4799 563 4859 Perta
576 4795 778 4874 creditoribus,
794 4804 882 4860 recte.
