4594 6066
775 688 818 748 IN
842 684 983 746 trenta
1007 683 1158 746 onsrts.
1618 699 1679 762 213

255 837 337 900 runt
361 825 437 919 regi
453 839 493 897 ut
514 832 632 920 portas
655 821 706 896 eis
724 823 904 906 restituere
922 822 1038 894 liceret
1055 829 1091 892 et
1114 819 1333 896 Grondellam
1356 825 1407 919 eis
1428 826 1525 900 daret
1550 857 1560 900 ε
1581 833 1679 926 quod

254 949 399 1045 quidem
418 971 484 1021 rex
501 947 579 1020 sine
597 969 695 1020 mora
713 947 763 1020 eis
783 945 966 1049 concessit.
989 945 1295 1020 Pontremollenses
1318 949 1428 1045 captis
1446 953 1551 1025 armis
1571 955 1680 1030 Gron-

255 1075 384 1148 dellam
399 1081 627 1170 perrexeruut
645 1093 793 1165 eamque
810 1069 971 1144 funditus
996 1067 1260 1162 destruxerunl3
1280 1070 1408 1146 deiude
1424 1097 1490 1146 rex
1506 1099 1585 1150 cunr
1605 1081 1679 1152 suis

253 1199 425 1272 militibus
451 1195 498 1269 ad
524 1194 719 1268 exercitum
743 1193 958 1288 imperatoris
985 1204 1037 1266 est
1060 1216 1232 1268 reversus.
1259 1196 1392 1268 Interea
1415 1197 1608 1274 Amedinus
1633 1205 1679 1277 de

253 1321 386 1396 Amatis
401 1331 436 1394 et
449 1323 546 1396 Maza
564 1318 609 1393 de
625 1317 871 1392 Oddeorandis
892 1329 927 1390 et
947 1319 1005 1390 alii
1021 1341 1128 1414 qnam
1142 1321 1259 1414 plures
1271 1320 1405 1392 nobiles
1427 1323 1495 1393 viri
1510 1323 1678 1400 Cremona

255 1455 396 1542 propter
421 1447 579 1518 timorem
604 1444 820 1539 imperatoris
840 1443 897 1515 vel
923 1453 1061 1538 pmpter
1081 1443 1310 1539 proditionem
1333 1467 1454 1518 eorum
1471 1449 1679 1526 absentave-

254 1579 350 1642 runt.
377 1571 536 1643 Pretereu
558 1567 739 1640 Mantuani
768 1576 803 1640 et
828 1567 1062 1640 Ferrarienses
1091 1590 1171 1640 eum
1193 1569 1415 1642 multitudine
1440 1573 1678 1649 ballestrorum

253 1693 376 1767 Parme
392 1703 426 1766 et
442 1695 553 1767 Janue
566 1691 745 1766 venientes
758 1691 793 1763 in
808 1689 961 1762 navibus
974 1691 1088 1762 loonm
1104 1691 1233 1764 Casalis
1246 1693 1385 1785 Majoris
1402 1695 1568 1768 cremone
1580 1720 1679 1771 com·

252 1816 445 1890 buxerunt.
466 1815 602 1890 Deinde
619 1817 805 1911 imperator
820 1815 900 1888 lecit
920 1813 995 1886 lieri
1011 1815 1136 1888 fossata
1151 1813 1188 1886 in
1202 1817 1277 1910 giro
1290 1819 1411 1889 castris
1424 1821 1510 1907 suis,
1528 1823 1679 1918 lecitque

254 1939 385 2015 dooere
404 1941 499 2012 rivos
521 1963 584 2035 per
608 1941 683 2035 ipsa
704 1941 830 2013 lossata
849 1938 1020 2012 defluvio
1041 1939 1151 2028 Tarii,
1171 1949 1206 2011 et
1230 1942 1338 2032 major
1360 1965 1441 2036 pars
1458 1945 1678 2041 episcopatus

251 2065 374 2139 Parme
391 2073 581 2138 mercatum
598 2065 646 2138 ad
662 2063 857 2138 exercitum
880 2064 1096 2159 imperatoris
1112 2063 1301 2137 deferebat.
1320 2065 1359 2137 In
1377 2069 1538 2160 proximo
1559 2093 1678 2145 mense

252 2188 659 2280 regeneraturus
685 2199 720 2261 et
745 2187 906 2260 Enolinus
932 2186 1096 2260 mundato
1128 2187 1345 2283 imperatoris
1374 2205 1517 2286 accepta
1551 2217 1677 2289 magna

250 2313 444 2408 quantitate
464 2313 587 2386 militie
612 2312 787 2386 exercitus
809 2312 1053 2406 equitaverunt
1073 2311 1262 2384 Bersellum
1283 2312 1402 2408 ibique
1424 2336 1543 2388 eorum
1566 2328 1677 2392 castra

249 2435 453 2510 infixerunt.
485 2437 675 2532 Imperator
699 2444 816 2508 autem
842 2434 887 2509 de
914 2435 1062 2532 captIvis
1086 2435 1207 2508 Parme
1232 2457 1321 2530 quos
1343 2437 1493 2511 babebat
1511 2451 1676 2534 quatuor·

252 2559 368 2634 decim
385 2559 576 2655 decapitari
591 2559 674 2632 lecit
688 2557 834 2632 ibidem.

298 2686 434 2757 Interea
457 2683 621 2756 dominus
638 2683 850 2754 Octavianus
866 2681 1052 2755 cardinalis
1074 2681 1291 2776 congregatis
1308 2681 1342 2754 bl
1361 2683 1526 2758 militibus
1543 2687 1677 2762 Medio·

250 2807 338 2894 lani,
356 2807 608 2896 vercellarum,
634 2805 785 2878 Novarie
814 2813 849 2877 et
878 2803 998 2877 Creme
1026 2804 1195 2897 equitavit
1222 2805 1415 2898 Mantuam,
1438 2807 1566 2882 deinde
1595 2834 1676 2886 oum

250 2932 419 3004 militibus
436 2931 571 3020 brixia,
588 2930 764 3017 Bononia,
780 2927 980 3002 marchione
1001 2927 1046 3000 de
1063 2927 1140 3014 Est,
1165 2927 1301 3002 Alblico
1325 2929 1371 3004 de
1395 2932 1562 3026 Romano,
1588 2939 1676 3011 Bea-

249 3057 359 3152 quino
374 3065 410 3129 et
423 3056 502 3128 aliis
518 3055 605 3130 viris
620 3053 799 3128 nobilibus
815 3053 861 3127 de
873 3053 1012 3128 Maroba
1034 3064 1070 3126 et
1084 3053 1261 3148 peditibus
1289 3065 1323 3126 et
1344 3056 1511 3132 militibus
1534 3061 1676 3138 Mantua

248 3189 284 3254 et
307 3181 464 3253 Ferraria
484 3200 565 3251 oum
591 3179 701 3252 classo
724 3177 868 3251 navium
895 3177 985 3249 inter
1005 3176 1138 3250 Padum
1158 3185 1193 3248 et
1215 3177 1381 3249 Taliatam
1407 3203 1470 3253 sua
1495 3187 1675 3280 temptoria

249 3303 367 3376 tinxit.
385 3303 463 3376 Ilex
485 3323 571 3375 vero
588 3299 815 3376 rebe'dificata
838 3302 1034 3374 municione
1058 3301 1095 3372 iu
1116 3303 1192 3374 loco
1215 3303 1376 3398 factoque
1401 3315 1505 3399 ponte
1529 3309 1674 3383 navium

248 3429 298 3500 ibi
318 3449 423 3522 supra
437 3426 573 3499 Padum
589 3425 905 3522 apudGuastallam
925 3449 1004 3498 oum
1018 3425 1185 3520 Eyzolino
1207 3437 1482 3522 castrametatae,
1504 3432 1672 3507 cardinali

249 3549 430 3622 resistebat
443 3570 524 3621 oum
543 3549 699 3620 exercito
716 3569 793 3620 suc.

298 3675 337 3746 ln
356 3671 527 3768 proximis
543 3671 701 3745 kalendis
717 3669 889 3761 octubris,
906 3673 1093 3768 imperator
1114 3671 1210 3768 apud
1232 3673 1412 3747 ecclesiam
1428 3675 1473 3750 do
1491 3677 1673 3771 Fargnana

248 3816 315 3868 sua
331 3805 444 3868 castra
466 3793 616 3867 mutavit
638 3793 757 3887 ibique
779 3791 937 3866 londavit
954 3793 1128 3866 civitatem
1154 3815 1260 3888 quam
1279 3795 1463 3870 Victoriam
1486 3803 1672 3896 appellavit

248 3939 397 4013 eamque
413 3919 515 3992 fossis
531 3925 565 3990 et
581 3915 714 4012 spaldis
728 3923 763 3989 et
781 3915 944 3988 domibus
960 3915 1134 3990 ordinavit
1150 3925 1185 3990 et
1205 3917 1241 3988 in
1263 3940 1304 3990 ea
1321 3932 1493 3993 monetam
1511 3925 1670 4000 fabricari

248 4043 330 4114 fecit
352 4063 422 4136 que
449 4041 691 4137 appellabatur
711 4038 921 4114 Victorinus.
947 4039 1107 4112 Exeunte
1132 4061 1216 4114 vero
1240 4063 1359 4115 mense
1381 4044 1553 4140 octubris,
1573 4051 1670 4124 Man·

246 4165 345 4238 tuani
366 4173 402 4237 et
418 4165 651 4238 Ferrarienses
679 4184 760 4235 oum
791 4162 941 4268 navibus
970 4163 1152 4236 castellatis
1172 4175 1335 4262 ceperunt
1359 4179 1498 4261 pontem
1523 4173 1667 4247 navium

247 4287 294 4362 de
312 4288 462 4362 Bersello
487 4298 522 4362 et
550 4295 741 4360 mercatum
763 4287 862 4382 graui
885 4296 920 4360 et
946 4287 1027 4360 salis
1046 4287 1083 4358 in
1106 4289 1284 4360 castellnm
1306 4289 1467 4364 Collornii
1494 4297 1590 4387 quod
1608 4299 1668 4370 in-

247 4413 385 4486 trinseci
411 4412 576 4486 tenebant
601 4409 857 4484 conduxerunt.
884 4411 923 4482 In
950 4409 1067 4482 medio
1089 4433 1208 4484 mense
1239 4411 1431 4485 decembris
1452 4412 1458 4512 Ι
1481 4417 1667 4494 cardinalis
1692 4437 1861 4486 aiassae.

247 4535 330 4609 dato
347 4537 518 4610 exercitui
536 4559 601 4610 suo
620 4545 773 4610 comeatu
799 4537 975 4610 Mantuam
994 4535 1174 4630 equitavit.
1192 4537 1379 4631 Imperator
1400 4549 1516 4612 autem
1537 4543 1667 4620 direxit

246 4658 487 4753 Frederioum,
506 4661 692 4734 abiaticum
711 4681 833 4754 suum,
859 4679 939 4730 cum
962 4659 1124 4732 comitiva
1143 4659 1290 4730 militum
1310 4659 1580 4758 Alexandriam,
1603 4669 1667 4744 de-

247 4783 369 4880 ditque
386 4785 566 4858 licenciam
593 4785 759 4881 Eyzolino
785 4805 865 4858 eum
890 4781 963 4860 suis
989 4782 1157 4856 militibus
1182 4794 1217 4856 et
1241 4784 1408 4858 militibus
1432 4796 1467 4860 et
1490 4789 1666 4884 peditibus
