4534 6074
644 657 886 720 canonicos
911 655 1212 720 PbllCllNl'lNUM.
1603 659 1645 722 89

223 791 394 883 regimine
411 792 523 886 ipsius
547 792 698 864 civitatis
724 793 876 866 intravit.
901 797 951 868 De
971 795 1095 868 eodem
1113 812 1197 864 vero
1222 811 1340 862 mense
1359 791 1396 862 in
1415 791 1501 864 festo
1519 793 1645 867 Sancte

223 915 330 990 Marie
352 925 486 990 mtha
506 915 572 988 init
593 915 796 990 incarnatio.

381 1169 431 1242 De
452 1170 615 1253 obsidione
639 1171 741 1242 ccttrt'
762 1172 970 1242 Mocbcroct'i
987 1169 1187 1242 marchionis
1215 1165 1339 1238 Montis
1362 1169 1490 1240 Feroci.

273 1373 522 1462 Alexandrini,
537 1385 714 1468 tamquam
732 1374 799 1447 viri
819 1373 1011 1470 prudentes
1025 1383 1060 1446 et
1077 1373 1249 1464 bellicosi,
1272 1373 1427 1445 volentes
1446 1373 1599 1468 nequitie
1613 1386 1647 1448 et

225 1498 390 1596 superbie
407 1498 606 1572 Astensium
629 1511 664 1570 et
683 1499 890 1570 marchionis
916 1499 962 1571 de
978 1499 1200 1570 Monteferato
1219 1506 1254 1568 et
1271 1497 1405 1569 comitis
1430 1497 1476 1570 de
1498 1498 1648 1594 Sabogia

225 1633 261 1696 et
288 1623 365 1695 aliis
392 1643 512 1694 eorum
539 1621 689 1693 inimicis
713 1620 888 1706 resistere,
917 1619 1105 1692 deliberato
1137 1619 1298 1692 conscilio
1331 1621 1366 1690 in
1393 1629 1516 1692 terram
1545 1622 1647 1694 etiam

225 1767 348 1819 eorum
367 1745 536 1819 hostiliter
554 1745 683 1816 intrare
705 1753 977 1840 proposuerunt,
997 1755 1131 1836 segetes
1147 1753 1181 1816 et
1200 1743 1356 1830 arbores,
1376 1744 1497 1816 vineas
1514 1755 1549 1818 et
1564 1747 1649 1817 alias

225 1891 282 1941 res
304 1889 426 1942 eorum
454 1867 679 1966 depopulari,
709 1877 818 1940 castra
843 1867 984 1962 quidem
1009 1876 1044 1939 et
1070 1869 1144 1938 loca
1169 1867 1251 1959 igne
1273 1868 1416 1938 cremari
1445 1877 1645 1942 statuentes.

225 1993 304 2097 Quo
319 1991 366 2064 ita
382 1991 560 2084 ordinato,
580 1993 710 2087 legatos
726 1993 821 2065 viros
839 1991 1028 2088 prudentes
1044 1991 1235 2063 rectoribus
1255 1991 1427 2064 societatis
1445 1992 1650 2066 lombardie

225 2117 414 2206 miserunt,
443 2117 489 2188 ab
512 2115 598 2211 ipsis
626 2137 768 2210 quoque
805 2116 976 2188 auxilium
1004 2115 1150 2188 militum
1179 2124 1213 2188 et
1237 2116 1499 2188 baleatariorum
1526 2117 1649 2211 implo-

224 2248 362 2330 rantes,
392 2239 453 2331 qui
484 2236 696 2330 adjutorium
722 2239 868 2310 militum
898 2238 1024 2332 pariter
1051 2247 1085 2310 et
1109 2237 1371 2310 balestariorum
1401 2237 1452 2308 eis
1480 2259 1556 2310 esse
1584 2237 1652 2310 da-

225 2373 325 2434 turos
347 2361 500 2456 plenarie
523 2361 775 2457 responderunt
798 2371 832 2434 et
852 2370 1101 2434 convenerunt.
1130 2363 1202 2433 Hoc
1228 2363 1275 2434 ita
1304 2363 1411 2453 iacto,
1442 2362 1533 2434 illico
1563 2363 1652 2435 lacta

227 2487 472 2578 designatione
501 2495 535 2558 et
560 2487 800 2558 numeratione
822 2485 970 2556 militum
1004 2495 1038 2557 et
1064 2485 1326 2557 halestarioram
1354 2506 1415 2580 pro
1443 2507 1653 2580 unaquaque

226 2609 370 2681 civitate
383 2608 570 2695 societatis,
588 2607 763 2680 dederunt
778 2608 879 2680 eisin
895 2608 1067 2682 mandatis
1084 2617 1123 2680 ut
1135 2619 1250 2682 essent
1262 2610 1371 2704 parati
1389 2609 1487 2704 equis
1501 2618 1535 2679 et
1548 2609 1653 2682 armis

227 2739 263 2803 et
282 2732 388 2802 rebus
415 2731 620 2804 necessariis
636 2727 770 2829 [causa]
793 2731 1031 2826 proficiscendi
1058 2733 1094 2803 in
1117 2754 1321 2804 succursum
1339 2730 1653 2804 Alexandrinorum

226 2857 420 2929 amicorum
440 2877 580 2946 eorum,
601 2879 679 2928 cum
699 2857 744 2931 de
761 2879 880 2930 eorum
897 2859 998 2931 luerit
1016 2857 1193 2932 mandato.

278 2984 325 3056 M.
338 2981 401 3055 CC.
414 2983 529 3074 XXX,
558 2981 616 3056 die
639 2984 776 3058 veneris
803 2985 834 3056 X
860 2984 987 3056 mensis
1012 2984 1137 3074 madii,
1163 2983 1335 3056 Placentia
1360 2983 1486 3056 milites
1508 3007 1653 3059 numero

229 3105 291 3178 LX
306 3106 375 3177 viri
399 3106 532 3179 nobiles
550 3109 587 3178 et
603 3115 776 3200 potentes,
802 3106 979 3180 destrariis
1002 3118 1036 3179 et
1061 3108 1138 3179 aliis
1156 3108 1256 3202 equis
1281 3118 1316 3180 et
1341 3108 1493 3180 tentoriis
1515 3111 1654 3205 egregie

226 3228 422 3324 preparati,
450 3230 663 3302 indumentis
688 3231 791 3302 etiam
816 3231 1072 3326 pretiosissimis
1097 3233 1209 3304 ornati
1232 3231 1282 3326 (a)
1305 3253 1385 3302 oum
1409 3233 1508 3304 XXX
1531 3233 1653 3308 bales-

230 3355 329 3427 tariis
344 3355 432 3425 viris
450 3355 683 3449 prudentibus
703 3354 768 3427 iter
790 3375 910 3426 eorum
935 3355 1043 3427 eundi
1066 3355 1100 3426 in
1119 3375 1321 3428 succursum
1339 3353 1653 3432 Alexandrinorum

231 3477 450 3572 inceperunt.
485 3479 548 3550 Die
579 3487 694 3549 autem
722 3477 857 3550 sabbati
889 3485 923 3549 et
948 3476 1006 3549 die
1031 3474 1205 3549 dominica
1236 3478 1390 3550 venienti
1418 3478 1653 3554 Mediolanum

231 3609 477 3690 accesserunt,
506 3598 635 3672 deinde
667 3599 712 3671 ad
742 3600 918 3673 civitatem
949 3597 1181 3672 vercellarum
1214 3601 1277 3671 iter
1306 3621 1426 3674 eorum
1451 3602 1654 3676 direxerunt

230 3721 438 3817 ibidemque
469 3744 549 3794 cum
576 3721 891 3795 Mediolanensibus
919 3745 957 3795 sc
983 3722 1267 3795 coadunaverunt
1278 3719 1291 3812 ,'
1318 3746 1448 3798 moram
1476 3727 1524 3798 ibi
1562 3727 1654 3801 circa

231 3847 297 3918 XV
318 3845 394 3918 dies
413 3845 600 3933 iacientes,
625 3847 752 3918 militas
777 3847 924 3918 aliarum
951 3846 1130 3918 civitatum
1155 3855 1389 3942 expectantes.
1413 3849 1481 3934 Qui
1499 3852 1597 3943 jussa
1620 3861 1655 3926 ct

230 3969 399 4042 mandata
420 3979 592 4042 rectorum
620 3969 798 4042 attendere
815 3979 850 4041 et
866 3971 978 4042 lacere
1004 3979 1220 4063 recusantes,
1245 3982 1346 4066 prout
1369 3977 1595 4069 promiserant
1618 3985 1655 4052 et

231 4101 487 4184 convenerant,
519 4093 556 4163 in
583 4115 786 4166 succursum
815 4093 1130 4166 Alexandrinorum
1158 4117 1302 4190 pergere
1329 4099 1559 4192 neglixernnt.
1589 4101 1654 4174 lli-

232 4217 357 4290 dentes
388 4225 504 4288 autem
534 4215 721 4288 Placentini
750 4215 875 4288 milites
904 4225 939 4289 et
969 4216 1240 4291 Mediolanenses
1271 4242 1415 4294 numero
1446 4223 1654 4318 septingenti

232 4359 314 4408 cum
332 4335 573 4430 designatione
591 4338 738 4409 militum
758 4339 809 4410 eis
832 4341 1053 4433 contingente
1075 4349 1109 4414 et
1130 4341 1188 4412 alii
1213 4341 1343 4415 ibidem
1363 4348 1562 4440 congregati
1581 4348 1653 4420 Cu·

197 4531 200 4536 ,
231 4480 392 4550 menses,
420 4459 637 4551 Brixiensee,
665 4461 894 4553 Mantuanos,
925 4462 1107 4537 Paduanos
1134 4475 1168 4538 et
1193 4465 1346 4561 reliquos
1370 4465 1416 4564 (b)
1443 4467 1487 4542 de
1513 4471 1653 4546 Marcba

279 4673 321 4750 (a)
343 4674 380 4734 ln
393 4673 495 4734 codice
503 4683 678 4753 preparatas
694 4719 701 4737 .
721 4719 730 4738 .
746 4719 756 4738 .
771 4685 900 4739 mator.

280 4771 324 4855 (b)
344 4775 380 4836 ln
399 4777 500 4840 codice
519 4779 689 4860 Mantuani,
704 4780 844 4845 Peducaei
856 4790 886 4847 ct
897 4779 1013 4866 reliqui.
