4554 6080
615 604 676 666 296
1087 599 1329 661 cflaonrcou
1351 601 1403 660 ull
1428 600 1557 661 nunus

615 747 727 812 tenter
737 736 958 833 procedimus
973 736 1070 830 quod
1090 757 1269 831 speramus
1282 736 1319 807 iu
1335 735 1481 809 Domino
1495 745 1601 808 totam
1618 735 1764 811 candem
1777 738 1926 814 insulam
1939 741 2028 836 regis

615 862 789 936 mandatis
812 861 848 932 in
867 861 1027 956 proximo
1051 861 1252 954 subjugare.
1272 861 1401 933 Verum
1422 861 1506 954 quia
1531 859 1577 932 de
1597 881 1696 934 sacro
1718 860 1871 936 adventu
1890 865 2030 940 illustris

617 987 748 1062 domiui
763 987 871 1060 nostri
887 986 979 1080 regis
991 984 1164 1058 Frederici
1179 983 1226 1056 ad
1242 982 1490 1055 hereditarium
1512 1003 1659 1078 reguum
1683 1007 1787 1058 eoum
1804 1009 1894 1061 nova
1917 989 2029 1062 leticia

616 1111 742 1184 nostris
764 1109 947 1184 desideriis
968 1117 1003 1180 et
1018 1107 1321 1202 expectationibus
1336 1107 1577 1196 advenerunt,
1597 1107 1643 1180 ad
1664 1109 1766 1202 cujus
1790 1131 1929 1182 sacrum
1950 1133 2031 1186 con·

617 1245 774 1332 spectum
807 1233 973 1307 nuncium
1003 1241 1161 1305 nostrum
1192 1230 1370 1304 domiuum
1398 1231 1615 1304 Criuenbcne
1643 1233 1786 1306 latorem
1812 1237 2030 1330 presencium

617 1381 722 1454 super
737 1358 992 1431 acceleracione
1007 1355 1180 1428 adventus
1198 1357 1253 1426 sui
1269 1366 1304 1428 et
1325 1355 1402 1428 aliis
1418 1378 1489 1450 que
1503 1357 1676 1429 extollunt
1690 1379 1755 1429 sue
1776 1359 1903 1431 solium
1918 1359 2032 1455 digui-

618 1485 698 1556 tatis
716 1482 970 1578 presencialiter
994 1480 1224 1570 destinamus,
1250 1480 1464 1552 nobilitatem
1488 1489 1637 1552 vestram
1657 1479 1884 1576 deprecamus
1906 1491 2033 1556 attente

618 1604 2033 1702 quatenusuoseteuudemnunciumnostrumacucstrorumexpedicionemnego

619 1731 750 1803 ciorum
771 1738 856 1824 aput
878 1728 1126 1822 benignitatem
1153 1735 1304 1800 vestram
1331 1727 1536 1822 recipientes
1561 1727 1591 1800 si
1614 1727 1826 1822 dignemini,
1856 1751 2033 1802 commen·

619 1853 703 1928 dare
721 1853 822 1925 vobis
836 1853 970 1947 placeat
985 1873 1048 1924 nos
1067 1861 1102 1923 et
1123 1851 1326 1924 condicione
1337 1849 1425 1947 (cic)
1437 1851 1542 1924 iidem
1559 1863 1595 1924 ct
1610 1851 1838 1925 devocionem
1855 1875 1898 1926 ac
1918 1863 2033 1928 nostra

619 1977 760 2067 merita,
777 1975 813 2046 in
827 1975 958 2047 occulis
975 1973 1190 2046 consciencie
1201 1973 1347 2068 predicti
1365 1973 1496 2047 domiui
1511 1975 1603 2069 regis
1623 1975 1778 2048 veritatis
1800 1975 2033 2050 testimouium

619 2109 817 2196 presentare
834 2108 869 2172 et
882 2119 947 2171 suo
966 2097 1165 2194 conspectui
1180 2096 1434 2170 commendare.
1456 2098 1498 2168 Et
1522 2097 1552 2168 ri
1574 2097 1747 2170 mandatis
1768 2100 1892 2172 vestris
1906 2101 2036 2172 servire

620 2244 806 2318 possumus
822 2221 869 2295 ad
885 2222 947 2293 has
965 2231 1098 2316 partes,
1121 2219 1168 2293 cd
1192 2221 1267 2316 ipsa
1286 2219 1494 2314 exequenda
1508 2241 1571 2292 nos
1587 2223 1764 2294 offerimus
1787 2222 1980 2297 devocione
2002 2237 2037 2297 ot

621 2347 893 2442 promptitudine
909 2346 1009 2418 datos
1024 2355 1059 2416 et
1069 2354 1218 2440 paratos.
1234 2345 1366 2440 Scripta
1378 2342 1570 2438 Agrigenti,
1587 2345 1635 2417 Xl
1647 2346 1774 2418 mensis
1786 2347 1891 2439 junii,
1907 2349 1970 2419 llll
1986 2349 2037 2421 in·

623 2471 786 2544 dictione.
806 2497 824 2540 n

671 2595 736 2666 Die
746 2595 840 2686 jovis
857 2594 921 2666 XV
935 2591 1064 2666 mensis
1080 2593 1239 2685 augusti,
1254 2593 1452 2686 Propositus
1470 2592 1516 2666 de
1532 2595 1703 2684 Pontem,
1721 2593 1836 2667 Guido
1852 2605 1887 2668 et
1900 2599 2038 2690 Zegnus

624 2717 670 2792 de
687 2718 840 2790 Fontaua
859 2719 980 2788 iratres
999 2715 1246 2810 consanguinei
1271 2717 1425 2809 germani
1443 2717 1576 2789 comitis
1596 2717 1750 2790 Ubertlni
1768 2718 1814 2792 de
1835 2719 1956 2791 Laudo
1977 2719 2039 2812 qui

625 2842 786 2916 lorbeniti
808 2851 906 2915 eraut
921 2862 1001 2912 cum
1017 2841 1093 2935 ipso
1113 2841 1237 2912 comite
1252 2840 1298 2913 de
1314 2840 1452 2914 civitate
1464 2843 1654 2934 Placentie,
1676 2843 1808 2937 absque
1826 2843 2039 2915 consciencia

626 2964 710 3038 dicti
726 2964 860 3036 comitis
875 2975 910 3036 et
929 2963 1036 3057 partis
1048 2963 1244 3036 extrinsece
1262 2963 1307 3036 de
1321 2963 1492 3038 Placentia
1512 2967 1722 3062 pepigerunt
1736 2989 1816 3038 cum
1834 2965 2040 3039 Placentinis

627 3089 824 3162 intrinsecis
846 3097 881 3160 et
903 3088 1042 3160 iverunt
1056 3087 1103 3161 ad
1118 3087 1283 3160 standum
1298 3087 1333 3158 in
1352 3087 1548 3161 confinibus
1561 3090 1597 3160 in
1622 3089 1762 3162 civitate
1778 3089 1984 3174 Mediolani,
2007 3099 2042 3165 et

628 3213 757 3286 familie
774 3233 894 3284 eorum
912 3211 1052 3283 iverunt
1069 3209 1116 3283 ad
1131 3209 1294 3283 standum
1311 3211 1347 3282 iu
1366 3212 1505 3284 civitate
1523 3213 1708 3286 Placentia.

676 3337 740 3409 Die
758 3337 840 3430 luno
857 3335 980 3406 XVMll
995 3334 1125 3407 mensis
1141 3331 1302 3427 augusti,
1320 3335 1478 3429 potencie
1492 3335 1678 3409 Mediolani
1704 3357 1784 3410 cum
1806 3337 1936 3410 milicia
1962 3360 2041 3410 cum

627 3458 994 3556 populoexeuntesde
1007 3458 1147 3530 civitate
1158 3458 1343 3531 Mediolani
1359 3479 1440 3530 oum
1452 3479 1572 3532 eorum
1586 3459 1854 3533 oarooiovcrsus
1868 3461 2041 3535 civitatem

628 3582 747 3656 Laude
761 3583 946 3655 exiverunt
961 3589 996 3654 et
1009 3580 1254 3654 conduxerunt
1268 3583 1381 3677 ipsum
1403 3582 1575 3656 carocium
1598 3583 1771 3678 usquead
1787 3585 1950 3658 Sanctum
1970 3589 2042 3658 Ste-

629 3709 786 3804 phanum
798 3707 900 3800 lcnge
917 3727 938 3778 a
957 3705 1096 3778 civitate
1112 3705 1298 3779 Mediolani
1318 3728 1379 3800 per
1397 3707 1456 3780 Vll
1476 3707 1636 3780 milliaria
1651 3707 1872 3802 expectando
1892 3709 1941 3781 ibi
1957 3731 2041 3804 gen-

630 3842 699 3904 tem
713 3853 811 3905 suam
827 3839 862 3904 ct
877 3831 1007 3904 amicos
1020 3832 1113 3924 ejus;
1134 3830 1193 3903 die
1203 3831 1296 3922 jovis
1311 3829 1405 3902 XXll
1422 3829 1550 3902 mensis
1565 3853 1645 3902 cum
1661 3831 1798 3904 carocio
1811 3842 1847 3904 et
1863 3842 1967 3924 gente
1980 3853 2042 3906 sua

630 3957 889 4049 iveruntusque
900 3955 947 4028 ad
958 3955 1437 4050 Mellegnanumexpectantes
1446 3953 1494 4025 ibi
1502 3965 1640 4046 gentem
1651 3977 1750 4028 suam
1761 3969 1796 4026 ct
1805 3935 1936 4030 amicos
1946 3979 2039 4029 snos.

679 4078 811 4152 Eodem
829 4088 984 4172 tempore
1002 4077 1201 4150 laudenses
1222 4077 1504 4172 operabanturet
1526 4077 1656 4150 dabant
1679 4078 1833 4151 studium
1856 4101 1918 4176 pm
1944 4099 2043 4175 posse

631 4211 672 4274 ut
685 4201 851 4274 haberent
864 4222 1046 4274 commuue
1062 4209 1097 4273 et
1112 4199 1271 4272 homines
1285 4201 1389 4294 Papie
1405 4221 1467 4294 pro
1483 4201 1622 4288 amicis,
1640 4201 1703 4294 qui
1722 4203 1889 4274 miserunt
1902 4203 2041 4298 Papiam

632 4326 721 4400 duos
736 4326 977 4398 ambaxatores
996 4323 1128 4396 scilicet
1144 4323 1302 4419 Rayuum
1322 4323 1367 4396 de
1387 4321 1567 4396 Vietadiuo
1587 4334 1622 4396 et
1644 4324 1855 4397 Bernardum
1877 4326 2041 4398 llinouum

632 4471 696 4546 pro
708 4447 857 4540 jurando
872 4457 908 4519 et
923 4445 1092 4520 firmando
1106 4467 1227 4542 pacem
1239 4456 1274 4518 et
1285 4445 1529 4518 lratemitatem
1543 4447 1682 4518 interae
1699 4448 1809 4520 taliter
1821 4447 2040 4538 ordinantes,

633 4572 713 4644 licet
731 4569 925 4665 displiceret
940 4567 990 4664 (o)
1004 4569 1169 4642 militibus
1185 4571 1290 4665 Papia
1311 4569 1372 4662 qui
1387 4567 1569 4640 Pallabrini
1591 4569 1767 4642 dicuntur.
1788 4569 1892 4655 Quod
1909 4571 2042 4644 consci-

676 4715 716 4794 (c)
739 4717 775 4776 ln
788 4715 886 4776 codice
899 4711 1076 4794 displicatur.
