4554 6080
588 647 650 710 314
1064 645 1305 713 elmonlcon
1329 645 1380 712 nl:
1406 644 1533 713 llllllllS

587 781 771 855 Alberions
784 781 829 855 de
847 783 996 856 Xoardis
1013 784 1101 858 nivis
1115 787 1272 881 Pergami
1288 787 1334 860 de
1350 789 1527 863 voluntate
1547 787 1682 860 consilii
1696 788 1889 892 communis
1908 788 2015 884 Papio

587 906 635 980 ad
648 907 742 1003 ipsos
755 907 942 1002 capiendos
958 919 993 980 et
1010 909 1206 1003 puniendos
1225 913 1379 1006 procedit
1391 913 1518 985 etfacit
1532 922 1702 1005 quantum
1721 921 1832 1007 potest
1845 912 2009 986 debono.

587 1031 720 1104 Eodem
738 1041 892 1128 tempore
908 1035 1012 1129 paulo
1026 1043 1107 1105 ante
1123 1043 1198 1108 orta
1215 1047 1267 1108 est
1285 1039 1437 1110 maxima
1460 1035 1636 1109 discordia
1659 1035 1749 1108 inter
1765 1035 1942 1108 Albertnm
1967 1037 2015 1108 de

587 1156 741 1230 Fontana
763 1166 798 1229 et
816 1157 893 1229 illos
912 1157 956 1228 de
979 1157 1084 1230 domo
1104 1181 1168 1232 suo
1193 1161 1326 1232 exalia
1352 1171 1494 1256 propter
1511 1159 1632 1232 odium
1658 1159 1722 1232 din
1746 1169 2013 1254 preeonoeptum

587 1289 701 1353 ortum
722 1281 904 1353 interillos
922 1280 967 1353 de
985 1281 1139 1356 Fontana
1153 1291 1188 1355 et
1207 1283 1435 1357 Pallastrellos
1458 1284 1618 1379 pluribus
1633 1282 1679 1356 de
1696 1283 1812 1356 causis
1831 1310 1840 1354 :
1859 1305 1930 1356 una
1945 1284 2014 1354 sei-

587 1405 668 1477 licet
686 1405 770 1499 quia
795 1404 858 1477 din
883 1405 1052 1499 estquod
1079 1406 1203 1478 Vitalis
1227 1406 1458 1480 Pallastrellus
1477 1407 1687 1481 adulteravit
1711 1407 1816 1480 filiam
1834 1406 2014 1501 quondam

587 1527 729 1601 Antonii
747 1529 965 1601 Leccaiarine
978 1530 1022 1603 de
1037 1530 1202 1621 Fontana,
1216 1543 1336 1628 postea
1353 1533 1481 1606 oceidit
1500 1533 1610 1604 lilium
1626 1531 1712 1605 dicti
1727 1531 1885 1624 Antonii3
1905 1532 2014 1603 altera

587 1653 718 1726 seilicet
731 1649 815 1748 quia
834 1653 927 1726 idem
946 1653 1109 1726 Albertus
1121 1655 1167 1728 de
1185 1657 1337 1730 Fontana
1352 1677 1416 1752 pro
1434 1655 1674 1729 conservando
1689 1654 1908 1728 eoncordiam
1922 1653 2015 1728 inter

587 1797 626 1850 se
647 1785 682 1850 et
700 1777 833 1849 dietum
854 1777 1046 1850 iohannem
1067 1778 1259 1852 tradiderat
1277 1781 1484 1873 juramentis
1505 1781 1550 1853 ab
1574 1789 1722 1876 utraque
1744 1789 1842 1877 parte
1859 1779 2013 1876 prestitis

587 1899 693 1974 filiam
716 1923 816 1973 suam
836 1902 898 1972 uni
920 1921 967 1974 ex
983 1899 1062 1974 filiis
1078 1903 1245 1976 Iohannis
1264 1905 1474 1992 Pallastrelli‚
1495 1927 1601 2000 qnam
1618 1903 1713 1979 idem
1731 1903 1905 1977 lohannes
1922 1903 2014 1976 reoi-

585 2049 669 2122 pere
685 2025 800 2100 noluit
813 2047 878 2098 nee
895 2025 1025 2098 babere
1039 2049 1103 2122 pro
1123 2051 1234 2120 nuru3
1253 2031 1318 2102 alia
1341 2051 1424 2102 vero
1444 2031 1527 2124 quia
1541 2029 1636 2103 idam
1651 2027 1824 2110 lohannes
1840 2038 1874 2101 et
1888 2027 2015 2100 Alben-

587 2163 644 2226 tus
662 2152 877 2225 contendunt
898 2151 944 2226 de
962 2153 1037 2248 pari
1056 2154 1094 2224 in
1117 2154 1355 2228 dominatione
1380 2156 1531 2230 civitatis
1558 2155 1749 2246 Placentie,
1776 2163 1917 2250 propter
1940 2175 2014 2249 que

585 2299 679 2350 unus
695 2299 817 2349 versus
828 2278 934 2348 alium
948 2279 1056 2349 multa
1075 2279 1189 2374 turpia
1206 2279 1312 2352 verba
1330 2287 1364 2352 et
1376 2281 1467 2352 mala
1483 2277 1588 2371 dicit,
1606 2287 1641 2350 et
1658 2287 1819 2350 crescunt
1837 2277 1946 2351 verba
1966 2273 2014 2348 de

586 2401 644 2474 die
662 2402 697 2471 in
713 2401 825 2492 diem,
839 2400 921 2473 licet
937 2402 1106 2474 absconsa
1124 2401 1194 2474 sint
1207 2403 1316 2475 verba
1337 2413 1373 2475 et
1391 2402 1513 2475 odium
1536 2403 1724 2475 occultum.
1743 2401 1838 2475 ldem
1853 2421 1937 2474 vero
1953 2398 2014 2472 Al-

585 2525 704 2597 bertus
717 2525 761 2596 de
773 2525 927 2597 Fontana
938 2527 1055 2620 plures
1067 2527 1174 2599 babet
1183 2535 1359 2600 secutores
1372 2549 1479 2620 quam
1492 2527 1567 2622 ipse
1576 2526 1763 2617 lohannes,
1780 2547 1844 2620 pro
1861 2546 1902 2598 oo
1912 2523 2013 2618 quod

585 2650 661 2744 ipse
687 2648 861 2722 Iohannes
887 2649 950 2742 qui
976 2658 1029 2721 est
1053 2659 1202 2746 potestas
1226 2651 1415 2723 Mediolani
1445 2649 1492 2722 ad
1520 2649 1777 2740 instigationem
1802 2649 1939 2720 illorum
1964 2645 2013 2719 de

585 2775 710 2846 Lature
735 2773 874 2847 volebat
897 2783 932 2845 et
958 2774 1097 2868 petebat
1119 2774 1366 2846 aPlacentinis
1385 2773 1482 2868 qnod
1501 2773 1653 2846 lacerent
1675 2793 1836 2867 guerram
1859 2771 2011 2866 Pupien-

586 2897 684 2970 sibns
711 2896 757 2968 ad
780 2895 1044 2991 postulationem
1066 2897 1214 2969 militum
1239 2898 1346 2992 Papie
1362 2898 1425 2992 qui
1448 2896 1633 2969 Fallabrini
1661 2895 1827 2970 dicuntur
1852 2903 1887 2967 et
1912 2893 2013 2988 quod

586 3019 785 3094 diffiderent
812 3021 988 3094 civitatem
1014 3020 1133 3092 Laude
1165 3031 1200 3092 et
1231 3021 1392 3094 homines
1424 3021 1620 3093 habitantes
1656 3020 1692 3091 iu
1728 3021 1805 3116 ipsa
1839 3027 1874 3091 et
1911 3016 2013 3112 quod

586 3147 711 3220 darent
723 3145 916 3219 exercitum
931 3169 995 3241 pro
1012 3147 1191 3217 communi
1213 3169 1332 3218 eorum
1349 3146 1502 3218 carrocio
1515 3146 1562 3218 ad
1579 3145 1773 3218 exercitum
1790 3141 1887 3236 quud
1907 3163 2013 3214 oom-

586 3295 691 3344 mune
706 3269 892 3344 Mediolani
914 3270 990 3341 vult
1010 3269 1122 3342 facere
1147 3291 1251 3364 super
1277 3269 1500 3358 laudenses3
1526 3278 1561 3340 et
1588 3269 1626 3339 in
1651 3267 1718 3340 boc
1738 3265 1917 3338 laborabat
1938 3273 2012 3338 toto

586 3413 687 3493 posse
710 3394 884 3468 lohannes
908 3393 1127 3466 Palastrellus
1152 3403 1185 3465 et
1212 3394 1266 3464 sui
1290 3415 1456 3487 sequaces
1489 3401 1524 3466 et
1547 3393 1597 3462 illi
1620 3392 1665 3465 de
1687 3393 1830 3480 Latum,
1859 3397 2011 3484 potestas

586 3521 759 3594 Placentie
777 3543 823 3593 ex
842 3520 914 3610 eis;
934 3516 1096 3589 Albertus
1111 3537 1193 3589 veru
1207 3517 1252 3590 de
1269 3518 1423 3589 Fontana
1438 3525 1474 3588 et
1491 3517 1547 3588 sui
1569 3515 1713 3587 viriliter
1728 3512 1947 3586 resistebant.
1967 3513 2012 3583 Et

586 3645 669 3740 quia
682 3644 840 3717 homines
855 3643 934 3739 plus
946 3640 1105 3712 affectant
1121 3661 1240 3735 paoem
1264 3637 1270 3735 Ι
1292 3662 1398 3734 qnam
1413 3659 1590 3734 guerram,
1607 3636 1688 3710 ideo
1702 3636 1819 3732 plures
1833 3633 1956 3706 habuit
1972 3633 2010 3703 in

587 3769 738 3842 consiliis
757 3779 791 3841 et
813 3767 896 3840 alibi
916 3774 1089 3839 secutores
1108 3787 1214 3860 quam
1237 3765 1331 3838 idem
1355 3765 1529 3838 lohannes
1554 3771 1588 3834 et
1615 3760 1733 3834 omnia
1750 3767 1854 3854 pacta
1869 3758 1906 3828 in
1924 3777 2011 3828 con-

586 3892 674 3964 siliis
687 3891 818 3964 iniebat
832 3889 883 3989 (a)
897 3889 1059 3985 qualibus
1069 3913 1149 3986 pare
1159 3891 1302 3962 istorum
1318 3887 1465 3982 acquirit
1478 3887 1609 3960 amieos
1623 3896 1791 3979 quantum
1806 3889 1930 3978 potest,
1950 3878 2011 3951 dl-

587 4019 707 4090 bertus
731 4025 767 4088 et
790 4014 844 4086 sui
866 4015 1033 4110 populum
1059 4015 1165 4109 Papia
1192 4022 1226 4085 et
1250 4013 1326 4106 ejus
1346 4033 1536 4106 sequaces,
1565 4009 1739 4082 lohannes
1758 4027 1844 4078 vero
1869 4003 1946 4075 illos
1963 4001 2011 4074 do

587 4144 712 4216 Lature
726 4150 761 4214 et
780 4140 866 4212 alios
884 4149 1053 4232 qnantum
1076 4133 1236 4235 [potest],
1255 4137 1334 4208 linet
1351 4137 1525 4231 privatim.
1553 4131 1687 4205 Eodem
1710 4141 1867 4226 tempore
1894 4125 2011 4196 Pisani

589 4265 815 4340 communiter
836 4271 871 4336 et
891 4263 1105 4336 concorditer
1126 4263 1332 4357 pepigerunt
1348 4281 1428 4332 cnm
1449 4279 1533 4353 rege
1548 4257 1696 4348 Karulo‚
1721 4253 1923 4350 pollicentes
1941 4247 2011 4320 sibi

591 4389 675 4462 dare
691 4388 857 4459 tributum
880 4387 916 4457 iu
930 4386 1041 4458 tribus
1057 4387 1158 4458 annis
1176 4386 1240 4456 Xll
1258 4385 1365 4457 millia
1381 4383 1502 4456 unzias
1517 4381 1595 4455 auri
1609 4403 1689 4453 cum
1703 4377 1837 4451 cunctis
1850 4373 1960 4470 pactis
1975 4380 2012 4444 et

588 4509 884 4585 ¹conventionibus
900 4507 989 4581 inter
1001 4529 1060 4579 eos
1072 4505 1235 4599 adjectis;
1255 4507 1303 4580 ita
1318 4515 1433 4578 tamen
1446 4505 1542 4600 qnod
1554 4525 1619 4578 rex
1632 4503 1783 4576 Karulns
1795 4499 1930 4572 nullum
1948 4495 2013 4570 do·

631 4777 675 4860 (a)
684 4771 788 4840 'Locus
801 4779 833 4839 in
846 4778 945 4840 uodlee
960 4777 1045 4839 foede
1058 4778 1200 4858 mutilus,
1215 4779 1324 4841 seilicet
1337 4776 1434 4840 omnia
1442 4777 1578 4859 perarua
1590 4775 1625 4837 iu
1641 4769 1768 4834 consiliis
1783 4765 1920 4832 uinubut.
