4594 6066
797 673 838 735 ΙΝ
863 672 1001 736 l'i'ALill
1027 669 1181 734 osssvls.
1640 675 1695 738 181

280 833 420 903 eornm,
441 809 735 899 Terdonensibus,
752 809 1039 899 vercellensibus,
1054 805 1338 898 Novaniensibus,
1354 805 1558 880 Astansibns
1573 820 1608 882 et
1621 811 1698 882 aliis

283 935 329 1010 de
359 935 585 1010 Pemontibns
605 931 656 1030 (o)
683 931 746 1028 qui
774 940 1007 1006 remanserant
1036 940 1122 1026 aput
1148 930 1283 1025 plebem
1309 931 1398 1026 porti
1426 931 1582 1023 Moruni,
1610 935 1698 1007 iacto

281 1069 388 1156 ponte
411 1059 556 1132 navium
581 1079 688 1152 snpra
707 1055 841 1129 Padum
863 1079 926 1152 per
943 1055 1099 1128 medium
1118 1055 1291 1128 Plebetam
1313 1063 1482 1127 venerunt
1504 1055 1550 1128 ad
1573 1057 1699 1130 assidi-

281 1182 410 1255 tionem
427 1181 558 1254 castelli
579 1181 672 1253 illius
688 1180 803 1276 pontis
822 1179 990 1252 deversus
1012 1179 1187 1252 Placentia
1204 1177 1294 1274 (sic).
1313 1179 1502 1251 Placentini
1523 1201 1607 1252 vero
1625 1184 1699 1274 jam

281 1315 488 1402 pussuerant
507 1305 544 1377 in
565 1304 725 1378 custodia
750 1304 842 1376 illins
867 1305 981 1398 pontis
1002 1305 1070 1376 billi
1092 1303 1225 1397 pedites
1249 1303 1400 1375 civitatis
1424 1313 1460 1375 et
1481 1305 1699 1400 episcopatus

280 1437 317 1502 et
332 1431 459 1502 multas
477 1428 618 1502 balistas
636 1439 812 1524 syclorum
831 1425 878 1524 (b)
895 1437 930 1500 et
953 1427 1129 1499 victualia.
1155 1426 1287 1500 Deinde
1306 1427 1490 1522 Papienses
1510 1441 1700 1522 posuerunt

281 1553 342 1626 XL
366 1575 477 1627 naves
498 1574 643 1646 magnas
669 1552 815 1624 interius
841 1560 981 1646 pontem
1010 1572 1114 1624 causa
1142 1549 1291 1623 laciendi
1314 1551 1422 1624 alium
1447 1562 1587 1648 pontem
1611 1554 1701 1628 inle-

280 1678 375 1762 rins3
394 1686 638 1772 permanentes
655 1675 824 1769 sagittarii
841 1673 1055 1772 imperatoris
1073 1682 1108 1746 et
1121 1674 1341 1768 Papiensium
1355 1675 1391 1746 in
1405 1675 1497 1768 ripa,
1514 1675 1701 1769 sagitanlas

280 1823 390 1874 naves
405 1822 476 1894 que
492 1809 683 1874 mercatum
702 1799 797 1894 ponti
824 1797 1037 1872 deferebant.
1058 1797 1126 1881 Qui
1150 1820 1229 1868 cnm
1249 1819 1381 1870 moram
1404 1799 1479 1870 lllll
1497 1800 1633 1872 dierum
1651 1801 1701 1873 ibi

280 1925 459 2015 iecissent,
480 1923 541 1996 die
564 1923 700 1996 sabbati
723 1923 754 1994 V
777 1923 905 1994 mensis
931 1920 1129 1992 novembris
1150 1920 1301 2016 proximi
1330 1921 1515 2016 Papienses
1541 1923 1701 1998 videntes

280 2047 413 2120 ilumen
432 2047 519 2120 Padi
537 2045 686 2118 nimium
703 2067 875 2135 crescere,
894 2044 1014 2116 habito
1029 2044 1172 2116 oonsilio
1190 2066 1297 2116 naves
1312 2067 1401 2138 quas
1417 2053 1595 2118 traxerant
1612 2047 1701 2120 inira

279 2179 420 2266 pontem
433 2169 607 2243 Placentia
620 2169 797 2242 destruere
814 2177 981 2264 ceperunt
991 2178 1026 2240 et
1043 2168 1206 2241 bricolam
1226 2179 1262 2240 et
1276 2169 1345 2240 alia
1359 2168 1534 2262 hedificia,
1551 2181 1585 2243 et
1598 2173 1701 2244 motis

279 2294 473 2390 temptoriis
490 2315 611 2366 eorum
627 2303 798 2366 venerunt
811 2293 847 2364 in
865 2302 978 2388 partes
992 2290 1037 2386 (c)
1052 2291 1231 2365 desubtus
1244 2293 1568 2366 Fontanam.Etdie
1585 2295 1702 2368 domi-

279 2419 360 2492 niou
382 2417 544 2512 proximo
568 2438 705 2490 summo
734 2438 854 2506 mane,
874 2416 1059 2510 imperator
1083 2415 1193 2488 movit
1220 2438 1284 2488 sua
1313 2425 1424 2490 castra
1452 2419 1636 2513 posuitque
1659 2441 1702 2494 ea

278 2563 386 2636 super
407 2539 413 2638 Ι
436 2549 565 2614 costam
584 2540 676 2632 Orii,
701 2539 914 2612 remanendo
935 2539 981 2612 de
997 2539 1154 2611 exercitu
1170 2560 1235 2612 suo
1252 2550 1392 2634 propter
1407 2540 1701 2636 importunitatem

279 2666 491 2760 temporiset
504 2663 689 2736 crescentis
704 2663 809 2754 Padi,
830 2662 913 2758 quia
931 2684 993 2758 per
1006 2663 1165 2758 quinque
1187 2662 1263 2737 dies
1277 2685 1348 2735 non
1370 2665 1519 2736 cessavit
1535 2667 1698 2760 pluvere,

277 2789 388 2862 multa
401 2810 498 2860 carm
513 2797 547 2860 et
564 2795 707 2880 vegetes
721 2785 773 2882 (d)
788 2795 822 2858 et
834 2785 971 2859 edificia
984 2787 1032 2858 ibi
1051 2787 1300 2881 relinquerunt.
1316 2787 1360 2859 lit
1373 2786 1431 2860 die
1445 2789 1529 2860 lune
1542 2793 1701 2884 sequemi

277 2913 467 3008 imperator
485 2933 565 2984 cum
588 2911 725 2984 milieiis
745 2911 820 2984 suis
837 2911 1006 3006 equitavit
1022 2910 1173 2984 Laudem
1198 2911 1235 2982 in
1259 2933 1328 3006 qua
1352 2911 1433 2984 lecit
1447 2913 1700 3007 parlamentum

157 3085 163 3092 ·
277 3059 359 3110 cnm
374 3037 448 3109 suis
459 3035 678 3132 principibus
690 3044 727 3108 et
741 3035 826 3110 viris
841 3034 1072 3128 prudentibus
1092 3056 1156 3106 sue
1172 3033 1292 3128 partis.
1313 3035 1358 3104 Et
1376 3033 1460 3108 inde
1477 3048 1628 3110 semotus
1642 3062 1698 3112 ac·

278 3162 412 3258 cipieus
434 3161 564 3232 multos
586 3159 828 3233 ambexatures
844 3159 999 3231 omniurn
1021 3158 1199 3230 civitatum
1218 3179 1281 3229 sne
1301 3158 1426 3251 partis,
1446 3161 1542 3231 venit
1560 3162 1700 3236 Cremo·

275 3307 359 3358 nam
374 3284 539 3359 ducendo
557 3307 676 3358 seeum
692 3283 743 3357 CC
759 3283 883 3356 milites
893 3282 1029 3371 Laude,
1046 3283 1222 3374 Pergami,
1237 3282 1488 3376 vercellarum,
1507 3287 1698 3359 Novarien·

276 3409 369 3482 dum
386 3407 449 3505 (e),
464 3407 596 3481 iaciens
611 3407 768 3480 similiter
782 3407 909 3480 ducere
924 3416 1003 3502 post
1020 3427 1059 3478 se
1075 3405 1108 3476 x
1125 3405 1250 3476 milites
1268 3404 1454 3479 Mediolani
1469 3409 1531 3501 qui
1549 3419 1647 3482 eraut
1661 3411 1698 3482 in

275 3533 472 3606 carceribus
490 3533 598 3628 Papie
617 3541 652 3604 et
674 3531 805 3606 Laude.
826 3531 960 3604 Deinde
984 3529 1158 3624 accipiens
1181 3527 1227 3602 de
1245 3527 1411 3602 Cremona
1427 3552 1548 3604 omnes
1572 3533 1699 3607 milites

275 3655 483 3745 biediolani,
498 3655 686 3744 Placentia,
710 3655 850 3747 Creme,
870 3663 990 3751 captos
1007 3653 1043 3724 in
1061 3653 1170 3748 prelio
1192 3651 1237 3724 de
1255 3652 1448 3727 Curlenova
1466 3664 1501 3727 et
1518 3655 1564 3728 ad
1579 3657 1697 3729 Buxe-

277 3788 371 3871 tnm,
395 3781 476 3853 lecit
499 3799 560 3854 eoa
585 3777 713 3853 ducere
732 3779 927 3852 vinculatos
952 3777 1147 3850 incivitate
1167 3776 1306 3866 Parme,
1326 3785 1403 3870 post
1426 3799 1465 3850 se
1482 3801 1562 3850 cum
1580 3781 1698 3853 multis

277 3903 455 3978 cesidibus
477 3903 523 3976 de
549 3902 703 3976 biarche.
725 3903 769 3974 Et
792 3901 964 3974 mandans
986 3899 1146 3974 comitem
1166 3897 1359 3972 Guidonem
1379 3899 1424 3972 de
1445 3903 1596 3974 Lemello
1617 3924 1698 3975 cum

276 4027 427 4100 militnm
452 4025 618 4100 comitiva
637 4025 686 4100 ad
708 4025 882 4099 civitatem
907 4023 1084 4118 Pergami,
1110 4021 1191 4094 fecit
1217 4021 1346 4096 ducere
1370 4022 1501 4096 exinde
1525 4025 1550 4096 C
1574 4026 1699 4100 milites

275 4151 464 4226 Mediolani
484 4157 519 4224 et
534 4149 676 4224 xxvlu
693 4149 821 4224 milites
842 4148 1034 4238 Placentia,
1060 4165 1149 4242 qnos
1167 4155 1320 4242 tempore
1337 4145 1419 4220 belli
1441 4147 1486 4220 de
1505 4146 1699 4226 curtenova

317 4362 360 4445 (a)
386 4365 434 4427 Sle
447 4381 501 4442 pro
513 4360 736 4425 Pedemculillw
750 4363 796 4424 vel
807 4359 1000 4424 Pedemontio.

317 4471 359 4551 (ll)
380 4473 447 4536 Vox
461 4473 577 4532 mutila.
592 4471 730 4532 Forsitan
741 4471 911 4534 εαίεωπιηι.

317 4576 356 4658 (e)
383 4578 420 4638 In
433 4577 535 4638 codice
543 4577 654 4656 partie.

315 4682 361 4764 (d)
383 4685 449 4757 Sic,
463 4683 588 4745 forsitan
606 4699 661 4761 pro
673 4679 813 4760 aalma,
827 4683 925 4744 ltnllce
937 4681 1048 4762 coyata.

316 4789 355 4871 (a)
381 4791 417 4852 ln
431 4791 533 4853 ccdlce
546 4791 708 4868 Novar-im,
724 4791 828 4853 addito
840 4789 1005 4870 compendit
1020 4791 1105 4869 signo
1114 4789 1195 4867 quod
1206 4805 1251 4849 em
1264 4789 1311 4850 val
1320 4805 1371 4848 um
1384 4789 1513 4851 indicare
1521 4791 1608 4852 solet.

1735 2571 1784 2616 Ful.
1792 2570 1819 2614 28
1827 2581 1899 2614 verto.
