4676 6066
936 705 1134 786 enirncn

546 861 652 930 Roma
669 859 723 928 diu
740 858 881 928 titubans
896 858 1001 948 longis
1018 853 1180 925 erroribus
1199 851 1295 943 [acta]

594 973 731 1044 Corruct
747 981 780 1043 et
796 972 907 1042 mundi
923 971 1047 1040 desinet
1063 989 1133 1039 csse
1151 975 1258 1056 capot.

548 1089 631 1158 Fata
647 1097 782 1158 monent
796 1089 952 1177 stelquue
968 1087 1083 1155 docent
1099 1069 1266 1170 ariumque
1281 1079 1407 1150 volatus

593 1203 687 1286 Quod
703 1202 894 1273 Fredcricus
914 1202 1049 1272 malleus
1064 1200 1114 1289 (l)
1128 1197 1215 1266 orbis
1231 1184 1303 1265 eritss

549 1317 631 1388 Fata
647 1319 762 1387 scilent
777 1319 930 1406 stellaque
944 1323 1051 1385 tacent
1064 1315 1232 1401 ariumque
1246 1311 1372 1381 rotatus

593 1431 687 1518 Quod
699 1433 787 1502 Petri
801 1435 891 1502 navis
906 1432 1030 1501 desinet
1044 1433 1117 1498 esse'
1131 1435 1238 1517 caput.

594 1547 702 1620 Solius
717 1556 767 1616 est
781 1535 831 1616 sui
846 1549 930 1616 scire
944 1547 1049 1616 lutura
1064 1545 1134 1613 bei.
1245 1633 1248 1638 Ι

547 1660 708 1732 Gaudebit
721 1664 893 1752 imperium
908 1669 1062 1752 quantum
1078 1657 1217 1748 gaudere
1228 1656 1350 1726 licebit.

549 1775 648 1866 Cujus
663 1775 704 1846 ad
717 1779 888 1868 imperium
902 1775 1085 1844 dominatur
1097 1774 1200 1842 Roma
1211 1771 1342 1862 jacebit.

550 1891 639 1982 Papa
654 1901 767 1982 stupor
782 1889 907 1969 mundi,
922 1888 1020 1958 bursa
1037 1888 1163 1968 Simon,
1182 1884 1321 1975 stupebit
1367 1913 1370 1922 ¹

548 2004 630 2076 Cum
646 2003 744 2074 nichil
758 2003 866 2072 allerri
881 2002 974 2070 solito
991 2001 1051 2069 sibi
1066 2001 1156 2068 more
1171 1999 1302 2069 uidebit.

549 2119 598 2190 Dc
610 2119 806 2210 prelatorum
823 2126 956 2208 captura
974 2137 1054 2206 papa
1070 2115 1208 2193 dolebit,

547 2231 609 2304 Sed
623 2233 663 2302 de
675 2233 801 2323 jactura
816 2251 923 2302 rerum
940 2232 1122 2300 cruciamen
1136 2227 1275 2296 babebit.

551 2348 658 2432 Quum
671 2348 809 2416 lormam
825 2347 913 2437 pacis
928 2365 1099 2436 guerarum
1115 2345 1188 2412 linis
1203 2341 1351 2424 habebit,

547 2462 686 2534 Garrula
702 2463 846 2531 conscilii
866 2469 933 2528 tota
948 2459 1023 2528 dum
1038 2461 1147 2548 lingua
1161 2457 1268 2527 silebit

546 2577 590 2646 Et
605 2597 685 2667 puer
698 2577 814 2666 Apulis
830 2583 932 2644 terras
949 2575 982 2642 in
999 2593 1078 2664 pace
1094 2571 1233 2652 tenebit,

547 2691 662 2760 Veniet
675 2689 772 2758 draco
787 2709 923 2779 magnus
939 2707 1013 2756 cum
1027 2689 1185 2756 immenso
1202 2683 1330 2754 turbine
1346 2682 1469 2754 mundi.

551 2804 768 2875 Mediolanum
789 2813 913 2872 tentum
929 2823 1044 2870 eruore
1057 2801 1179 2869 fervido
1195 2799 1284 2868 necis

548 2918 785 2998 llcsuscilabit‚
806 2919 875 2988 uiso
892 2937 1006 2986 cruore
1022 2917 1135 2984 mortis
1139 2965 1234 2984 .......

550 3035 730 3104 Reviuiscet
745 3033 805 3114 bl..
821 3033 973 3102 mactabit
987 3041 1082 3120 caput
1092 3031 1252 3098 draconis.

548 3148 680 3218 llantua
694 3148 880 3218 succumbet
896 3149 985 3236 gravi
999 3147 1153 3216 seruitute
1168 3154 1292 3214 coacta.

547 3263 652 3334 lanua
669 3261 816 3332 turbatur
828 3282 943 3332 cruore
957 3259 1076 3329 feruido
1092 3261 1216 3328 mortis.

550 3377 714 3448 Placentia
729 3376 848 3468 patebit
865 3395 961 3466 grave
976 3373 1102 3466 pondus
1117 3393 1190 3442 cum
1204 3393 1263 3462 sag
1266 3423 1332 3442 .....

553 3493 703 3562 Venetiae
718 3493 840 3582 aperiet
854 3511 951 3560 venas
967 3491 1070 3580 pariet
1085 3488 1224 3577 undique
1240 3505 1388 3575 regnum.

553 3605 701 3677 Moretur
715 3605 812 3674 draco
826 3613 859 3674 et
873 3605 972 3695 lugiet
987 3603 1126 3692 undique
1141 3621 1201 3692 per
1215 3598 1362 3693 [orbeml.

551 3719 647 3790 torta
663 3719 810 3787 millenos
824 3719 978 3788 ducentos
994 3719 1121 3807 triginta
1138 3735 1194 3784 sex

328 3907 1742 3930 ψ-φ--ιωι-ω-μ-Μ--Ἣ

326 4025 530 4131 astrologucs
560 4025 678 4093 iauoris
704 4022 744 4090 de
765 4023 916 4091 Frdddrie
937 4021 982 4101 ll,
1004 4041 1039 4089 se
1061 4021 1170 4088 meluit
1195 4019 1234 4088 de
1259 4017 1474 4109 propbdtiscr.
1495 4019 1637 4092 «Edidit
1662 4025 1749 4096 enim

326 4161 440 4210 versus
451 4139 567 4228 quibus
580 4137 791 4226 quarumdam
807 4136 933 4204 urbium
948 4135 1056 4204 ltaliae
1076 4137 1202 4202 ruinam
1216 4134 1386 4222 variosque
1398 4131 1556 4224 praedixit
1569 4145 1711 4208 eventus.
1729 4165 1746 4204 n

326 4257 390 4346 dp.
407 4255 595 4334 blunnron„
606 4255 730 4336 Sempe,
746 4261 772 4319 t.
790 4252 846 4328 lx.
864 4271 895 4338 p.
918 4247 995 4318 oro.
1013 4251 1038 4318 ll
1050 4270 1091 4318 ne
1105 4249 1203 4317 serait
1222 4269 1282 4339 pas
1296 4251 1451 4318 etonnant
1465 4269 1527 4340 que
1542 4250 1590 4332 les
1607 4271 1680 4322 vern
1693 4254 1747 4323 in·

327 4368 418 4436 adres
432 4359 624 4440 dana'notre
644 4365 821 4430 manuscrit
837 4359 959 4428 lussent
975 4381 1054 4429 ceux
1073 4361 1113 4430 do
1128 4359 1243 4430 blicbel
1260 4359 1350 4430 Scot.
1369 4361 1421 4431 Un
1444 4362 1507 4433 lla.
1525 4362 1565 4432 de
1581 4365 1748 4438 Bruxellcs

328 4491 364 4549 n⁰
379 4477 492 4548 trodo
507 4479 554 4546 les
568 4477 613 4546 lul
628 4477 766 4546 attribue
783 4469 1015 4565 positivement.

374 4595 425 4683 (l)
448 4594 474 4662 ll
489 4614 510 4683 y
524 4613 543 4662 a
558 4589 639 4660 dans
654 4591 685 4658 le
703 4590 880 4658 manuscrit
894 4593 1007 4658 oredoa
1027 4591 1071 4660 lci
1085 4599 1118 4657 ct
1132 4591 1204 4680 plus
1218 4589 1276 4658 bas
1294 4611 1376 4659 nous
1392 4611 1492 4661 avons
1506 4593 1631 4683 corrige
1642 4593 1747 4666 diacre

329 4719 415 4778 mots
430 4708 507 4775 dont
521 4705 552 4774 la
566 4705 668 4774 iorme
682 4713 732 4773 est
745 4703 957 4772 dridcmmcut
974 4704 1101 4772 alterae.
1117 4705 1197 4774 blais
1211 4725 1294 4774 nous
1308 4727 1407 4775 avons
1421 4704 1465 4776 dui
1477 4709 1664 4778 rcnonccrd
1680 4730 1746 4779 res-

331 4823 430 4893 tituer
442 4823 473 4892 lc
493 4841 570 4892 sens
582 4820 657 4890 d'uo
670 4819 771 4911 grand
788 4819 922 4887 nombre
940 4818 980 4886 de
995 4817 1128 4907 phrases
1147 4839 1188 4887 ou
1206 4817 1246 4888 dc
1263 4839 1335 4888 rere
1349 4819 1477 4890 mutilis
1490 4841 1550 4913 par
1563 4821 1595 4892 lc
1611 4824 1744 4915 copistc.
