4568 6064
606 614 667 674 352
1086 617 1329 681 cunorllcou
1353 619 1404 678 DE
1429 617 1557 678 MERUS

655 751 705 822 De
721 771 840 822 mense
853 751 1056 824 novembris
1072 753 1235 826 dominus
1248 753 1435 847 Gregorius
1448 773 1538 847 papa
1553 749 1713 823 decimus
1724 748 1843 820 habito
1858 745 2030 841 colloquio

604 895 685 946 cum
703 873 846 948 domino
861 898 945 966 rege
958 877 1102 950 Castelle
1113 889 1148 952 et
1164 878 1278 951 diviso
1296 879 1340 951 ab
1354 899 1413 970 eo,
1433 877 1497 948 ivit
1509 875 1556 949 ad
1571 876 1742 946 Lusanam
1759 883 1793 946 et
1809 872 1932 944 habuit
1951 871 2029 943 col-

605 998 761 1090 loquium
776 1020 855 1070 cum
876 999 1020 1073 domino
1044 1001 1191 1075 llodulio
1207 1004 1242 1074 in
1266 1023 1383 1096 regem
1402 1003 1632 1073 Romanorum
1657 999 1767 1070 electo
1784 1005 1820 1068 et
1833 993 1892 1068 die
1908 994 2028 1066 martis

606 1123 667 1193 Xll
698 1123 825 1194 mensis
854 1125 1051 1198 novembris
1082 1127 1248 1221 applicuit
1279 1127 1314 1197 in
1345 1125 1485 1198 civitate
1508 1122 1717 1208 Mediolani,
1750 1129 1785 1192 et
1811 1119 1870 1190 die
1892 1117 2027 1192 veneris

604 1245 698 1316 XXll
724 1247 922 1318 novembris
941 1249 1109 1342 applicuit
1132 1251 1167 1320 in
1188 1250 1329 1322 civitate
1348 1248 1522 1320 Placentie
1548 1247 1596 1317 nil
1616 1245 1711 1340 pacis
1731 1243 1779 1316 ibi
1800 1251 1968 1332 tractuum
1994 1251 2028 1315 et

604 1367 663 1439 dio
687 1369 793 1441 tercio
818 1369 1013 1442 decembris
1031 1372 1143 1444 exivit
1163 1371 1208 1444 de
1237 1371 1407 1446 Placentia
1435 1381 1470 1444 et
1496 1369 1692 1442 successive
1719 1367 1876 1462 graditur
1904 1385 2026 1440 versus

603 1491 746 1562 Urbem.

654 1615 716 1687 Die
731 1617 914 1688 venerisX
934 1619 1062 1690 mensis
1073 1619 1225 1711 januarii
1236 1618 1398 1694 dominus
1411 1641 1503 1716 papa
1518 1617 1692 1714 predictus
1707 1617 1741 1686 in
1760 1614 1900 1688 civitate
1914 1613 2027 1688 Arecii

602 1738 701 1810 obiit.

651 1863 715 1934 Die
730 1863 848 1934 martis
866 1865 947 1934 XXI
968 1865 1098 1937 mensis
1109 1867 1278 1959 Januarii‚
1302 1865 1496 1939 cardinales
1510 1865 1545 1936 in
1560 1863 1743 1936 concordia
1757 1862 1930 1956 eligerunt
1947 1861 2027 1956 epi-

602 2007 747 2079 scopum
766 1987 811 2060 de
829 1989 947 2060 Hostia
967 1989 1001 2060 in
1024 2011 1199 2062 summum
1219 1989 1414 2085 pontificem
1432 1999 1467 2062 et
1485 1999 1646 2062 vocatum
1662 1997 1714 2060 cst
1731 2008 1857 2058 nomen
1873 1988 1950 2078 ejus
1969 1987 2025 2056 ln·

602 2111 784 2182 nocentius
797 2112 942 2204 quintus
957 2124 992 2184 et
1011 2113 1069 2185 die
1082 2115 1178 2185 XXll
1187 2114 1277 2205 junii
1293 2114 1392 2187 obiit.
1411 2113 1508 2186 Vixit
1521 2123 1637 2186 autem
1656 2113 1721 2184 iste
1736 2111 1873 2206 papa.V
1887 2131 2026 2182 menses

600 2236 667 2306 etl
695 2233 798 2308 diem.
820 2238 917 2309 Tunc
937 2237 1099 2310 dominus
1124 2239 1294 2312 Rodullus
1320 2241 1355 2312 in
1382 2261 1498 2332 regem
1517 2239 1748 2310 Romanorum
1776 2236 1907 2308 clectus
1931 2235 2027 2308 misit

600 2380 703 2430 suum
732 2360 960 2432 canzclerium
982 2362 1016 2432 iu
1041 2361 1283 2434 Lombardiam
1310 2372 1345 2436 et
1366 2363 1571 2453 juraveruut
1591 2359 1732 2432 domino
1753 2358 1827 2449 regi
1851 2359 1918 2448 isto
1936 2355 2026 2430 fide-

601 2481 743 2554 litatem.
763 2481 895 2554 Eodem
911 2493 1067 2577 ternpore
1087 2485 1241 2556 marchio
1259 2483 1481 2558 Montislerati
1499 2481 1621 2554 babuit
1636 2483 1750 2552 locum
1764 2480 1888 2552 Montis
1903 2479 1974 2550 Viti
1991 2487 2027 2550 et

601 2604 780 2676 Turinum.

650 2727 699 2798 De
716 2727 838 2802 eodem
858 2749 977 2802 mense
993 2730 1163 2823 capitanei
1187 2739 1222 2802 et
1238 2730 1437 2802 valvasores
1458 2728 1643 2800 extrinseci
1663 2725 1708 2800 de
1730 2726 1925 2798 Mediolano
1942 2747 2024 2796 cum

600 2851 757 2924 Conrado
773 2851 818 2924 de
835 2853 1014 2926 Casteiono
1033 2854 1112 2924 cive
1130 2853 1316 2926 Mediolani
1335 2854 1550 2925 intraverunt
1569 2852 1603 2922 in
1621 2859 1771 2922 castrum
1787 2850 1886 2919 Seuri
1905 2859 1942 2920 et
1961 2847 2024 2920 ba-

599 2973 749 3046 buerunt
770 2975 919 3048 Rocham
937 2977 1109 3071 Hengerie
1122 2987 1157 3048 et
1173 2976 1313 3048 Vaurim
1331 2985 1367 3048 et
1380 2977 1489 3046 multa
1506 2976 1572 3047 alia
1587 2985 1709 3046 castra.
1732 2975 1818 3044 llluc
1835 2973 2025 3066 equitave-

600 3106 681 3168 runt
705 3097 979 3172 Mediolanenses
1010 3100 1185 3172 intrinseci
1211 3122 1291 3171 cum
1318 3121 1438 3172 eorum
1464 3100 1585 3172 amicis
1612 3109 1647 3171 et
1669 3120 1748 3170 cum
1775 3097 1825 3168 GC
1856 3097 2025 3170 militibus

600 3221 816 3294 Theotonicis
840 3231 874 3294 et
906 3224 999 3318 ipsos
1023 3225 1199 3318 fregerunt
1225 3219 1351 3321 [apud]
1370 3245 1536 3318 aquaram
1555 3233 1590 3294 et
1611 3223 1736 3294 multos
1761 3221 1964 3292 occiderunt
1988 3221 2024 3292 in

599 3365 723 3440 campo
735 3356 770 3418 et
783 3347 925 3418 XXXlll
937 3357 1106 3442 ceperunt
1119 3369 1206 3440 quos
1220 3347 1506 3443 decapitaverunt
1515 3348 1617 3438 juxta
1631 3347 1835 3418 Galleratam
1851 3355 1885 3416 et
1905 3345 2024 3418 omnia

599 3479 709 3542 castra
732 3482 1026 3566 recuperaverunt
1049 3483 1084 3544 et
1102 3472 1345 3545 interfecerunt
1368 3471 1528 3545 comitem
1549 3469 1727 3544 Gilredum
1751 3469 1797 3542 de
1818 3469 2024 3561 languscbo

597 3615 720 3666 eorum
739 3605 952 3688 potestatem.

647 3719 710 3789 Die
725 3721 843 3791 martis
865 3721 943 3791 XXl
964 3720 1092 3790 mensis
1103 3721 1275 3813 januarii,
1297 3717 1461 3792 dominus
1481 3740 1597 3792 comes
1620 3718 1805 3791 Ubertinus
1829 3716 1875 3790 de
1902 3717 2024 3790 lando

599 3863 661 3938 pro
678 3864 717 3915 se
736 3855 770 3915 et
784 3855 879 3937 parte
893 3845 1087 3917 extrinseca
1102 3843 1148 3918 de
1166 3844 1338 3918 Placentia
1356 3843 1591 3938 compromisit
1608 3865 1646 3916 se
1667 3845 1702 3916 in
1717 3843 1877 3916 dominos
1899 3862 2024 3914 caure·

598 3967 720 4038 lerium
747 3977 781 4040 et
806 3967 967 4039 comitem
992 3969 1179 4041 lleuricum
1203 3969 1248 4040 de
1272 3965 1496 4040 Fustibercho
1519 3977 1553 4040 et
1580 3967 1813 4062 primicerium
1833 3965 2022 4040 Mediolani

598 4099 761 4183 tanquam
794 4092 828 4160 in
857 4089 1003 4162 arbitros
1035 4101 1070 4162 et
1101 4091 1287 4164 Placentini
1320 4091 1497 4164 intrinseci
1525 4090 1702 4179 similiter,
1730 4099 1766 4162 et
1798 4089 1856 4160 dio
1885 4089 2022 4161 sabbati

597 4215 673 4285 Xlll
692 4214 820 4285 mensis
846 4213 966 4284 marcii
994 4214 1171 4308 predictus
1194 4237 1309 4288 comes
1335 4215 1521 4288 Ubertinus
1543 4235 1623 4284 cum
1641 4212 1718 4283 aliis
1743 4211 1788 4286 de
1810 4221 1907 4308 parte
1927 4209 1933 4307 Ι
1955 4231 2023 4282 sua

599 4337 743 4410 intravit
757 4337 792 4408 in
807 4337 982 4411 civitatem
996 4339 1169 4412 Placentie
1186 4339 1245 4410 ubi
1258 4349 1417 4435 receptus
1433 4339 1497 4410 luit
1509 4335 1712 4428 honorifice,
1722 4347 1757 4410 et
1772 4336 1831 4408 die
1847 4338 1928 4406 lune
1938 4335 2021 4406 XXI

597 4464 725 4536 mensis
736 4463 854 4536 marcii
871 4463 906 4535 in
917 4462 1021 4537 domo
1034 4465 1228 4536 communis
1243 4464 1418 4536 Placentia
1428 4461 1489 4534 ubi
1504 4459 1595 4552 fiunt
1609 4461 1787 4546 conscilia,
1802 4457 2019 4552 presentibus
2106 4533 2108 4538 ,

597 4588 751 4682 partibus
770 4588 933 4660 tullerunt
949 4587 1030 4660 dicti
1044 4588 1163 4660 arbitri
1175 4587 1379 4660 sententiam
1396 4587 1485 4658 inter
1498 4585 1592 4682 ipsas
1610 4593 1737 4680 partes.
1758 4582 1926 4652 Dominus
1937 4583 2020 4652 Ber·

596 4710 725 4783 nardus
739 4710 784 4786 de
805 4712 986 4786 Lanlredis
1005 4711 1050 4786 do
1065 4712 1158 4784 Luca
1173 4722 1248 4785 erat
1270 4719 1421 4808 potestas
1442 4709 1626 4782 Placentie.
1644 4707 1692 4780 M.
1708 4703 1771 4778 CC.
1788 4704 1943 4796 LXXVI,
1965 4703 2019 4774 in·
