4534 6074
659 647 904 710 CHRONICON
929 647 1229 708 PLllCENTlNUM.
1278 701 1283 710 .
1614 652 1664 712 53·

236 785 343 859 dione
367 783 483 858 Arene
506 793 674 857 steterunt
695 807 807 879 usque
831 785 877 858 ad
903 784 998 857 diem
1023 784 1185 856 mercurii
1208 786 1270 856 XV
1290 785 1419 860 mensis
1443 788 1548 878 junii.
1570 788 1657 882 Cog-

236 919 418 983 noscentes
450 918 567 982 autem
596 909 872 984 Mediolanenses
899 919 934 982 et
969 909 1157 982 Placentini
1179 909 1267 981 illud
1300 921 1449 983 castrum
1487 934 1549 1007 per
1583 915 1663 985 vim*

237 1035 380 1106 minime
407 1035 537 1106 habere
553 1055 672 1130 posse,
698 1055 778 1106 cum
794 1033 899 1128 Papio
913 1033 1039 1104 milites
1057 1042 1091 1103 et
1115 1031 1249 1126 pedites
1274 1035 1368 1106 omui
1387 1034 1458 1126 dic,
1477 1047 1580 1131 prout
1610 1037 1656 1111 dc

236 1179 358 1232 eorum
381 1168 457 1232 erat
483 1159 679 1249 voluntate,
707 1179 787 1230 oum
814 1157 963 1230 navibus
988 1155 1161 1228 intrabant
1185 1157 1221 1226 in
1250 1158 1325 1251 ipso
1343 1160 1417 1231 loco
1434 1170 1468 1231 ct
1492 1160 1656 1233 exiebant

237 1282 339 1354 nobis
366 1281 507 1354 invictis
524 1281 588 1378 (a),
604 1303 712 1355 naves
728 1281 895 1378 plurimas
919 1279 1022 1352 coriis
1041 1280 1171 1352 bovum
1193 1294 1350 1376 copertas
1375 1293 1410 1354 et
1437 1295 1585 1356 castrum
1613 1287 1654 1357 li·

236 1405 413 1500 gnaminis
446 1407 482 1478 in
509 1407 595 1501 ipsis
622 1406 773 1479 navibus
794 1404 989 1496 habebant,
1010 1405 1235 1498 cumquibus
1263 1407 1351 1478 illud
1381 1420 1528 1479 castrum
1554 1411 1656 1483 valde

236 1529 486 1622 defendebant,
506 1551 549 1604 ea
565 1530 623 1603 die
638 1530 684 1602 ab
700 1529 881 1602 obsidione
897 1539 1114 1601 secesserunt
1129 1539 1164 1600 et
1180 1529 1367 1602 Placentini
1396 1531 1575 1605 redierunt
1591 1532 1604 1629 (
1625 1536 1652 1628 ),

236 1651 399 1726 videntes
415 1663 450 1726 et
470 1655 616 1726 scientes
634 1653 728 1746 quod
750 1653 948 1748 inceperant
971 1661 1108 1747 propter
1126 1673 1251 1746 aquam
1276 1653 1360 1726 Padi
1388 1654 1435 1726 ad
1462 1653 1564 1728 finem
1592 1659 1656 1728 mi-

236 1777 332 1848 nime
345 1777 538 1872 perducere
552 1775 737 1871 possetne
751 1776 925 1848 dominico
936 1776 1096 1871 proximo
1107 1776 1151 1847 Vl
1164 1776 1330 1849 kalendas
1337 1777 1415 1870 julii
1428 1779 1577 1871 proximi
1586 1780 1639 1876 (t)

236 1899 514 1973 Mediolanenses
532 1899 659 1972 militas
673 1907 708 1971 et
725 1899 858 1994 pedites
873 1899 1024 1972 civitatis
1037 1899 1220 1972 Mediolani
1239 1901 1419 1990 exierunt,
1439 1901 1498 1973 die
1516 1903 1598 1975 lune
1622 1916 1656 1976 et

238 2022 297 2096 die
318 2023 439 2094 martis
454 2021 501 2094 ad
514 2033 653 2117 pontem
670 2023 716 2095 de
731 2023 850 2094 Ticino
864 2045 902 2095 se
917 2023 1175 2109 coadunavere,
1202 2024 1259 2096 die
1287 2026 1446 2096 mercurii
1474 2027 1510 2096 in
1534 2029 1656 2100 Lumi-

237 2147 357 2219 ninam
389 2157 513 2218 terram
548 2146 770 2242 Papiensium
799 2147 1017 2220 inimicorum
1047 2169 1166 2220 eorum
1188 2148 1453 2244 equitaverunt,
1474 2163 1608 2245 segetes
1622 2165 1657 2226 et

236 2273 348 2344 linum
367 2279 402 2343 ot
422 2270 599 2365 legumina
620 2293 710 2366 quas
736 2281 770 2344 et
797 2293 867 2364 que
885 2272 1091 2343 invenerunt
1122 2282 1156 2344 et
1182 2271 1304 2344 domos
1319 2281 1354 2344 ct
1379 2274 1479 2346 villas
1497 2278 1657 2352 rebadifi-

238 2405 332 2468 oetas
356 2393 603 2466 destruxerunt
623 2393 631 2492 Ι
651 2403 686 2466 et
704 2393 962 2482 combuserunt,
978 2403 1012 2464 et
1038 2393 1086 2466 ita
1110 2395 1145 2464 in
1162 2395 1368 2466 Lumilinam
1386 2397 1600 2472 destruentes
1622 2413 1656 2474 et

238 2518 479 2590 comburentes
508 2538 550 2589 ea
582 2517 698 2590 omnia
739 2539 810 2611 que
848 2517 897 2589 ibi
935 2517 1162 2608 invenerunt,
1187 2529 1353 2590 steterunt
1384 2520 1420 2590 in
1457 2523 1532 2616 ipsa
1566 2534 1655 2599 terra

237 2663 350 2738 neque
368 2641 463 2716 diem
481 2642 600 2714 martis
616 2641 789 2714 venientis
811 2651 996 2736 antequam
1024 2639 1119 2714 domi
1142 2643 1286 2735 regressi
1312 2645 1392 2715 sint.

284 2765 334 2838 M.
347 2763 522 2856 ccxvt,
544 2785 662 2838 mense
674 2764 773 2857 julii,
792 2765 878 2836 obiit
892 2787 982 2860 papa
998 2766 1218 2838 Innocentius
1240 2767 1276 2836 in
1303 2767 1442 2839 civitate
1466 2769 1590 2844 Perose
1615 2772 1654 2866 (c)

236 2896 271 2962 et
286 2887 423 2960 levatus
440 2887 506 2958 luit
522 2909 612 2984 papa
628 2887 799 2960 Honorius
814 2887 875 2981 qui
892 2889 1084 2961 vocabatur
1104 2890 1242 2962 Zinzius
1265 2889 1520 2985 Camarlsngus.

284 3012 334 3086 M.
353 3011 416 3084 CC.
433 3011 528 3102 XVI,
549 3009 738 3084 indictione
752 3012 825 3103 llll,
841 3011 899 3084 dic
912 3011 1088 3084 dominico
1104 3013 1167 3084 Xll
1187 3013 1352 3085 kalendas
1369 3017 1572 3110 septembris
1585 3019 1651 3114 (b),

235 3135 364 3209 milites
390 3144 426 3208 et
452 3135 585 3230 pedites
612 3134 658 3208 de
680 3143 829 3228 quatuor
852 3136 959 3230 portis
977 3136 1163 3208 Mediolani
1179 3157 1259 3207 cum
1275 3137 1568 3232 partecomitatus
1595 3163 1654 3214 eo·

235 3283 337 3352 rum,
354 3261 590 3334 vercellenses
609 3269 643 3332 et
663 3259 892 3334 Novanienses
910 3261 1036 3334 milites
1056 3271 1090 3334 et
1110 3260 1244 3356 pedites
1270 3283 1350 3334 cunr
1372 3265 1467 3335 omni
1487 3275 1591 3358 gente
1618 3277 1653 3339 et

235 3385 336 3458 sortia
351 3407 473 3457 eorum
492 3393 527 3456 et
545 3407 624 3456 oum
642 3384 784 3475 caretis,
801 3385 983 3480 manganis
1004 3395 1039 3457 et
1056 3383 1224 3480 predariis
1243 3395 1276 3456 et
1294 3385 1415 3456 castris
1432 3387 1601 3480 lignorum
1618 3403 1654 3464 et

233 3509 401 3606 pontibus
418 3509 634 3581 intraverunt
652 3509 688 3579 in
703 3509 908 3581 Lumilinam
926 3517 962 3581 et
976 3509 1066 3581 circa
1081 3517 1208 3582 turrem
1233 3508 1279 3582 dc
1305 3509 1497 3604 Rodobligo
1521 3525 1653 3588 castra-

235 3633 355 3707 metati
371 3633 485 3724 luere,
502 3653 650 3726 eamque
665 3641 791 3704 turrem
811 3654 891 3704 oum
908 3633 1089 3728 manganis
1104 3643 1139 3706 et
1153 3631 1321 3728 predariis
1343 3635 1487 3706 viriliter
1508 3657 1653 3732 expug-

237 3761 423 3830 naverunt.
445 3756 507 3828 Dic
534 3777 619 3827 vero
638 3755 812 3828 dominica
830 3756 986 3850 sequendi
1009 3757 1053 3827 Vl
1078 3755 1242 3828 kalendas
1268 3757 1471 3850 septembris
1490 3758 1554 3857 (3),
1575 3783 1652 3834 eam

237 3887 403 3977 ceperunt
418 3889 455 3951 et
471 3878 686 3970 babuerunt,
708 3878 819 3974 ipsam
830 3898 978 3974 ‘quoque
1002 3877 1250 3951 destruxerunt
1265 3889 1301 3950 et
1316 3879 1509 3954 diruerunt.
1521 3884 1654 3958 Deinde

278 4057 320 4136 (a)
343 4057 392 4119 Slc
405 4057 437 4116 ln
450 4055 550 4116 codice
562 4071 616 4132 pro
628 4055 737 4116 invitis.
811 4121 813 4124 ,

277 4161 320 4242 (b)
342 4161 379 4223 In
393 4162 495 4223 codice
507 4158 686 4223 Placentinis
698 4158 899 4222 reddiderunt.

278 4267 316 4346 (e)
342 4267 392 4328 Sic
407 4283 462 4346 pro
475 4265 599 4327 Perceii.

244 4444 395 4454 μ---ι-ιο--ι
403 4447 808 4456 m--n—-n—o—-ou-
1046 4449 1111 4457 ..ι-.-
1117 4449 1646 4469 ..ιιι-Μ...-

270 4557 308 4628 (t)
326 4557 364 4615 Le
376 4557 518 4616 dimanclnc
529 4561 564 4616 26
574 4559 643 4630 juin.
657 4559 722 4616 Date
734 4565 837 4616 exacte.

271 4653 306 4728 (2)
325 4655 362 4712 le
375 4655 518 4713 dimancbe
530 4657 561 4710 tt
580 4655 653 4714 aeut.
665 4659 732 4714 Date
744 4661 846 4714 exacte.

271 4751 307 4826 (3)
324 4753 361 4808 Le
375 4755 392 4806 o
408 4753 456 4808 des
467 4751 595 4809 kalendas
607 4753 656 4823 (2⁷
668 4752 744 4825 aotlt)
761 4751 825 4810 ttait
839 4769 876 4808 un
887 4753 998 4810 aamedi.
1014 4753 1034 4811 ll
1049 4753 1106 4814 iant
1120 4755 1188 4816 donc
1200 4755 1249 4815 lire
1264 4757 1286 4814 V
1296 4755 1435 4817 kalendas.
1496 4807 1500 4812 .
