4594 6066
854 631 896 692 ΙΝ
920 631 1060 694 l'l'liLlA
1084 632 1237 696 GES'l’lS.
1695 626 1752 698 187

338 762 404 837 Dis
429 761 571 838 veneris
593 761 707 862 primo
735 766 866 840 mensis
893 767 1092 842 novembris
1115 767 1277 840 dominus
1305 761 1489 838 Guiiredus
1515 761 1559 836 dc
1582 759 1752 834 Mediola-

340 887 505 962 nensibus
528 887 714 964 cardinalis
746 889 877 964 electus
901 891 968 964 init
994 914 1056 988 per
1082 889 1274 966 cardinales
1300 887 1533 986 appostolicus
1564 895 1599 958 et
1627 884 1754 958 cecinit

338 1011 486 1108 primam
502 1013 644 1088 missam
664 1023 700 1088 et
722 1023 867 1088 vocatus
882 1013 1070 1090 Celestinns
1085 1025 1242 1112 quartus.
1252 1013 1320 1100 Qui
1336 1011 1395 1086 die
1413 1009 1588 1084 dominico
1604 1008 1637 1080 x
1652 1029 1751 1082 men·

338 1137 386 1210 sis
420 1135 579 1230 eiusdem
610 1137 761 1232 proximi
789 1137 834 1212 de
864 1137 932 1212 hoo
965 1139 1114 1236 presenti
1148 1137 1263 1212 seculo
1288 1133 1482 1230 emigravit.
1506 1133 1582 1220 Qua
1615 1140 1752 1228 propter

337 1280 458 1334 omnes
486 1258 680 1335 cardinales
697 1269 812 1358 pretor
827 1259 899 1336 dno
915 1261 961 1336 de
985 1263 1072 1338 urbe
1094 1264 1202 1336 Roma
1225 1261 1414 1356 fugierunt.
1442 1257 1585 1332 Romani
1610 1277 1752 1351 qnoque
1814 1317 1819 1330 .

337 1393 505 1481 ceperunt
534 1383 726 1460 lohannsm
755 1383 801 1460 de
838 1385 1036 1483 Collompna
1062 1386 1274 1462 cardinalem
1308 1385 1493 1480 ipsumque
1525 1382 1563 1454 in
1604 1379 1752 1453 vincrdis

336 1515 539 1604 posuerunt.

384 1629 517 1705 Eodem
532 1642 686 1726 tempore
702 1631 855 1706 marchio
870 1633 1003 1708 lancea
1017 1655 1096 1706 cum
1117 1629 1403 1707 Cremonensibus
1416 1637 1450 1703 et
1464 1627 1752 1721 Pergamensibus

335 1764 421 1852 aput
436 1755 678 1830 llobnsachum
703 1757 793 1854 cepit
811 1755 847 1832 ll
864 1757 989 1830 milites
1008 1757 1126 1830 Brixia
1148 1757 1209 1852 qui
1239 1777 1318 1830 curn
1341 1753 1468 1826 milicia
1494 1751 1612 1826 Brixis
1636 1752 1751 1848 ipsum

335 1879 449 1953 locum
473 1879 695 1954 ossedcbant.
725 1879 859 1956 Deinde
881 1880 1023 1954 intravit
1042 1901 1123 1952 cum
1148 1879 1434 1954 Cremonensibus
1455 1877 1491 1948 in
1515 1877 1750 1972 episcopatum

334 2002 507 2077 Placentia
522 2013 557 2078 et
575 2003 755 2078 combuxit
771 2003 976 2096 Pudernsm,
993 2003 1230 2078 Placentinum
1245 2012 1281 2078 et
1294 2003 1362 2076 alia
1377 2002 1465 2074 loca.
1483 1999 1576 2072 Elin
1592 2000 1751 2095 proximo

335 2145 455 2198 mense
476 2127 598 2200 marcii
621 2143 702 2200 cum
719 2125 1005 2202 Cremonensibus
1022 2137 1057 2202 et
1073 2127 1360 2222 Pergamcnsibns
1381 2125 1561 2199 combuxit
1586 2125 1750 2198 Sanctum

334 2247 520 2343 Georgium
550 2247 679 2325 Gumdi
705 2249 773 2346 (c),
808 2250 1045 2342 Gomoarium,
1076 2253 1239 2325 Sanctum
1268 2251 1484 2324 Dalmianum
1512 2258 1548 2322 et
1580 2248 1648 2322 alia
1676 2249 1750 2326 loca

332 2371 552 2468 episcopatus
578 2371 763 2446 Plaoentie.
794 2373 838 2445 Et
867 2373 974 2470 Opino
1004 2375 1211 2470 blalaspina,
1241 2375 1426 2471 Papianses
1452 2382 1487 2447 et
1515 2371 1750 2448 Terdcnenses

333 2493 371 2566 in
394 2495 633 2591 episcopatum
658 2495 832 2570 Placentia
858 2497 1112 2572 combuxerunt
1139 2497 1355 2590 babianum,
1381 2497 1584 2591 Morngum,
1613 2495 1750 2571 blondi·

332 2616 465 2707 einum,
481 2618 847 2715 Montepurvarannm,
863 2620 1041 2696 venientes
1068 2644 1181 2718 usquc
1200 2621 1247 2696 ad
1261 2620 1473 2696 Vidilianum
1497 2628 1532 2692 et
1554 2619 1748 2694 Pomerinm

332 2759 495 2835 magnam
527 2739 672 2839 predam
695 2741 875 2818 ducentes.
908 2742 1039 2820 Eodem
1063 2755 1217 2842 temporo
1240 2765 1305 2818 rex
1328 2742 1497 2816 Henricns
1523 2764 1629 2836 quem
1654 2753 1750 2838 pater

331 2867 408 2960 ejus
440 2865 627 2962 immrator
659 2867 696 2940 in
727 2867 855 2964 Apulia
879 2867 1024 2942 detineri
1045 2869 1206 2962 jusserat,
1233 2868 1323 2941 inter
1347 2865 1543 2939 Nicastrum
1567 2875 1602 2938 et
1631 2867 1750 2942 Marti·

331 3011 450 3062 ranam
476 2988 522 3064 de
548 2990 614 3065 hoc
631 2991 749 3066 seculo
767 2991 961 3087 emigravit.
981 2993 1057 3080 Qua
1084 3001 1223 3088 propter
1242 2992 1428 3088 imperator
1443 2998 1541 3088 pater
1563 2991 1639 3084 eius
1661 2989 1747 3066 fide·

332 3111 425 3186 libus
439 3114 512 3188 snis
530 3115 672 3211 prelatis
687 3113 817 3190 direxit
833 3115 1012 3212 epistolam
1027 3115 1259 3190 continentem
1277 3117 1325 3188 ita
1341 3141 1350 3188 ε

381 3237 679 3313 «Fredcricusllei
687 3241 799 3334 gratia
806 3239 1039 3316 Romanorum
1049 3241 1248 3336 imperator,
1257 3239 1445 3313 Jerusalem
1458 3235 1519 3338 [et]
1531 3238 1667 3312 Scicilie
1682 3259 1746 3312 rex

330 3371 362 3432 ct
379 3371 499 3434 cetero.
509 3361 741 3436 Misericordia
756 3363 805 3459 pii
817 3363 924 3458 patris
936 3362 1049 3436 severi
1059 3361 1192 3456 judicis
1205 3373 1436 3458 exsuperante
1450 3361 1637 3456 judicium,
1650 3364 1745 3436 Hen-

330 3484 392 3556 rici
409 3485 630 3579 primogeniti
647 3487 752 3560 nostri
769 3486 878 3560 latum
896 3487 1013 3582 lugere
1024 3483 1071 3582 (l)
1087 3485 1337 3581 compellimur,
1357 3485 1575 3558 lacrimarum
1595 3483 1640 3558 ab
1657 3485 1744 3557 inti·

329 3608 395 3681 mis
420 3608 590 3683 educente
615 3619 738 3684 natura
765 3609 938 3685 diluvium
962 3608 1021 3708 (c),
1048 3631 1136 3704 quas
1162 3609 1292 3682 offense
1320 3607 1475 3684 doloret
1497 3609 1628 3704 justitie
1653 3611 1743 3707 rigor

328 3731 535 3806 intrinsecus
552 3733 769 3808 affirmabunt
785 3731 850 3830 (c).
873 3733 1089 3810 llirabumur
1113 3733 1255 3808 forsitan
1275 3731 1341 3807 diri
1360 3742 1473 3830 patres
1490 3733 1657 3806 invictum
1675 3755 1743 3828 pu·

327 3853 427 3928 blicis
440 3855 599 3930 hostibus
617 3856 733 3931 dolore
746 3854 791 3953 (e)
805 3855 992 3932 domestico
1009 3849 1161 3954 potuisse
1175 3855 1336 3930 convinci
1351 3853 1416 3956 (f).
1432 3855 1614 3950 subjectus
1627 3865 1743 3931 tamen

328 3971 406 4076 [est]
432 3979 618 4073 cujuslibet
643 3979 810 4076 principis
830 3979 967 4056 animus
995 3979 1221 4078 quantumvis
1248 3977 1353 4075 rigidi
1383 3987 1507 4054 nature
1536 3979 1742 4054 dominantis

368 4203 411 4286 (o)
431 4208 547 4270 Nomen
560 4207 649 4268 valde
662 4205 801 4272 dublum.

367 4310 409 4392 (l)
431 4315 468 4376 ln
481 4314 582 4376 codice
596 4309 707 4396 lepori.

366 4415 405 4498 (c)
432 4421 468 4480 In
482 4420 582 4481 codice
595 4417 738 4481 ἀίἰὲυἰιιπι.

364 4521 409 4602 (ἀ)
430 4523 533 4586 Potius
545 4521 748 4606 oostmabant,
760 4541 814 4590 scu
827 4525 908 4606 quod
920 4525 959 4590 ud
972 4540 1092 4592 sensum
1109 4531 1224 4608 aptius,
1238 4525 1436 4608 refrenabant.

364 4626 403 4708 (a)
429 4629 466 4692 ln
478 4633 580 4694 codice
597 4629 699 4696 dolere.

365 4731 414 4814 (s)
430 4735 466 4798 ln
485 4736 587 4800 eodtoo
599 4739 755 4821 mnjvmo
