4534 6074
707 699 950 760 cusculcou
973 696 1282 760 ltacuuulrtutl.
1640 697 1694 758 101

282 835 342 908 die
357 836 476 908 martis
493 835 527 906 X
543 833 711 907 kalendas
735 833 853 929 aprilis
871 831 924 928 (l)
944 833 1070 907 accidit
1089 833 1126 903 in
1144 831 1316 905 Placentie
1335 831 1476 904 civitate
1497 830 1533 901 in
1558 830 1698 926 publica

282 958 451 1032 concione
467 959 504 1030 in
522 959 636 1053 platea
653 957 793 1049 majoris
810 957 954 1030 ecclesie
975 979 1037 1052 per
1051 954 1234 1029 domiuum
1247 951 1448 1028 Guilredum
1471 953 1515 1026 de
1531 955 1699 1026 Pirovnuo

281 1081 455 1154 Placentie
487 1089 690 1175 potestatem
725 1079 940 1168 coadunata,
971 1079 1144 1153 discensio
1178 1100 1304 1172 magna
1330 1079 1418 1150 inter
1449 1077 1598 1150 eundem
1628 1077 1697 1150 do·

281 1204 419 1278 minum
436 1203 641 1277 Guiiredum
660 1211 695 1274 et
709 1201 888 1276 dominum
902 1202 1124 1275 Guillelmum
1139 1201 1186 1275 de
1202 1201 1331 1274 Audito
1346 1201 1544 1272 omnimode
1562 1211 1699 1273 contra-

281 1326 456 1400 dicentem
476 1334 512 1400 et
528 1325 742 1400 resistentem
761 1325 794 1398 ei
817 1324 1109 1420 proquibusdam
1134 1325 1293 1420 capitulis
1316 1346 1421 1418 super
1445 1325 1574 1418 quibus
1596 1327 1698 1416 jura-

280 1459 381 1523 verat
397 1459 550 1544 potestas
563 1449 599 1520 in
613 1449 783 1540 regimine
796 1448 908 1542 ipsius
922 1447 1084 1520 civitatis.
1100 1446 1161 1519 Cui
1175 1448 1337 1522 domiuus
1349 1448 1535 1520 Guilredus
1550 1460 1699 1543 potestas

280 1571 456 1644 Placentie
481 1571 677 1666 precipiens
702 1570 738 1641 iu
763 1591 853 1664 pena
879 1570 1084 1642 sacramenti
1110 1579 1149 1640 ut
1172 1567 1219 1640 ad
1240 1571 1315 1661 ejus
1338 1571 1543 1663 presentiam
1568 1570 1614 1643 ad
1634 1593 1697 1644 sua

281 1703 444 1791 precepta
467 1693 627 1768 facienda
646 1693 811 1766 accedere
837 1691 999 1782 deberet,
1028 1693 1090 1786 qui
1108 1692 1272 1766 mandata
1295 1715 1357 1764 sua
1379 1695 1492 1766 lacere
1514 1705 1699 1790 contemp-

280 1841 368 1892 nens
390 1816 397 1914 Ι
419 1818 465 1891 de
480 1819 557 1913 ipsa
574 1818 740 1890 concione
758 1838 838 1888 oum
857 1816 1034 1910 aliquibus
1053 1817 1276 1910 popularibus
1300 1815 1443 1888 domum
1466 1839 1566 1890 suam
1586 1819 1698 1892 redire
1725 1839 1773 1884 ra.
1786 1839 1905 1882 ronnas.

282 1942 469 2016 festinavit.
493 1941 572 2014 Alio
590 1962 674 2014 vero
696 1940 756 2014 die
773 1939 935 2012 mercurii
951 1940 1043 2012 Vllll
1059 1939 1149 2032 junii
1165 1941 1349 2034 populares
1367 1941 1538 2014 Placentie
1562 1955 1597 2014 et
1614 1945 1696 2017 Cre-

281 2087 465 2138 monenses
486 2065 654 2138 hostiliter
680 2086 759 2136 cum
785 2062 877 2136 tubis
899 2071 935 2135 et
955 2063 1091 2134 ceriolis
1114 2063 1329 2135 intraverunt
1351 2064 1386 2134 iu
1412 2073 1535 2136 terram
1559 2067 1698 2140 Floren-

282 2190 357 2262 zole
380 2199 416 2264 et
436 2188 596 2283 hospitati
616 2189 755 2260 luerunt
778 2209 819 2262 ee
845 2187 904 2260 die
920 2187 1033 2282 primo
1054 2185 1090 2258 in
1113 2194 1266 2260 contrata
1290 2187 1335 2260 de
1351 2187 1571 2276 llochalorte,
1597 2204 1632 2264 st
1655 2215 1697 2266 ea

283 2313 343 2387 dis
360 2311 560 2408 depopulati
580 2312 717 2384 fuerunt
734 2311 823 2383 inter
840 2309 968 2385 Ardam
985 2319 1020 2382 et
1043 2309 1212 2404 hospitale
1225 2310 1423 2384 Madouarie
1438 2311 1588 2408 desuper
1609 2327 1695 2390 sba-

282 2447 354 2510 tam
371 2444 407 2509 et
424 2436 594 2510 doeubtue
612 2457 726 2528 usque
746 2435 792 2508 ad
814 2457 924 2507 unum
944 2455 1124 2506 mezanum
1138 2443 1173 2506 et
1189 2435 1383 2522 Rusonem,
1401 2445 1437 2506 et
1452 2439 1696 2512 combuseruut

282 2555 427 2627 domum
444 2555 590 2626 fratrum
607 2555 897 2628 heremitanorum
916 2563 951 2626 et
965 2555 1050 2626 alias
1066 2555 1288 2648 quamplures
1301 2555 1423 2629 domos
1436 2567 1471 2630 et
1483 2560 1691 2636 molendina.

280 2678 345 2750 Die
364 2678 458 2770 jovis
482 2679 640 2773 sequenti
667 2687 892 2752 mutaverunt
912 2689 1022 2752 castra
1047 2679 1135 2750 inter
1152 2679 1303 2772 burgum
1329 2679 1374 2752 de
1388 2681 1554 2755 Vicanino
1575 2693 1609 2756 et
1629 2685 1696 2757 vi-

281 2802 421 2894 gnolam
437 2811 472 2874 et
495 2812 747 2895 guastarerunt
767 2803 904 2894 vineas,
933 2813 1083 2898 segetes,
1111 2812 1225 2897 prata,
1245 2805 1421 2897 legumina
1440 2815 1475 2877 et
1497 2807 1694 2882 molendina

279 2945 351 3018 que
369 2934 468 2996 erant
485 2925 522 2998 in
539 2925 615 2998 rivo
631 2927 766 3018 majori,
783 2935 818 3000 et
836 2925 957 3000 domos
974 2927 1198 3022 quamplures
1212 2928 1468 3000 combuserunt.
1481 2929 1545 3002 Die
1559 2933 1696 3006 veneris

280 3047 435 3120 venienti
457 3049 707 3122 combuserunl
722 3051 840 3124 villam
858 3049 1072 3122 Delstrascbo
1092 3059 1126 3122 et
1146 3050 1269 3124 domos
1284 3051 1330 3124 de
1349 3052 1513 3146 vignola,
1534 3065 1570 3126 et
1590 3056 1696 3151 depo·

280 3169 389 3262 pulati
406 3171 548 3240 fuerunt
571 3171 712 3262 vineas,
733 3179 867 3264 segetes
888 3181 923 3244 et
947 3173 1125 3266 legumina
1149 3173 1299 3270 desuper
1315 3198 1336 3248 a
1353 3187 1457 3250 strata
1474 3199 1496 3250 a
1511 3178 1615 3250 domo
1637 3179 1696 3250 in-

279 3292 456 3366 firmorum
481 3315 594 3387 usque
616 3292 663 3365 ad
683 3291 825 3365 domum
848 3293 894 3366 dc
914 3293 1066 3366 Brixana
1088 3297 1125 3368 in
1144 3297 1238 3370 mille
1253 3297 1323 3393 (sic)
1338 3301 1505 3394 partibus.
1528 3301 1590 3374 Die
1608 3303 1696 3374 sab-

277 3415 350 3488 bati
379 3416 537 3510 sequenti
571 3426 831 3490 summoverunt
850 3415 996 3490 tenmria
1016 3426 1051 3490 et
1070 3421 1298 3492 castrametati
1325 3423 1464 3494 luerunt
1487 3422 1656 3498 desubtus
1674 3449 1696 3500 a

277 3541 354 3612 loco
370 3541 568 3614 Florenzole
584 3539 629 3612 ad
643 3541 876 3632 Fontanellas,
895 3551 930 3613 et
945 3563 988 3615 ea
1002 3541 1059 3616 die
1077 3543 1340 3618 combusserunt
1357 3545 1474 3618 villam
1491 3547 1537 3621 de
1555 3551 1645 3622 Seno
1660 3563 1695 3624 et

276 3665 397 3738 villam
417 3663 464 3738 de
486 3665 646 3738 Baeerica
662 3674 697 3738 et
714 3665 835 3738 domos
853 3665 898 3738 de
920 3667 1104 3760 Bnguello,
1122 3677 1157 3738 et
1179 3667 1378 3764 depopulati
1404 3669 1543 3742 luerunt
1559 3683 1694 3766 segetes

277 3795 313 3861 et
327 3787 522 3881 legumina,
545 3799 641 3882 prata
660 3798 695 3862 et
713 3789 854 3862 arbores
873 3789 1042 3862 desubtus
1067 3799 1207 3862 stratam
1226 3799 1261 3864 et
1279 3790 1429 3886 desuper
1450 3793 1498 3868 ad
1516 3795 1580 3868 Dei
1597 3795 1694 3870 lidu-

277 3909 380 3982 ciam.
397 3909 460 3982 Die
477 3909 653 3984 dominico
666 3911 820 3984 venienti
834 3931 969 3984 summo
984 3911 1139 3985 diluculo
1156 3921 1267 3986 castra
1282 3923 1471 4008 moventes,
1489 3917 1554 3990 iter
1572 3940 1693 3994 eorum

277 4035 323 4108 ad
342 4034 482 4130 propria
501 4034 717 4107 direxerunt.
735 4033 798 4106 Die
813 4033 949 4107 veneris
966 4034 1079 4131 pridie
1097 4035 1263 4110 kalendas
1275 4039 1355 4129 julii
1373 4039 1427 4135 (2)
1445 4042 1568 4116 milites
1582 4055 1616 4116 et
1632 4043 1694 4116 bn-

276 4157 406 4231 lestarii
428 4157 618 4230 existentes
638 4157 674 4228 iu
687 4157 884 4249 Rivalgario
907 4156 953 4229 ad
973 4158 1092 4231 villam
1112 4157 1157 4234 de
1173 4159 1292 4236 Casale
1309 4163 1355 4238 de
1370 4163 1570 4240 Potentiano
1592 4161 1707 4263 equi?

277 4381 300 4393 ..
308 4381 594 4390 ...-.-,.........-.....,
601 4381 610 4388 .

309 4515 349 4590 (4)
367 4517 403 4573 Le
415 4517 500 4574 mardi
514 4519 549 4575 23
561 4533 635 4576 mars
647 4521 727 4576 4232.

308 4615 346 4686 (2)
364 4615 402 4670 Le
414 4617 447 4670 30
459 4615 519 4687 juin
532 4614 599 4672 etait
609 4631 646 4671 un
659 4615 791 4672 mercredi
803 4630 838 4674 eu
851 4617 921 4674 4232
932 4621 961 4674 34
973 4633 1010 4674 33
1019 4617 1092 4690 jeudi
1104 4632 1138 4676 en
1153 4621 1233 4677 4233.
1252 4619 1273 4676 44
1290 4621 1378 4694 paruit
1394 4621 1461 4680 clair
1477 4639 1532 4697 que
1546 4625 1571 4684 43
1584 4627 1692 4686 chroni-

271 4727 360 4784 queur
371 4725 453 4786 passe
466 4711 499 4768 ici
512 4711 708 4785 brusquement
719 4710 735 4768 4
747 4712 850 4770 l'annee
860 4715 946 4784 4234;
962 4713 1031 4770 mnis
1039 4719 1109 4771 cette
1121 4715 1207 4773 33363
1218 4717 1288 4774 n’est
1296 4719 1371 4791 point
1382 4719 1506 4793 indiquee
1516 4723 1585 4780 dans
1597 4724 1622 4781 le
1634 4741 1690 4784 ma·

271 4807 389 4878 3433344,
403 4807 438 4864 od
450 4805 540 4866 meme
552 4807 666 4868 n'existe
677 4823 727 4882 pes
738 4825 772 4868 en
782 4814 827 4868 cet
835 4807 944 4866 endroit
955 4808 982 4866 le
993 4809 1069 4882 signs
1082 4809 1145 4868 bleu
1159 4827 1194 4870 ou
1205 4828 1287 4887 rouge
1302 4814 1349 4887 qui
1361 4815 1509 4876 determine
1520 4819 1561 4877 les
1577 4820 1689 4881 3443633.
