4534 6074
665 666 910 728 CHRONICOM
933 661 1239 727 PLACMNTlNUM.
1623 663 1665 723 45

237 816 273 880 et
297 805 573 883 Mediolanenses
598 802 847 877 destruxerunt
870 813 904 876 et
933 802 1131 892 diruerunt,
1159 811 1194 873 et
1218 819 1295 871 com
1317 795 1323 893 Ι
1345 797 1514 870 buseruut
1536 807 1572 871 st
1591 798 1664 872 dis·
1702 817 1861 864 senonen.

239 931 456 1027 sipaverunt.
483 931 523 1002 ln
550 929 627 1025 ipsa
655 939 772 1003 autem
795 927 1018 1023 expeditione
1039 933 1189 998 castrum
1216 923 1282 994 luit
1311 930 1450 1016 captum
1473 922 1606 1016 Nigrini
1630 934 1666 997 et

239 1055 477 1146 combustum,
497 1063 533 1127 et
549 1053 660 1125 multa
674 1052 742 1125 alia
755 1053 831 1124 loca
850 1052 887 1124 in
904 1051 973 1123 illis
989 1050 1145 1146 partibus
1161 1049 1304 1120 luerunt
1321 1047 1519 1131 combusta;
1540 1047 1575 1120 iu
1593 1069 1664 1141 quo

113 1230 116 1236 ·
240 1188 351 1251 castro
372 1178 507 1272 Nigrini
532 1179 630 1250 luere
657 1177 749 1248 circa
776 1175 900 1268 viginti
928 1174 1086 1247 homines
1112 1173 1173 1268 qui
1208 1170 1295 1243 illud
1321 1169 1576 1243 custodiebant.
1600 1173 1664 1244 Die

200 1284 204 1290 ’
239 1323 323 1376 vero
342 1301 518 1376 dominica
538 1301 698 1396 proxima
719 1300 897 1394 sequenti,
915 1299 1190 1372 Mediolanenses
1217 1306 1252 1368 et
1273 1295 1462 1367 Placentini
1485 1295 1575 1366 circa
1596 1297 1662 1368 Ro-

239 1427 431 1500 vorsoalam
446 1447 510 1499 sua
529 1425 687 1498 similiter
709 1433 901 1520 posueruut
923 1433 1034 1496 castra
1053 1447 1063 1495 ι
1084 1420 1181 1516 quod
1202 1441 1303 1492 muro
1320 1419 1398 1491 lorti
1421 1431 1455 1492 et
1475 1421 1610 1492 fossatis
1628 1432 1663 1492 et

238 1551 345 1647 podio
361 1551 530 1624 altissimo
551 1561 586 1622 et
606 1549 760 1621 turribus
779 1549 916 1641 magnis
941 1557 1015 1620 erat
1038 1546 1210 1618 munitum
1235 1553 1270 1616 et
1292 1543 1564 1635 circumdatum
1586 1545 1661 1618 dic·

236 1685 311 1748 tum
329 1683 447 1748 autem
462 1683 613 1747 castrum
629 1672 905 1746 Mediolanenses
918 1681 953 1745 et
970 1669 1159 1744 Placentini
1175 1667 1304 1742 fortiter
1318 1665 1377 1740 die
1394 1679 1429 1740 et
1444 1677 1562 1758 noete,
1580 1690 1660 1742 eum

238 1799 423 1893 manganis
440 1809 475 1872 et
488 1797 659 1892 predariis
676 1805 712 1868 et
728 1793 830 1886 gattis
852 1802 888 1867 et
905 1795 989 1867 aliis
1005 1794 1175 1868 machinis
1192 1803 1485 1889 expugnaverunt
1510 1806 1547 1868 et
1562 1817 1661 1868 man·

236 1931 475 2014 ganaverunt,
494 1929 530 1994 et
546 1927 715 1994 steterunt
732 1918 769 1990 iu
787 1918 969 1992 obsidione
994 1917 1105 2013 ipsius
1129 1919 1230 1992 castri
1247 1938 1360 2014 usque
1377 1916 1424 1990 ad
1441 1917 1535 1991 diem
1548 1919 1657 2010 jovis,

235 2053 363 2138 quarto
389 2044 520 2117 mensis
542 2044 647 2136 junii.
678 2043 930 2137 cognoscentes
954 2053 1070 2115 autem
1098 2043 1160 2136 qui
1192 2043 1227 2113 in
1253 2043 1329 2138 ipso
1354 2051 1466 2115 castro
1493 2041 1657 2132 aderaut,

237 2167 325 2240 illud
345 2166 533 2240 defendere
550 2167 693 2238 minime
711 2189 829 2261 posse,
847 2189 889 2240 ea
906 2167 964 2239 die
980 2167 1113 2238 dictum
1129 2177 1281 2238 castrum
1297 2167 1472 2240 communi
1489 2166 1662 2241 Placentie

235 2289 487 2378 reddiderunt,
512 2300 547 2364 et
566 2290 634 2363 alia
654 2289 713 2364 die
730 2290 1007 2364 Mediolanenses
1024 2299 1059 2361 et
1076 2289 1264 2361 Placentini
1282 2289 1369 2364 illud
1392 2289 1557 2364 radicitus
1580 2290 1661 2364 des·

234 2424 422 2488 tmxerunt
462 2425 497 2489 et
532 2415 811 2510 explanaverunt
843 2426 879 2487 et
902 2413 1082 2486 diruerunt
1113 2422 1149 2486 et
1178 2413 1437 2486 combuserunt.
1468 2415 1531 2488 Die
1577 2435 1660 2488 vero

234 2537 374 2610 sabbati
403 2537 548 2612 domum
571 2537 764 2612 redierunt.
793 2537 1032 2610 Existeutibus
1060 2545 1175 2609 tamar
1199 2536 1408 2610 Placentinis
1433 2547 1468 2610 et
1496 2539 1659 2612 Mediola-

234 2659 403 2733 nensibus
432 2658 470 2730 in
497 2657 652 2754 predicta
680 2661 923 2754 expeditione,
952 2659 1200 2732 Cremonenses
1226 2659 1442 2734 intraverunt
1465 2663 1501 2734 in
1531 2672 1658 2736 terram

233 2791 407 2870 nostram,
427 2781 675 2856 combuserunt
698 2793 830 2878 partem
857 2783 1038 2879 Sparoarie
1064 2793 1098 2856 et
1118 2785 1302 2875 Roncalie,
1327 2795 1362 2858 et
1389 2785 1527 2860 Albiam
1554 2799 1658 2884 atque

235 2907 372 2995 Canale,
393 2917 429 2980 et
447 2927 557 2980 naves
579 2927 699 2980 eorum
724 2906 903 2981 bominum
931 2907 1095 2982 honerate
1112 2909 1163 3006 (o)
1180 2920 1264 2982 tunc
1289 2931 1417 2984 venere
1436 2933 1497 3006 per
1522 2913 1656 2988 Padum

236 3032 306 3104 iere
325 3053 440 3126 usque
465 3029 512 3106 ad
530 3041 670 3127 pontem
689 3031 790 3106 Padi.
814 3031 883 3106 Sed
903 3053 973 3127 que
996 3033 1109 3107 iacere
1133 3035 1337 3128 sperabant,
1362 3035 1482 3110 divina
1504 3040 1656 3132 potentia

234 3165 270 3230 et
289 3156 422 3230 civium
449 3157 622 3230 Placentie
646 3157 857 3252 protectione
880 3159 940 3252 qui
964 3157 1108 3230 domum
1128 3179 1189 3253 pro
1212 3159 1363 3232 civitatis
1387 3161 1579 3235 munitione
1603 3185 1657 3236 re·

233 3289 454 3370 manserant,
473 3289 579 3375 attrue
599 3281 796 3354 Florenzole
809 3281 858 3376 (b)
878 3291 913 3353 et
938 3281 1045 3355 Castri
1065 3281 1210 3377 Arquati
1230 3292 1265 3358 et
1282 3284 1524 3379 sagittariorum
1547 3287 1656 3360 Vallis

233 3403 324 3476 Tarii
353 3402 486 3477 auxilio
512 3403 574 3498 qui
603 3403 651 3478 ad
677 3403 852 3478 civitatem
879 3403 972 3478 illico
996 3413 1235 3496 accesserunt,
1263 3405 1439 3481 adfinem
1466 3409 1655 3506 perducere

233 3527 375 3602 minime
393 3537 593 3623 potueruut.

266 3651 330 3725 M.
348 3651 413 3726 CC.
428 3653 504 3745 XV,
521 3651 713 3726 indictione
731 3653 848 3744 tertia,
868 3652 927 3728 die
938 3652 1052 3744 iovis,
1068 3651 1129 3724 Vll
1151 3651 1318 3727 kalendas
1331 3655 1422 3746 junii
1439 3653 1505 3752 (l),
1530 3659 1655 3734 milites

231 3774 406 3850 Placentia
434 3777 681 3872 equitaverunt
714 3775 751 3848 in
787 3785 913 3850 terram
943 3775 1069 3872 Papie,
1103 3785 1138 3847 et
1166 3776 1410 3850 conbuserunt
1436 3779 1589 3874 burgum
1620 3793 1655 3856 et

232 3901 352 3974 villam
382 3902 592 3992 Sivriascbi,
630 3911 666 3976 et
700 3901 810 3974 multa
841 3901 909 3974 alia
940 3901 1016 3974 loca
1043 3900 1293 3975 destruxerunt
1324 3912 1360 3974 et
1388 3903 1650 3998 combnserunt;

231 4025 377 4120 predam
405 4047 548 4121 quoque
577 4047 737 4120 magnam
767 4025 899 4098 bouum
927 4033 963 4096 et
986 4045 1152 4096 vacarum
1178 4035 1214 4096 et
1238 4027 1384 4098 aliarum
1406 4027 1595 4104 bestiarum
1619 4044 1654 4107 et

231 4146 413 4222 bominum
436 4160 602 4246 oeperunt
626 4159 662 4224 et
681 4149 766 4224 inde
788 4149 978 4222 duxerunt.
1001 4147 1078 4220 Alia
1103 4167 1185 4220 vero
1203 4147 1262 4220 die
1283 4149 1557 4226 Mediolanenses
1583 4165 1652 4229 tam

231 4272 358 4346 milites
382 4295 490 4368 quam
513 4273 647 4369 pedites
672 4273 812 4348 iverunt
840 4273 878 4344 iu
900 4273 1127 4360 Lumiliuam,
1151 4281 1187 4344 et
1215 4281 1366 4345 castrum
1390 4275 1560 4350 Carlasobi
1592 4301 1653 4375 per

272 4447 316 4530 (a)
339 4449 377 4510 In
390 4451 491 4512 coMce
504 4447 671 4512 domatus
686 4449 795 4532 Agitur
807 4455 909 4512 emen
923 4449 961 4510 de
974 4448 1216 4510 Cremonensium
1229 4449 1369 4513 navlbus.

274 4554 316 4636 (b)
337 4557 374 4618 1n
388 4557 491 4618 codice
503 4553 694 4618 Plorszolum.

266 4801 302 4877 (ι)
320 4803 358 4862 Le
371 4805 407 4863 26
421 4803 476 4861 mai
490 4803 555 4863 stult
566 4821 603 4863 un
618 4805 715 4865 mardi.
729 4805 868 4866 Paul-dtas
879 4805 968 4863 nuni}
980 4805 1030 4863 lire
1037 4805 1107 4880 iulii
1122 4807 1165 4882 (ιδ
1175 4807 1260 4883 juin),
1275 4825 1308 4868 cs
1318 4809 1365 4884 qui
1378 4807 1461 4868 serait
1474 4821 1562 4870 exact.
