4554 6080
795 647 837 706 lbi
861 646 1002 708 itania
1026 645 1178 708 (insutu.
1638 639 1700 702 299

323 782 388 854 Die
411 780 552 854 veneris
571 781 630 854 llll
647 779 776 852 mensis
796 781 951 854 octubris
970 782 1057 854 inira
1081 781 1208 876 scripte
1231 779 1342 852 littere
1364 778 1547 852 transmise
1562 785 1644 850 suut
1662 776 1699 848 in

273 905 483 980 lombardia
510 927 572 1000 per
598 904 764 976 illustrem
791 905 906 976 virum
936 905 1118 978 domiuum
1144 902 1366 978 Fredericum
1397 902 1542 976 tercium
1570 900 1701 974 habia-

274 1030 384 1102 citum
406 1027 585 1124 quondum
604 1027 737 1100 domini
755 1027 927 1102 Frederici
948 1029 1163 1125 imperaturis
1190 1027 1403 1100 continentes
1425 1025 1501 1100 itu:
1526 1022 1700 1098 «Frede-

247 1167 250 1174 “
273 1154 370 1226 riom
388 1153 517 1228 turcius
531 1152 595 1224 Dei
613 1151 723 1246 gratia
745 1153 934 1226 Jerusalem
953 1161 989 1226 et
1004 1153 1119 1226 Sicilie
1137 1174 1219 1244 rex,
1241 1151 1318 1226 dux
1337 1151 1485 1243 Suevie,
1509 1151 1700 1243 lautingra-

275 1276 356 1350 vius
376 1277 568 1370 Dhuriugie
589 1284 625 1348 et
648 1277 802 1350 Saxome
827 1299 945 1350 eomes
969 1279 1165 1374 palatinus,
1185 1277 1303 1350 comiti
1322 1275 1486 1350 Ubertino
1507 1275 1554 1348 de
1579 1275 1700 1348 Laudo

275 1401 405 1474 dilecto
431 1401 636 1475 amicosne
665 1402 871 1474 salutemet
894 1423 1048 1476 umorem
1075 1403 1260 1476 sincerum.
1289 1399 1433 1494 Cognita
1460 1420 1574 1494 nuper
1599 1399 1700 1472 nobis

275 1523 481 1598 devocionis
497 1535 531 1598 et
547 1523 630 1599 fidei
647 1525 797 1620 puritate
811 1548 919 1619 quum
944 1526 990 1600 ad
1010 1524 1181 1621 quosdam
1203 1523 1466 1620 predecessores
1486 1533 1618 1596 nostros
1636 1523 1699 1596 ba·

274 1647 384 1720 buisti
400 1657 435 1722 et
449 1657 621 1744 quantum
636 1649 727 1722 circa
744 1672 864 1723 eorum
881 1651 1030 1725 servicia
1048 1659 1083 1723 te
1096 1649 1232 1745 gessisti
1245 1649 1389 1722 sollicite
1405 1656 1441 1721 et
1458 1647 1585 1722 devote
1600 1657 1636 1720 et
1653 1645 1700 1720 ad

278 1781 395 1846 nostra
413 1781 447 1846 te
466 1774 558 1868 geris
574 1773 732 1864 viriiiter,
749 1783 923 1869 quantum
940 1784 1054 1870 putes,
1070 1772 1170 1846 firma
1183 1781 1299 1846 mente
1313 1772 1541 1868 proponimus
1557 1779 1592 1844 et
1608 1793 1700 1844 uun·

275 1917 383 1990 mam
403 1896 448 1968 ub
473 1895 540 1970 istc
565 1899 738 1994 proposito
764 1897 968 1971 recedemus
994 1908 1028 1970 te
1052 1905 1088 1971 et
1117 1895 1263 1970 heredes
1288 1905 1367 1968 tuos
1392 1906 1558 1991 tanquam
1588 1896 1700 1970 bene-

273 2020 438 2093 meritam
468 2029 503 2092 et
531 2020 601 2094 tide
631 2021 780 2116 dignum
805 2021 973 2117 ampliare
1001 2021 1128 2115 gratia,
1160 2018 1340 2094 beneficiis
1366 2029 1401 2094 et
1429 2019 1570 2094 bonore.
1601 2020 1700 2106 Qua-

273 2155 415 2241 pmpter
428 2144 656 2220 devocionem
669 2153 766 2218 tuum
780 2146 959 2218 hortamus
975 2153 1104 2218 attente
1118 2153 1278 2238 rogantes
1290 2153 1463 2239 quatenus
1477 2144 1568 2218 circa
1583 2152 1700 2218 nostra

273 2269 423 2343 servicia
444 2279 480 2342 et
501 2271 570 2343 ulia
589 2273 707 2343 omniu
724 2291 794 2365 que
817 2279 975 2343 nostrum
995 2278 1144 2364 tangunt
1159 2269 1380 2344 commodum
1403 2278 1438 2343 et
1460 2268 1626 2342 bonorem
1649 2267 1700 2342 sic

276 2435 478 2450 mua-*n—

273 2525 374 2582 moires
386 2523 419 2582 de
430 2523 532 2584 risun.
548 2524 580 2582 de
594 2525 738 2600 Betpipue,
751 2530 772 2582 t.
786 2525 886 2598 XXV).
901 2524 1075 2596 Gettsiettre,
1085 2523 1290 2599 probablemeut
1304 2522 1387 2580 ecrite
1397 2537 1448 2596 pur
1462 2539 1499 2578 un
1511 2521 1639 2580 Flamund
1652 2523 1699 2596 qui

276 2623 350 2680 avait
363 2623 546 2698 accompagnd
561 2641 597 2682 en
611 2625 687 2682 italie
703 2625 729 2682 le
738 2625 821 2698 janne
833 2623 936 2682 bobert
948 2625 982 2680 de
994 2623 1132 2694 sachunu,
1147 2623 1236 2682 donne
1253 2623 1301 2679 des
1315 2621 1413 2678 detuiis
1427 2621 1640 2680 non-seulement
1653 2636 1700 2678 sur

273 2721 301 2777 la
313 2721 446 2778 redditiou
462 2722 496 2779 da
510 2723 626 2794 luceru,
642 2721 710 2780 mais
723 2721 797 2780 aussi
811 2738 859 2780 sur
875 2739 913 2778 un
925 2720 1021 2778 nouvei
1038 2725 1215 2793 engagement
1227 2719 1274 2792 qui
1288 2720 1379 2776 venuit
1393 2717 1495 2776 d’uvoir
1507 2717 1561 2774 lieu
1571 2725 1647 2777 entre
1660 2719 1699 2778 les

273 2817 451 2889 Provenpuux
469 2823 498 2875 et
510 2819 550 2876 iss
563 2819 687 2876 Gibeiins
697 2819 732 2876 de
745 2819 834 2892 Sieiie,
851 2823 880 2876 et
896 2819 931 2876 ob
950 2818 991 2875 les
1007 2817 1140 2891 premiere
1155 2815 1262 2874 avaient
1275 2831 1310 2873 eu
1323 2817 1480 2888 l'uvuntuge.
1496 2815 1572 2875 Voici
1589 2816 1615 2873 le
1626 2821 1700 2874 texte

272 2915 307 2972 de
322 2923 394 2973 cette
407 2917 499 2990 piace:

311 3013 531 3086 «significamus
552 3013 629 3072 vobis
643 3013 677 3072 ud
691 3013 819 3086 gaudium
841 3012 914 3088 qnod
936 3029 999 3070 oum
1015 3012 1110 3074 civitas
1124 3011 1283 3070 Lieeriensis
1302 3011 1474 3070 innumeroso
1490 3011 1699 3073 Samacenorum

275 3131 289 3164 s
305 3112 387 3186 plenu
398 3113 497 3186 populu
509 3117 538 3170 et
548 3113 602 3170 situ
614 3111 770 3184 tortissiata,
776 3111 889 3184 jamdiu,
900 3111 977 3186 qnasi
989 3111 1016 3166 in
1030 3110 1119 3168 medio
1130 3110 1205 3183 regui
1217 3109 1423 3167 christianorum
1434 3111 1597 3184 contag‘um,
1606 3117 1699 3170 contra

274 3211 476 3282 »majestatem
495 3209 596 3282 regiam
610 3209 782 3280 rebellasset,
798 3213 894 3266 coacta
912 3213 1004 3264 mmen
1019 3213 1046 3264 at
1060 3213 1135 3263 arcta
1153 3207 1293 3264 obsidione
1306 3207 1403 3278 regalis
1416 3208 1549 3265 exereitus
1566 3209 1612 3280 qui
1626 3209 1699 3280 ipsos

274 3325 289 3358 u
304 3305 468 3363 Sarracenos
481 3307 524 3363 die
539 3305 660 3379 quolibet
672 3307 701 3362 iu
714 3321 761 3364 ore
778 3305 860 3379 gladii
874 3305 1036 3375 trucidabat,
1050 3305 1120 3362 turne
1132 3303 1241 3378 quidem
1259 3303 1428 3363 intollerabili
1446 3305 1584 3378 lacessita,
1599 3307 1699 3366 ictibus

274 3420 289 3454 s
305 3407 334 3458 et
346 3401 422 3459 duris
437 3403 583 3460 insultibus
594 3403 735 3476 sepissime
748 3403 874 3476 tutigatu,
889 3408 1033 3476 postquam
1046 3402 1118 3460 nitra
1128 3407 1223 3459 contra
1236 3402 1338 3460 domini
1348 3403 1419 3476 regis
1430 3403 1549 3462 furorem
1562 3419 1593 3462 se
1606 3409 1698 3463 unere

273 3517 289 3551 s
306 3514 362 3556 nou
376 3498 480 3558 valeret
492 3515 544 3556 nec
556 3499 638 3556 etium
654 3501 773 3572 etlugsre
786 3515 885 3556 manus
898 3515 971 3570 suus,
986 3515 1080 3558 omnes
1088 3499 1213 3558 Saraceni
1226 3499 1341 3556 civitatis
1354 3501 1500 3574 predictae,
1515 3503 1602 3561 trevia
1613 3519 1698 3578 prae·

274 3616 289 3650 s
307 3601 393 3668 statu,
416 3613 479 3654 oum
499 3597 620 3669 corrigiis
631 3597 664 3654 ud
677 3597 775 3654 coitum
791 3612 807 3654 u
821 3597 963 3670 majestate
980 3597 1052 3670 regia
1069 3597 1254 3653 tantummodo
1269 3597 1354 3654 vitum
1368 3613 1400 3655 ex
1417 3599 1474 3656 sola
1491 3599 1576 3673 ipsius
1589 3601 1698 3660 miseri·

272 3713 288 3746 s
306 3693 398 3750 cordia
409 3693 593 3767 implorantes,
608 3709 639 3751 se
651 3709 699 3766 pro
712 3693 799 3750 servis
813 3699 1014 3766 supposuerunt
1022 3693 1086 3749 dicti
1096 3691 1197 3749 domini
1211 3693 1281 3766 regis
1294 3695 1403 3751 omnino
1414 3695 1553 3768 voluntati,
1567 3697 1697 3756 trudendo

272 3810 287 3844 s
304 3793 331 3847 ei
345 3789 535 3848 Gocrudiucm
549 3793 598 3864 qui
614 3791 685 3862 repis
698 3790 821 3848 dourcdi
837 3789 928 3863 fitium
944 3806 971 3846 ue
986 3791 1085 3847 emerit
1100 3807 1178 3863 quem
1191 3805 1269 3848 suum
1288 3791 1430 3848 minam
1447 3799 1628 3867 reputarunt,
1642 3811 1697 3854 una

271 3908 287 3942 s
305 3904 368 3946 urm
381 3888 466 3962 ipsius
477 3887 591 3946 Conradi
603 3893 703 3959 matre,
720 3887 832 3946 tranem
846 3885 1050 3946 Ramintredum
1063 3887 1264 3960 Hospitulorum
1277 3886 1429 3946 obtinucem
1443 3889 1549 3947 illorum
1562 3898 1697 3952 rectorem

270 4005 287 4039 s
306 4001 338 4042 ue
351 3985 488 4042 caecitatis
498 3985 605 4056 ducem,
622 4001 727 4044 necnon
742 3992 770 4042 et
783 4001 878 4044 omnes
892 3985 960 4042 alios
973 3984 1124 4058 proditores
1139 3989 1168 4042 et
1180 3999 1275 4042 omnes
1287 3984 1368 4042 falsus
1383 3985 1542 4046 christianos
1555 4006 1618 4048 cum
1629 3991 1696 4066 ipsis

272 4101 287 4134 s
305 4083 463 4154 existentes,
477 4083 570 4140 ultimo
581 4089 610 4138 ut
624 4081 743 4138 creditur
754 4083 886 4156 supplicio
898 4099 948 4156 pro
959 4082 1024 4138 dicti
1037 4081 1137 4140 domini
1150 4081 1221 4154 regis
1233 4081 1343 4140 arbitrio
1355 4083 1498 4142 feriendos.
1508 4085 1650 4145 Praeterea
1661 4089 1696 4147 de

272 4197 288 4230 e
306 4179 383 4235 novis
403 4177 519 4253 Cyciiiae
532 4179 610 4236 vobis
623 4179 748 4234 intimare
761 4179 885 4237 volumus
900 4179 973 4251 qnod
992 4187 1055 4236 sunt
1071 4179 1223 4253 proditores
1239 4179 1384 4239 exstantes
1401 4181 1430 4238 in
1444 4181 1588 4256 Agrigento
1606 4192 1696 4243 castro

272 4294 287 4328 u
306 4273 460 4348 lenissimo,
474 4277 600 4351 usquein
615 4275 748 4334 territorio
760 4277 903 4332 Panuormi
917 4292 992 4333 more
1006 4276 1171 4350 praedonum
1181 4278 1370 4336 discurrentes.
1386 4279 1501 4349 Quidum
1515 4281 1696 4340 Provinciuies

271 4391 287 4426 n
305 4375 450 4432 sustentes
461 4375 489 4430 iu
502 4375 595 4432 Castro
608 4376 694 4445 Novo,
705 4373 757 4432 hoc
769 4373 896 4447 scientes,
910 4375 1076 4448 congregatis
1090 4376 1182 4434 multis
1193 4377 1323 4435 archariis
1336 4383 1434 4449 tarrae,
1448 4377 1500 4435 iilis
1514 4379 1695 4454 proditoribus

272 4488 288 4522 s
306 4469 416 4527 obvium
429 4479 604 4528 occurrerunt
614 4478 643 4530 et
656 4472 684 4527 iu
697 4472 772 4545 ipsos
785 4472 852 4530 dum
867 4474 1010 4530 transitum
1026 4473 1145 4532 iacerent
1156 4475 1267 4532 viriiiter
1278 4476 1413 4534 irruerunt
1424 4483 1451 4532 et
1464 4477 1538 4550 ipsos
1557 4478 1585 4534 iu
1604 4479 1695 4553 togam

272 4586 288 4620 s
306 4568 415 4642 penitus
430 4575 634 4640 converterunt,
657 4569 695 4626 ita
714 4571 786 4644 quod
804 4575 858 4626 nm
878 4570 978 4644 captivi
994 4585 1075 4644 quam
1088 4572 1186 4628 mortui
1201 4572 1313 4646 eripuis
1329 4573 1463 4631 excedunt
1482 4589 1626 4632 nnmerum
1644 4579 1694 4634 du·

272 4683 288 4718 s
306 4671 460 4737 centorum
475 4666 511 4724 ob
524 4667 602 4740 cujus
613 4667 754 4724 obteumm
765 4669 894 4726 victoriae
905 4667 1019 4725 multum
1033 4668 1071 4725 ibi
1082 4671 1212 4727 attenuati
1224 4677 1288 4727 suut
1300 4670 1449 4744 proditores
1461 4677 1489 4729 et
1502 4672 1631 4740 rebelles,
1645 4677 1694 4733 sed

272 4781 286 4815 s
305 4778 339 4818 ex
353 4763 411 4836 ipsa
424 4764 546 4837 ceptione
559 4765 703 4822 liceriensi
715 4765 867 4823 omnimodo
879 4765 1085 4838 contundentur,
1101 4766 1181 4824 dante
1194 4769 1284 4824 Deo.»
