4554 6080
568 639 628 702 328
1039 645 1281 706 cflaoNtcott
1307 647 1358 706 DE
1382 647 1511 706 nuans

567 773 656 848 ciam
672 773 897 872 destinantes,
912 779 1083 853 nobilitati
1097 789 1156 854 tue
1168 781 1374 854 mandamus
1387 791 1561 876 quatenus
1573 801 1615 854 ea
1630 781 1831 876 omniaque
1848 783 1893 856 de
1910 805 1988 858 nos·

567 898 628 970 tris
645 899 801 973 serviciis
819 902 999 976 ethonore
1015 926 1056 978 ac
1074 912 1134 978 tuo
1148 915 1182 978 et
1197 904 1351 978 fidelium
1368 916 1562 980 nostrorum
1576 906 1684 1002 partis
1699 906 1873 980 Placentia
1891 929 1986 980 oom-

566 1021 671 1096 modo
698 1033 733 1096 et
757 1027 868 1100 salute
899 1025 1040 1102 duxerit
1071 1039 1234 1103 oretenus
1261 1030 1504 1122 referendum,
1536 1028 1772 1102 indubitanter
1799 1029 1921 1104 credas
1951 1039 1989 1104 et

566 1146 750 1220 uliicaciter
764 1151 969 1245 exequaris3
988 1153 1141 1226 sciturus
1157 1153 1253 1248 quod
1274 1163 1429 1250 laquem
1449 1155 1547 1227 lavor
1570 1163 1685 1228 noster
1701 1163 1737 1226 et
1752 1155 1863 1248 gratia
1882 1152 1989 1247 digne

567 1271 805 1366 prosequitur,
826 1273 1065 1348 desideramus
1090 1285 1125 1349 et
1143 1279 1306 1350 volumus
1326 1277 1373 1351 ad
1399 1287 1525 1351 statum
1546 1299 1707 1350 securum
1726 1287 1762 1351 et
1784 1297 1988 1374 prosperum

567 1415 784 1489 promovere.
797 1398 919 1470 Datum
935 1400 1032 1496 apud
1045 1401 1306 1474 Gualazalarum
1319 1401 1381 1496 (a),
1396 1401 1587 1474 MCCLXXl
1602 1423 1625 1474 a
1638 1401 1818 1474 nativitate
1832 1399 1986 1488 Domini,

570 1516 628 1591 die
654 1519 717 1591 XV
741 1521 870 1594 mensis
898 1524 1062 1616 januarii.
1087 1551 1105 1594 u
1126 1526 1187 1598 Die
1212 1527 1351 1599 veneris
1376 1527 1500 1598 XXVII
1524 1527 1654 1600 mensis
1680 1525 1842 1598 februarii
1871 1525 1991 1600 audita

568 1651 662 1713 suut·
725 1699 735 1716 .
791 1699 801 1718 .
866 1700 875 1716 .
931 1701 940 1720 .
995 1702 1004 1720 .
1060 1703 1069 1720 .
1122 1651 1260 1723 inorbo
1263 1701 1866 1724 ..........
1919 1647 1987 1744 (l).

639 1765 646 1866 Ι
667 1767 715 1840 Μ.
731 1767 793 1842 CC.
814 1774 1069 1866 septuagesimo
1080 1775 1208 1870 primo,
1225 1775 1271 1848 de
1286 1797 1404 1848 mense
1418 1796 1501 1848 vero
1519 1775 1638 1847 marcii
1653 1796 1734 1846 cum
1751 1773 1913 1846 dominus
1926 1796 1991 1846 rex

569 1893 726 1990 Philipus
749 1895 956 1968 Francorum
985 1920 1064 1970 oum
1090 1907 1194 1992 geute
1218 1921 1282 1972 sua
1307 1898 1460 1972 reddiret
1485 1897 1531 1971 ab
1557 1897 1716 1972 exercitu
1738 1897 1929 1992 Cartagiuis
1954 1909 1992 1968 et

568 2029 661 2092 esset
677 2019 712 2090 in
728 2019 866 2092 civitate
881 2021 1024 2094 Viterbii
1043 2021 1244 2094 admissam
1264 2021 1504 2095 celebrandam
1525 2031 1560 2095 ot
1580 2045 1698 2095 secum
1716 2031 1806 2095 esset
1821 2020 1992 2094 ilenricus

572 2143 664 2216 filius
682 2146 818 2220 comitis
834 2147 971 2220 Ricardi
984 2148 1029 2220 de
1044 2147 1170 2243 Anglia
1187 2149 1249 2244 qui
1262 2170 1300 2221 se
1314 2170 1432 2242 regem
1443 2150 1677 2222 Romanorum
1694 2149 1857 2244 appellat,
1877 2147 1992 2222 Guido

572 2268 665 2342 filius
679 2269 825 2341 condam
844 2272 1005 2366 Symonis
1021 2271 1065 2344 de
1085 2273 1254 2346 Montorto
1266 2296 1371 2366 quem
1385 2273 1548 2346 dominus
1564 2273 1773 2348 Odduardus
1788 2271 1881 2344 iilius
1897 2273 1990 2368 regis

571 2393 699 2486 Anglie
712 2395 881 2466 interfecit
893 2417 973 2466 cum
995 2417 1066 2468 uuo
1082 2395 1152 2469 lilio
1167 2399 1243 2490 ejus
1262 2407 1402 2494 propter
1419 2407 1540 2490 gentes
1553 2397 1650 2491 regni
1665 2397 1789 2491 Anglie
1806 2418 1895 2490 quas
1907 2418 1992 2468 cun·

574 2517 740 2589 citaverat
753 2527 870 2591 contra
888 2541 1005 2613 regem
1022 2519 1146 2613 Anglie
1163 2529 1198 2592 et
1215 2521 1330 2617 ipsum
1351 2520 1595 2611 Odduardum,
1614 2520 1731 2592 habito
1746 2529 1892 2592 tractatu
1909 2541 1991 2591 cum

575 2641 699 2714 comite
717 2641 874 2714 Gnidone
893 2643 1012 2716 Rubeo
1027 2642 1071 2716 de
1084 2644 1255 2716 Maritima
1272 2665 1391 2716 socero
1408 2665 1472 2716 suo
1489 2654 1524 2716 et
1537 2645 1615 2715 aliis
1628 2643 1750 2714 amicis
1769 2643 1855 2732 suia,
1877 2643 1991 2736 ipsum

574 2763 760 2836 Heuricum
778 2763 904 2856 gladiis
920 2765 1087 2837 interiecit
1100 2775 1135 2838 et
1151 2767 1287 2859 aufugit
1304 2767 1339 2837 in
1357 2765 1690 2838 Montemlisconum.
1706 2767 1756 2838 Do
1770 2775 1879 2838 morte
1892 2764 1994 2856 cujus

576 2891 723 2960 multum
738 2887 848 2961 doluit
868 2898 903 2961 et
917 2889 1071 2962 tristatus
1091 2900 1143 2962 est
1164 2912 1227 2963 rex
1250 2889 1421 2986 Philipus,
1447 2891 1532 2984 quia
1551 2893 1628 2982 ejus
1653 2911 1839 2984 germanus
1861 2899 1936 2962 erat
1957 2899 1995 2964 et

576 3013 767 3089 vindictam
784 3013 896 3086 iacere
918 3035 986 3086 non
1006 3013 1129 3108 potuit.
1155 3013 1289 3087 Deinde
1305 3036 1369 3086 rex
1391 3015 1547 3110 Philipus
1569 3023 1729 3110 properat
1748 3035 1888 3108 gressus
1911 3033 1995 3086 suos

577 3161 640 3235 per
656 3139 834 3226 Tusciam,
854 3138 982 3212 deiude
996 3161 1058 3232 per
1075 3138 1330 3212 Lombardiam.
1350 3140 1466 3212 Primo
1487 3140 1632 3212 accessit
1648 3139 1853 3230 Bononiam,
1874 3145 1996 3233 postea

578 3263 763 3352 Mutinam,
791 3261 919 3336 deinde
942 3263 1107 3356 Regium,
1132 3271 1287 3358 preterea
1304 3263 1475 3335 Parmam.
1499 3263 1617 3336 Noluit
1640 3263 1761 3334 venire
1779 3261 1995 3334 Placenciam

578 3398 719 3484 proptor
736 3387 910 3460 caminum
928 3396 1032 3459 strate
1046 3409 1150 3481 quem
1171 3409 1287 3460 comes
1300 3387 1485 3459 Ubertinus
1502 3387 1548 3461 do
1565 3385 1684 3458 lando
1702 3395 1738 3458 et
1754 3407 1834 3480 pars
1855 3385 1997 3458 extrin-

574 3533 660 3586 seca
670 3511 841 3584 Placentia
857 3511 1016 3603 gueriant
1030 3523 1064 3581 et
1081 3510 1274 3600 offendunt,
1290 3518 1324 3581 et
1342 3518 1481 3605 proptor
1497 3510 1653 3582 timorem
1666 3509 1862 3582 communis
1872 3509 1989 3604 Papio.

579 3635 623 3706 Et
638 3635 689 3706 sic
702 3635 860 3706 transivit
870 3633 1003 3707 Padum
1020 3643 1054 3706 et
1068 3633 1132 3704 ivit
1146 3631 1367 3722 Cremonam,
1387 3641 1423 3703 et
1438 3631 1486 3704 ibi
1502 3631 1626 3726 quinto
1641 3631 1770 3704 mensis
1788 3633 1907 3726 aprilis
1919 3633 1994 3704 cel-

578 3759 900 3846 lebravitPascha,
933 3756 1064 3830 deinde
1094 3756 1302 3848 Sunoinum,
1337 3767 1491 3850 preterea
1518 3755 1751 3828 Mediolanum
1774 3755 1837 3828 ubi
1867 3757 1997 3853 recepit

579 3885 771 3957 maximum
794 3883 958 3956 honorem
979 3892 1013 3953 et
1035 3882 1128 3954 stetit
1147 3881 1195 3951 ibi
1221 3903 1282 3976 por
1302 3903 1408 3953 uuam
1427 3879 1539 3968 diem,
1556 3890 1592 3952 et
1609 3889 1730 3975 postea
1749 3881 1813 3951 ivit
1837 3879 1995 3954 Abiatem

579 4007 756 4098 Grossam,
774 4007 902 4080 deinde
915 4007 1106 4097 Vercellas,
1125 4005 1344 4102 postmodum
1363 4004 1534 4100 gradatim
1562 4003 1675 4076 exivit
1701 4003 1747 4076 de
1775 4003 1993 4076 lumbardia.

579 4133 735 4205 Habebat
762 4133 855 4204 enim
881 4140 1084 4204 sexcentum
1118 4131 1300 4221 somarios,
1329 4129 1454 4201 milites
1484 4127 1575 4200 circa
1602 4125 1702 4198 CCCC
1724 4135 1759 4198 et
1791 4125 1996 4220 deportabat

579 4277 698 4330 mcum
727 4277 806 4330 ossa
828 4253 977 4328 condam
1004 4253 1137 4329 domini
1162 4253 1315 4350 Ludoyoi
1338 4252 1431 4346 regis
1459 4249 1647 4346 patrissui
1672 4259 1707 4322 et
1728 4271 1808 4322 ossa
1831 4249 1996 4322 lobannis

621 4433 663 4516 (a)
684 4433 994 4511 Momeneorruptum,
1014 4432 1212 4494 verisimiliter
1224 4447 1278 4508 pro
1289 4425 1530 4512 Goudclajmm.

616 4677 652 4754 (t)
664 4679 701 4736 Lo
712 4691 791 4735 verso
804 4675 838 4734 da
851 4691 883 4734 re
895 4673 997 4733 leuillot
1010 4675 1045 4730 68
1059 4678 1101 4732 est
1113 4670 1208 4746 rempli
1220 4685 1269 4744 par
1281 4669 1329 4726 des
1341 4673 1418 4726 notae
1427 4665 1551 4726 relatives
1564 4663 1720 4724 tl’biatoire
1730 4663 1765 4720 de
1775 4661 1869 4734 llilau,
1879 4661 1915 4719 de
1924 4663 1995 4722 tata

579 4776 596 4835 d
611 4780 691 4849 tati,
704 4775 801 4833 cuites
812 4775 893 4832 d‘une
906 4779 982 4830 autre
995 4771 1067 4828 main
1080 4776 1108 4828 et
1119 4767 1368 4845 posterieurement.
1378 4764 1442 4824 loir
1451 4762 1468 4822 t
1477 4763 1504 4822 la
1515 4763 1585 4822 suite
1596 4762 1630 4822 de
1641 4762 1667 4820 la
1680 4759 1837 4834 chronique.
