4534 6074
681 722 923 784 CHRONICON
948 721 1252 784 Puucuuuluuu.
1631 723 1671 786 69

247 1046 298 1117 De
324 1046 487 1140 colloquio
515 1045 675 1118 celebrato
699 1046 741 1116 ob
761 1045 956 1140 imperatore
979 1065 1054 1114 curn
1082 1044 1355 1118 Cremonensibus
1379 1058 1411 1118 et
1436 1049 1671 1122 Parmenion

529 1180 560 1240 et
578 1169 791 1263 Papiersibnt
807 1171 845 1240 iu
866 1168 933 1240 loco
950 1168 1059 1260 Borpi
1077 1167 1191 1240 Sancti
1209 1171 1398 1264 Dnnrpnioi.

292 1446 442 1518 tnvocato
458 1451 556 1522 Jhesu
573 1449 713 1540 Christo,

292 1561 386 1630 Dicto
401 1564 490 1634 brevi
510 1587 607 1656 super
621 1568 684 1634 isto

292 1675 437 1758 Quedam
454 1679 554 1748 ieram
571 1689 606 1748 ut
620 1687 789 1769 gesserunt

292 1785 526 1860 Cremonenses
542 1813 580 1860 ac
594 1793 739 1861 iecerunt

339 1903 413 1972 Suis
429 1924 502 1972 eum
518 1905 718 1991 sequacibus.

291 2093 524 2164 Cremonenses
540 2115 612 2161 cum
627 2095 724 2184 Papia

290 2207 369 2291 Quis
384 2206 458 2297 (arc)
473 2228 558 2274 nune
573 2208 639 2274 odit
655 2205 863 2288 Lombardia‚

289 2319 492 2389 Affeetabant
506 2328 706 2406 pretaxatam

290 2431 456 2519 Alamanis
471 2429 539 2498 iore
554 2431 663 2500 datam

333 2545 376 2614 Ut
392 2547 440 2613 sic
456 2555 565 2633 posset
577 2545 711 2614 destrui.

288 2737 394 2821 Quare
410 2757 557 2828 gressum
574 2727 776 2822 direxerunt,

286 2849 388 2920 Velud
403 2851 496 2918 multi
511 2850 606 2919 modo
622 2852 746 2932 serunt,
881 2859 884 2866 '

285 2966 336 3036 Ad
351 2969 530 3035 inmensam
546 2967 745 3054 majestatem

285 3081 491 3150 Obtinentem
508 3087 697 3168 potestatem

329 3194 440 3260 Totius
455 3193 581 3281 Apulis.

284 3387 731 3476 Lombardiampolticentes‚
792 3449 796 3458 .

283 3501 390 3589 Ipsam
406 3519 532 3588 quoque
545 3499 733 3570 inducentes
796 3493 803 3508 '

280 3612 324 3682 Ut
339 3615 476 3679 intraret
490 3610 743 3682 Lombardorum

283 3725 485 3814 Sapientium
498 3725 640 3792 virorum

325 3837 477 3908 Confines
493 3840 525 3906 iu
540 3840 699 3927 proximo.

279 4027 460 4116 [superator
475 4029 536 4096 hoc
551 4029 658 4096 audito

278 4141 321 4211 Et
338 4141 483 4208 confixus
496 4163 534 4209 eo
551 4142 649 4223 dieto,

277 4252 352 4320 Mox
368 4253 489 4338 incepit
503 4252 651 4322 advenire

278 4362 359 4434 Cum
375 4364 484 4432 furore
499 4385 555 4430 sue
569 4366 617 4431 ire

321 4475 413 4544 More
427 4475 654 4543 Theothonico.

271 4708 315 4788 (a)
339 4711 376 4770 lu
389 4710 492 4769 codiee
504 4706 555 4767 red
561 4709 690 4786 puratis.

273 4809 316 4894 (d)
337 4813 373 4874 Iu
387 4811 604 4892 codicesorore.

1036 1449 1101 1519 Sed
1115 1450 1286 1520 Lombardi
1303 1462 1377 1522 sunt
1391 1457 1488 1523 astuti

1033 1563 1075 1631 Et
1088 1566 1121 1630 in
1136 1563 1228 1632 iactis
1243 1569 1332 1635 valde
1349 1571 1418 1636 tuti.

1033 1672 1141 1757 Quare
1154 1679 1217 1744 cito
1232 1681 1469 1767 perpenderunt

1034 1787 1151 1856 Dolum
1166 1811 1260 1877 quern
1277 1793 1539 1863 machinaverunt

1079 1899 1311 1972 Cremonenses
1328 1907 1450 1994 perfidi.

1033 2093 1139 2177 Quare
1155 2097 1406 2167 Mediolanenses

1033 2205 1175 2289 Quorum
1193 2212 1274 2298 pigri
1298 2233 1360 2279 non
1378 2223 1453 2281 suut
1469 2235 1583 2296 eume,

1034 2321 1197 2411 Superatis
1211 2323 1258 2416 (o)
1274 2327 1500 2410 Parmexanis,

1033 2434 1115 2504 Sunt
1131 2436 1272 2526 adjuncti
1290 2441 1508 2512 Marchexanis

1076 2547 1193 2617 Socioli
1211 2549 1328 2621 sedere.

1031 2739 1105 2809 Istis
1121 2742 1203 2810 addo
1219 2745 1422 2818 Placentinos

1032 2851 1135 2921 Simul
1150 2863 1245 2944 atque
1256 2859 1281 2925 F
1284 2865 1464 2943 aventinum

1029 2963 1071 3031 Et
1087 2966 1231 3036 addendo
1248 2971 1429 3042 Briuienses

1029 3075 1100 3144 Non
1114 3081 1280 3149 excludam
1295 3084 1525 3170 Bedunienses,

1096 3189 1177 3260 Cum
1203 3197 1268 3262 sint
1292 3201 1514 3285 potentissimi.

1028 3380 1146 3450 Multas
1162 3403 1291 3471 possem
1307 3407 1491 3480 nuncupare

1027 3493 1179 3566 Civitates
1195 3511 1381 3588 computare

1026 3609 1114 3678 Inter
1127 3611 1198 3680 loca
1209 3614 1277 3701 J‘am
1293 3617 1452 3702 predicta,

1026 3725 1096 3794 Nisi
1112 3728 1185 3814 quia
1201 3729 1296 3817 longa
1310 3730 1393 3800 dicta

1071 3837 1235 3908 Generaut
1250 3841 1422 3913 fastidium.

998 4033 1004 4124 Ι
1024 4035 1097 4123 lpse
1110 4037 1196 4101 venit
1215 4055 1287 4102 cum
1302 4035 1409 4106 furore
1427 4039 1483 4128 (b),

1024 4147 1089 4216 Sed
1103 4149 1235 4216 reeessit
1254 4169 1326 4217 cum
1343 4152 1464 4223 dolore.

939 4291 942 4298 ·
1023 4257 1173 4346 Magnam
1188 4263 1261 4330 tulit
1275 4263 1445 4336 dictionem
1459 4269 1500 4358 (.)

1022 4369 1158 4460 Propter
1173 4380 1411 4461 persuasionem

1065 4483 1296 4557 Cremonenses
1311 4490 1385 4582 (sic)
1398 4493 1530 4566 fatuam.
