4594 6066
626 617 687 680 172
1100 617 1340 680 cltuolttcou
1363 619 1414 679 DE
1439 617 1567 678 MEBUS

622 773 693 824 non
709 753 836 824 iaceret
851 760 989 847 pactum
1002 774 1083 824 cum
1096 753 1302 826 Placentinis
1319 755 1386 826 nisi
1401 753 1544 826 baberet
1565 753 1740 826 civitatem
1760 763 1795 827 et
1809 775 1976 849 personas
1990 758 2034 832 ad

621 897 719 948 suum
741 876 967 948 voluntatem.
990 876 1122 949 Eodem
1143 899 1294 972 namque
1314 885 1468 973 tempore
1487 877 1674 972 imperator
1696 878 1777 949 fecit
1800 877 1875 950 lieri
1896 890 2035 975 pontem

619 1019 727 1094 super
745 999 931 1070 Lambrum
953 999 989 1070 in
1011 1001 1169 1096 partibus
1182 999 1402 1074 Membrioni.
1424 1000 1586 1072 Similiter
1609 1000 1701 1072 circa
1721 1000 1757 1072 M
1770 1001 1905 1095 pedites
1928 1011 1965 1074 et
1986 1004 2033 1079 CC

438 1153 469 1186 ο.
511 1153 534 1186 η
572 1174 580 1190 .
618 1123 744 1194 milites
760 1121 946 1195 Mediolani
968 1124 976 1216 Ι
996 1144 1059 1217 per
1071 1123 1371 1196 Gualcamonicam
1386 1133 1422 1195 et
1440 1143 1502 1218 per
1516 1124 1631 1194 lacum
1656 1123 1702 1196 de
1723 1123 1840 1196 Cumis
1854 1125 2032 1200 venientes

616 1245 665 1318 ed
685 1247 859 1318 civitatem
875 1245 1061 1319 Mediolani
1084 1255 1320 1338 accesserunt,
1339 1246 1400 1340 qui
1420 1267 1542 1318 omnes
1559 1257 1714 1342 tempore
1728 1247 1810 1319 belli
1826 1247 1863 1318 in
1878 1248 2033 1322 Palazolo

615 1377 867 1461 remanserant;
888 1368 933 1442 de
952 1391 1023 1462 quo
1039 1369 1135 1444 cives
1161 1369 1348 1442 Mediolani
1373 1391 1540 1462 magnum
1565 1371 1734 1464 gaudium
1757 1370 1968 1444 babuerunt.
1990 1373 2032 1445 Et

483 1495 487 1500 '
615 1491 792 1586 elegerunt
807 1492 995 1564 Guazinam
1010 1493 1160 1565 Muscam
1178 1503 1213 1566 et
1227 1494 1365 1565 Petrum
1379 1490 1541 1564 Azarium
1559 1492 1604 1566 de
1619 1492 1736 1566 Cumis
1751 1515 1814 1589 per
1828 1504 2027 1588 potestates.

614 1615 678 1686 Die
697 1615 741 1687 vl
757 1617 885 1688 mensis
903 1616 1054 1708 januarii
1077 1616 1266 1712 imperator
1286 1615 1454 1710 equitavit
1477 1616 1641 1710 Papiam,
1665 1617 1779 1689 statim
1799 1617 1959 1692 homiues
1986 1619 2030 1695 de

614 1737 800 1831 vegevatte
817 1737 905 1810 illud
919 1739 952 1810 ei
967 1737 1206 1812 reddiderunt.
1228 1739 1304 1824 Quo
1326 1738 1447 1811 audito
1462 1738 1736 1812 Mediolanenses
1751 1741 1867 1812 stetim
1893 1753 2030 1838 pontem

612 1881 717 1954 quem
743 1861 920 1932 habebant
934 1883 1037 1954 super
1053 1861 1211 1934 Ticinum
1233 1861 1500 1934 combuxerunt.
1523 1863 1682 1934 Preterea
1697 1863 1929 1936 vercellenses
1954 1867 2029 1939 lue-

611 1994 693 2056 runt
705 1985 906 2058 obedientes
918 1985 965 2078 ei,
981 1995 1016 2058 et
1026 1985 1256 2060 Novarieuses
1266 1985 1437 2076 similiter,
1451 1983 1570 2058 dando
1582 1985 1615 2058 ei
1631 1985 1764 2058 assides
1778 2009 1866 2081 quos
1878 1989 1915 2060 iu
1925 1989 2028 2084 Pupia

610 2108 738 2200 posuit.

658 2231 789 2305 Eodem
806 2255 958 2328 namque
971 2255 1090 2306 mense
1103 2231 1283 2306 mandavit
1296 2231 1481 2325 imperator
1495 2231 1640 2302 Romam
1655 2231 1829 2303 carocium
1840 2232 2027 2306 Mediolani

609 2377 715 2451 super
730 2357 856 2428 mullos
874 2357 936 2450 qui
959 2354 1046 2428 illud
1067 2363 1289 2450 portaverunt
1313 2377 1394 2426 cum
1417 2353 1536 2424 multis
1558 2353 1668 2444 signis
1682 2362 1718 2424 et
1731 2355 1865 2427 vexillis
1881 2365 1916 2427 et
1936 2357 2028 2430 tubis

609 2499 672 2574 per
694 2488 809 2573 partes
833 2479 1069 2550 Pontremulli.
1092 2478 1195 2563 Quod
1220 2477 1393 2550 curceium
1415 2497 1495 2546 cum
1524 2475 1621 2570 apud
1647 2475 1790 2548 Romam
1819 2477 2023 2572 duxissent,

609 2601 773 2674 dominus
788 2621 879 2694 papa
892 2622 1006 2694 usque
1021 2601 1068 2672 ud
1084 2609 1227 2672 mortem
1246 2599 1358 2672 doluit
1374 2607 1409 2671 et
1423 2598 1510 2671 illud
1522 2598 1559 2670 in
1574 2599 1701 2672 Urbem
1716 2599 1935 2674 introducere
1946 2625 2025 2696 pro-

607 2723 728 2796 hibere
740 2723 863 2796 voluit.
876 2723 978 2809 Quod
992 2723 1113 2818 utique
1125 2724 1278 2797 sentiens
1294 2745 1372 2818 pars
1388 2721 1603 2817 imperatoris
1615 2744 1686 2816 que
1696 2733 1769 2795 erat
1780 2724 1815 2795 iu
1832 2724 1907 2820 ipsa
1918 2726 2020 2820 Urbe,

606 2847 697 2920 illud
712 2846 884 2919 carocium
904 2846 998 2919 intus
1018 2847 1194 2920 civitatem
1212 2845 1462 2920 honorabiliter
1482 2845 1746 2939 conduxerunt;
1765 2847 1862 2940 quod
1876 2850 2025 2944 positum

607 2970 672 3041 luit
686 2970 722 3042 in
736 2970 903 3065 Capitolio
921 2993 984 3066 per
995 2969 1202 3044 cardinales.

655 3095 695 3166 lu
710 3117 829 3167 mense
849 3103 964 3167 autem
988 3097 1147 3191 proximo
1170 3095 1352 3184 februarii,
1378 3094 1565 3190 imperator
1587 3113 1669 3165 cum
1692 3093 1856 3166 comitiva
1877 3095 2022 3166 militum

605 3217 774 3312 equitavit
788 3217 834 3291 ad
846 3218 964 3290 Pinum
977 3217 1022 3292 de
1036 3218 1158 3310 Cunio,
1172 3218 1321 3291 Aureum
1338 3217 1388 3316 (a)
1402 3227 1437 3292 et
1449 3220 1485 3290 in
1497 3217 1741 3301 Cauavesium,
1756 3227 1792 3290 et
1807 3219 1942 3291 loeutus
1958 3218 2024 3290 luit

606 3361 687 3414 cum
705 3342 828 3414 comite
842 3340 1037 3436 Savolie(l›)
1058 3351 1093 3414 et
1107 3341 1184 3414 aliis
1197 3342 1382 3414 comitibus
1397 3351 1432 3414 et
1449 3341 1719 3415 marchionibus.
1738 3339 1936 3434 Habuitque
1953 3363 2022 3414 om·

605 3463 664 3535 nia
679 3465 755 3536 loca
768 3473 802 3537 et
818 3474 928 3537 castra
942 3465 1078 3536 illarum
1091 3466 1241 3560 partium
1257 3465 1421 3561 ponendo
1432 3473 1634 3561 potestatem
1650 3471 1686 3536 et
1700 3471 1848 3535 rectores
1861 3463 1898 3533 in
1913 3463 2023 3535 omni·

604 3587 672 3659 bus
683 3587 778 3660 locis.
796 3587 835 3658 ln
847 3586 965 3660 Astem
980 3609 1065 3660 vero
1081 3588 1223 3660 introire
1240 3588 1363 3660 noluit.
1378 3589 1538 3660 Preterea
1550 3586 1714 3682 Opizinus
1726 3587 1915 3681 Malaspina
1927 3588 2023 3682 equi·

604 3709 691 3782 tavit
716 3708 764 3783 ad
793 3731 873 3782 cum
903 3709 1020 3782 dando
1046 3709 1081 3782 ei
1113 3719 1263 3783 ossuum
1286 3710 1456 3782 Orumale.
1483 3709 1651 3803 Stetitque
1677 3705 1928 3804 imperatorin
1957 3709 2022 3782 illis

604 3832 762 3928 pertibus
789 3854 853 3926 per
881 3839 990 3903 totum
1017 3852 1173 3905 mensem
1198 3832 1318 3904 marcii
1344 3842 1379 3905 et
1404 3831 1529 3904 babuit
1556 3833 1704 3904 Saeuam
1720 3841 1755 3904 et
1783 3829 2021 3926 Albenguuam

604 3975 693 4048 quas
711 3953 868 4028 civitates
884 3956 1099 4028 Ianuueuees
1126 3955 1309 4048 tenebant,
1339 3953 1507 4050 deditque
1527 3975 1589 4028 eas
1602 3955 1640 4027 in
1658 3954 1817 4028 custodia
1831 3953 2020 4028 marcbioni

603 4077 749 4150 Lanoee.

651 4202 703 4274 M.
718 4201 783 4274 CC.
800 4203 990 4296 XXXVIII,
1010 4201 1198 4275 indictione
1215 4202 1284 4291 Xl,
1313 4200 1372 4275 die
1393 4203 1499 4275 tercio
1520 4201 1650 4275 mensis
1674 4197 1812 4296 aprilis,
1838 4200 2022 4295 imperator

603 4347 765 4400 reversus
788 4322 855 4398 luit
878 4327 1039 4422 Papiam,
1063 4325 1191 4399 deinde
1214 4323 1388 4420 Laudem,
1415 4323 1544 4399 deinde
1568 4324 1790 4412 Cremonam,
1806 4323 1955 4419 lecitque
1971 4321 2020 4396 ibi

645 4611 688 4693 (a)
709 4613 846 4674 Fortasse
858 4607 975 4672 Albam.

644 4719 687 4802 (b)
708 4719 765 4782 Hic
777 4721 810 4780 ln
823 4719 924 4782 codlce
936 4715 1047 4781 deuoti.
1061 4717 1119 4782 scd
1132 4717 1209 4780 intra
1221 4712 1334 4779 swotte
1346 4732 1399 4796 pm
1413 4711 1570 4778 camede.
