4534 6074
788 661 829 722 ΙΝ
853 659 994 722 ΙΤΑΗΑ
1019 657 1170 721 ansuis.
1626 650 1681 714 131

272 801 381 874 simus
400 799 457 871 vel
485 796 719 872 concessimus
741 796 868 870 sivein
893 795 1031 870 civitate
1054 794 1112 868 vel
1129 801 1228 865 extro
1243 789 1417 863 civitatem
1433 786 1684 882 querimoniam

271 928 355 1014 aput
383 919 597 1010 majestatem
631 925 783 990 nostram
816 918 1033 1012 deposuerit,
1062 919 1137 1010 ejus
1166 911 1423 1008 queremoniam
1451 932 1522 984 non
1552 909 1686 984 admit--¹

272 1053 384 1116 tamum
402 1050 437 1115 et
459 1039 655 1114 scilentium
673 1037 707 1112 ei
727 1039 957 1134 imponemus.
974 1039 1046 1110 Hoc
1065 1039 1162 1130 qnod
1184 1058 1248 1108 nos
1271 1037 1330 1109 vel
1353 1043 1467 1118 noster
1494 1041 1687 1108 antecessor

272 1188 338 1240 rex
368 1166 427 1239 vol
456 1166 643 1260 imperator
673 1163 845 1258 episcopis
871 1169 906 1234 et
933 1159 1084 1252 clericis,
1115 1158 1314 1232 civitatibus
1343 1159 1400 1230 vel
1431 1158 1510 1229 aliis
1538 1157 1689 1251 quibus-

275 1309 427 1382 cumque
447 1285 499 1383 (a)
526 1287 683 1383 personis
711 1285 843 1358 clericis
870 1286 927 1357 vel
955 1283 1052 1356 laicis
1082 1291 1162 1356 ante
1187 1291 1324 1377 tempus
1355 1302 1478 1374 guerre
1508 1279 1605 1354 dedit
1631 1282 1689 1354 vel

273 1413 431 1507 quolibet
447 1411 678 1484 concessionis
704 1411 803 1483 titulo
820 1410 1007 1500 concessit,
1029 1406 1167 1480 firmum
1185 1414 1220 1479 ot
1241 1413 1355 1477 ratum
1377 1403 1565 1494 babemus,
1584 1405 1691 1478 salvis

274 1535 515 1631 superioribus
529 1533 831 1620 concessionibus,
852 1542 888 1606 et
907 1553 969 1627 pro
983 1553 1025 1606 eo
1048 1531 1149 1604 nobis
1168 1529 1268 1602 solita
1281 1529 1428 1602 servicia
1442 1529 1690 1612 exhibeantur,

274 1658 338 1732 sod
359 1679 484 1731 census
505 1679 578 1731 non
600 1666 806 1754 prestantur.
823 1654 1052 1730 Comoditates
1075 1676 1162 1748 quas
1190 1675 1252 1750 pro
1269 1653 1361 1726 bono
1379 1653 1475 1748 pacis
1493 1653 1692 1726 civitatibus

275 1781 511 1856 concessimus
544 1782 580 1854 in
606 1781 807 1856 civitatibus
838 1780 897 1854 vel
924 1788 1044 1870 extra,
1076 1778 1212 1851 illorum
1237 1777 1405 1869 regalium
1432 1773 1599 1875 [nomine]
1623 1799 1692 1849 uon

276 1905 502 1999 intelligimus
519 1925 583 2000 pro
598 1904 728 1998 quibus
745 1923 870 1976 census
890 1900 1017 1974 debeat
1027 1897 1185 1996 prestari.
1210 1900 1395 1994 Privilegia
1419 1901 1534 1974 omnia
1552 1907 1588 1974 et
1613 1901 1694 1973 data

275 2039 313 2100 et
328 2028 568 2101 concessiones
589 2047 659 2122 que
680 2027 716 2098 in
734 2023 961 2121 prejuditium
980 2023 1036 2097 vel
1052 2021 1243 2116 dampnum
1262 2022 1439 2095 civitatum
1464 2024 1522 2097 vel
1540 2023 1694 2096 locorum

276 2152 335 2224 vel
354 2171 580 2246 personarum
598 2148 770 2222 societatis
782 2148 966 2222 occasione
981 2167 1105 2241 guerre
1124 2141 1188 2243 [in]
1208 2143 1370 2239 injuriam
1391 2146 1538 2238 alieuius
1554 2147 1696 2242 predic-

276 2285 395 2348 torum
412 2273 550 2348 anobis
571 2273 627 2346 vel
652 2293 673 2346 a
691 2273 823 2344 nuntiis
844 2271 970 2344 nostris
987 2269 1122 2343 indulta
1138 2277 1236 2356 sunt,
1262 2278 1440 2342 cassentur
1455 2278 1490 2342 et
1506 2269 1542 2340 in
1561 2270 1696 2342 irritum

278 2395 511 2470 deducantur.
532 2399 571 2468 ln
585 2396 727 2469 civitate
744 2395 804 2468 illa
821 2393 858 2466 in
876 2417 947 2488 qua
965 2394 1149 2488 episcopus
1166 2413 1229 2487 per
1244 2392 1465 2486 privilegium
1484 2392 1699 2486 imperatoris

278 2517 336 2586 vel
355 2516 446 2607 regis
461 2515 661 2588 comitatum
677 2515 803 2606 habet,
823 2515 853 2587 si
871 2515 1027 2588 consules
1046 2536 1109 2610 per
1128 2515 1243 2608 ipsum
1262 2515 1461 2609 episcopum
1480 2516 1697 2588 consulatum

278 2637 437 2732 accipere
455 2639 585 2728 solent,
606 2637 743 2732 abipso
763 2638 931 2733 recipiant
953 2637 1042 2710 sicut
1063 2637 1215 2731 recipere
1242 2649 1509 2710 consueverunt.
1535 2637 1697 2732 Alioquin

280 2779 492 2854 unaqueque
517 2759 641 2832 civitas
657 2782 679 2833 a
697 2760 799 2832 nobis
823 2760 1039 2834 consulatum
1063 2759 1217 2854 recipiet.
1240 2759 1515 2854 Consequens,
1542 2770 1645 2856 prout
1661 2763 1698 2833 in

278 2882 429 2975 singulis
449 2881 649 2956 civitatibus
673 2883 832 2956 consules
859 2883 1125 2974 constituentur,
1148 2903 1168 2954 a
1193 2883 1321 2956 nuncio
1349 2879 1492 2983 [nostro]
1511 2885 1572 2979 qui
1597 2885 1641 2958 sit
1662 2887 1698 2958 in

279 3007 420 3080 civitate
437 3007 495 3080 vel
511 3006 711 3102 episcopatu
728 3007 967 3080 investituram
983 3005 1167 3101 recipiant,
1189 3015 1225 3078 et
1245 3005 1311 3080 boc
1326 3029 1438 3101 usque
1458 3007 1505 3080 ad
1526 3008 1698 3102 quinque·

279 3129 392 3202 nium.
414 3129 526 3202 Finito
541 3130 774 3224 quinquenio,
793 3151 1002 3224 unaqueque
1019 3129 1141 3204 civitas
1159 3129 1271 3201 mittat
1294 3131 1461 3202 nuncium
1479 3131 1526 3205 ad
1548 3142 1698 3204 nostram

282 3252 502 3346 presenciam·
516 3273 579 3345 pro
604 3250 802 3347 recipienda
826 3253 1049 3344 investitura,
1071 3260 1106 3324 et
1126 3251 1177 3324 sic
1197 3251 1233 3324 in
1259 3263 1453 3347 postorum,
1482 3255 1645 3329 videlicet
1662 3257 1698 3329 in

281 3371 387 3446 finitis
402 3375 549 3469 singulis
564 3375 787 3470 quinqueniis
803 3397 823 3448 a
840 3374 942 3448 nobis
955 3375 1134 3470 recipiant,
1150 3385 1185 3446 et
1197 3376 1286 3448 inlra
1303 3377 1551 3471 quinqueniaa
1570 3379 1700 3452 nuncio

281 3507 398 3572 nostro
424 3499 515 3572 siout
535 3498 668 3573 dictum
692 3509 744 3574 ost
769 3501 837 3572 nisi
855 3499 892 3570 in
908 3497 1114 3573 lombardia
1131 3498 1315 3591 luerimus;
1341 3507 1424 3572 tunc
1443 3499 1536 3572 enim
1560 3501 1699 3574 anobis

281 3621 461 3716 recipiant.
498 3621 631 3698 Eadem
653 3625 882 3698 observentur
905 3623 941 3694 in
964 3643 1162 3695 successore
1184 3631 1318 3714 nostro,
1344 3631 1379 3694 et
1406 3643 1527 3696 omnes
1551 3624 1699 3698 investi-

281 3753 360 3816 ture
374 3745 481 3838 gratis
494 3743 591 3818 liant.
608 3745 694 3818 Cum
709 3755 826 3820 autem
844 3767 907 3820 nos
918 3747 1102 3840 imperator
1119 3745 1241 3818 divina
1254 3745 1434 3818 vocatione
1450 3744 1699 3822 decesserimus

283 3867 339 3938 vel
369 3889 517 3962 regnum
544 3867 615 3941 lilio
642 3878 757 3942 nostro
782 3870 1069 3961 concesserimus,
1090 3867 1193 3941 simili
1224 3867 1329 3942 modo
1357 3891 1379 3941 a
1404 3867 1476 3943 lilio
1498 3881 1616 3944 nostro
1642 3874 1698 3946 vel

282 3989 360 4080 ejus
371 4011 572 4065 successore
590 3992 829 4066 investituram
849 3994 1034 4090 recipietis.
1051 3994 1090 4066 ln
1109 3995 1223 4066 causis
1236 3993 1505 4088 appellationum
1529 3994 1561 4066 si
1586 4018 1697 4090 quan-

285 4111 363 4185 titas
377 4114 473 4184 XXV
495 4115 659 4188 librarum
687 4116 915 4210 imperialium
935 4114 1132 4216 [summam]
1147 4118 1351 4208 excesserit,
1372 4117 1549 4212 appelaoio
1566 4119 1613 4192 ad
1636 4135 1699 4193 nos

285 4233 358 4323 liat,
375 4237 472 4308 salvo
484 4238 564 4326 jure
580 4245 615 4309 ot
628 4239 783 4311 moribus
795 4241 985 4313 liriniensis
998 4241 1141 4314 ecclesie
1155 4241 1191 4312 in
1205 4241 1503 4334 appelacionibus;
1523 4241 1570 4314 ita
1584 4253 1698 4317 mmen

286 4361 325 4423 ut
341 4374 410 4426 non
425 4366 614 4450 cosgantur
629 4360 680 4433 ire
694 4359 730 4430 in
745 4359 977 4452 Alamaniam3
994 4360 1057 4436 sed
1074 4383 1137 4436 nos
1154 4363 1359 4436 habebimus
1380 4359 1387 4462 1
1409 4363 1587 4460 proprium
1604 4389 1699 4438 nun·

285 4473 378 4549 cium
406 4478 443 4549 in
469 4479 610 4554 civitate
635 4483 692 4556 vel
717 4485 916 4582 episcopatu
936 4482 1025 4586 [qui]
1051 4486 1096 4560 de
1117 4487 1191 4584 ipsa
1216 4488 1433 4582 appelatione
1454 4499 1637 4583 cognoscat
1665 4501 1700 4564 et

279 4598 375 4689 juret
388 4601 483 4694 quod
503 4601 595 4676 bona
621 4602 691 4678 lide
708 4628 832 4682 causas
859 4609 1072 4684 examinabit
1090 4619 1124 4684 et
1150 4610 1297 4684 diffiniet
1312 4611 1506 4686 secundum
1530 4634 1648 4686 mores
1665 4624 1701 4686 et

328 4746 369 4826 (a)
391 4749 428 4810 In
441 4752 545 4815 codlco
557 4750 767 4838 atqetoquo.
