4568 6064
625 593 686 654 368
1100 595 1341 658 cuauutcott
1365 595 1417 657 ult
1441 596 1568 658 utuus

674 731 723 800 Da
741 750 857 802 mense
874 727 981 802 madii
1000 731 1035 802 in
1049 731 1217 828 principio
1230 731 1427 826 Orregnagi
1442 739 1476 804 ot
1491 725 1550 803 alii
1565 732 1699 804 banniti
1718 731 1764 806 de
1784 734 1904 807 Laudo
1919 735 1965 808 ad
1983 737 2040 810 in·

624 850 762 923 ducum
779 861 814 924 et
831 851 876 924 ad
893 862 1075 925 tractatum
1094 854 1272 926 hominnm
1287 853 1473 926 Mediolani
1490 875 1552 949 pro
1575 875 1618 926 eo
1639 855 1735 949 quod
1753 857 1910 930 homines
1922 859 2039 934 Lauda

622 975 786 1048 nolebant
807 997 844 1046 so
862 997 1058 1071 supponere
1081 977 1303 1050 dominationi
1330 977 1509 1048 hominum
1530 975 1737 1070 Mediolani,
1765 981 1981 1054 intraverunt
2001 983 2036 1056 in

621 1107 770 1172 castrum
788 1099 833 1172 do
849 1100 995 1194 Bargani
1015 1101 1116 1171 situm
1133 1103 1235 1192 juxta
1257 1102 1386 1172 llumen
1402 1101 1540 1172 lambri
1557 1103 1770 1194 guerriantes
1792 1105 1871 1177 illos
1893 1105 1939 1178 de
1954 1107 2038 1180 civi·

620 1232 690 1294 tate
707 1224 837 1295 Laude.
860 1224 999 1319 Propter
1022 1225 1116 1318 quod
1139 1225 1296 1298 homines
1318 1224 1437 1296 Laude
1462 1225 1616 1296 maximo
1637 1225 1808 1320 indignati
1832 1228 2035 1304 introduxe-

619 1357 701 1420 runt
717 1347 753 1418 in
767 1348 940 1420 civitatem
961 1349 1080 1420 Laude
1096 1349 1277 1420 Caxonum
1295 1359 1329 1420 et
1345 1345 1567 1420 Gotoiredom
1584 1347 1630 1421 de
1650 1351 1790 1422 Latmre
1802 1361 1838 1422 et
1852 1353 1938 1425 alios
1953 1353 2036 1425 ban·

619 1471 710 1542 nitus
725 1471 919 1544 communis
933 1471 1136 1560 Mediolani,
1157 1471 1205 1542 ita
1223 1469 1317 1565 quod
1337 1471 1411 1565 ipse
1429 1471 1592 1544 Canonus
1605 1481 1641 1544 et
1653 1473 1758 1546 ueteri
1771 1473 1987 1547 intraverunt
2000 1477 2033 1548 in

556 1659 558 1664 .
618 1593 744 1666 dictam
759 1595 932 1666 civitatem
950 1594 1069 1666 Laude
1088 1594 1146 1667 dic
1165 1595 1312 1668 mercuri
1328 1595 1375 1665 Xl
1392 1593 1522 1666 mensis
1537 1594 1657 1668 madii.
1672 1596 1735 1668 Die
1749 1597 1843 1687 jovis
1862 1598 1892 1670 V
1908 1601 2036 1672 mensis

617 1719 724 1791 madii
744 1719 897 1790 marchio
915 1717 1136 1790 Montisierati
1159 1717 1205 1791 de
1220 1720 1398 1790 voluntate
1419 1719 1613 1790 communis
1629 1727 1664 1791 et
1685 1719 1865 1791 hominnm
1882 1721 2035 1794 Alexan·

617 1842 693 1914 dria
706 1842 846 1914 intravit
859 1841 1046 1914 honorifice
1059 1841 1094 1912 in
1109 1841 1283 1914 civitatem
1300 1839 1514 1914 Alexandria
1530 1842 1693 1936 ponendo
1709 1852 1822 1936 partes
1838 1844 1933 1916 illins
1946 1845 2032 1916 ciri·

615 1965 695 2036 tatis
710 1963 755 2037 ad
771 1965 991 2038 concordiam
1006 1975 1040 2036 et
1056 1965 1122 2059 ipsi
1141 1964 1186 2036 de
1201 1965 1341 2036 civitate
1353 1964 1565 2038 Alexandria
1578 1986 1698 2038 eorum
1712 1965 1894 2038 dominum
1907 1969 2033 2041 consti·

616 2097 768 2160 tuerunt.

664 2211 727 2284 Die
751 2213 885 2284 sabbati
909 2213 1001 2284 Xllll
1029 2211 1158 2283 mensis
1174 2210 1281 2283 madii
1300 2212 1418 2283 iratres
1440 2209 1590 2283 minores
1621 2209 1666 2283 de
1696 2211 1837 2286 civitate
1862 2213 2032 2287 Placentia

585 2307 831 2408 ‘intraverunt
858 2337 893 2406 in
922 2344 1074 2406 tenutam
1103 2345 1137 2406 et
1161 2335 1412 2428 possessionem
1436 2343 1727 2406 cassamentorum
1754 2334 2032 2430 domorumque

614 2460 755 2530 luerunt
777 2458 908 2532 domini
928 2457 1062 2530 comitis
1087 2455 1241 2530 Ubertini
1261 2455 1306 2527 de
1324 2454 1470 2546 Audito,
1496 2468 1662 2550 ponentes
1683 2457 1731 2527 ibi
1755 2479 1890 2529 crucem
1913 2469 1950 2530 et
1973 2479 2032 2532 ca·

613 2583 747 2676 pientes
758 2603 804 2654 ex
819 2583 904 2678 ipsis
919 2581 1106 2677 plenariam
1123 2579 1389 2675 pussessionem,
1409 2589 1444 2651 et
1459 2579 1518 2650 die
1535 2577 1711 2651 dominico
1724 2582 1884 2674 *mquonti
1903 2581 1952 2654 ibi
1967 2583 2033 2655 cel·

612 2707 834 2778 lebravcrunt
852 2706 1055 2778 misterium.

662 2831 821 2902 Diolune
838 2831 913 2902 XVI
933 2829 1059 2901 mensis
1083 2827 1188 2899 madii
1211 2825 1363 2898 marchio
1382 2825 1605 2897 Montislerati
1630 2826 1770 2897 intravit
1792 2827 1828 2896 in
1853 2826 2027 2902 civitatem

611 2955 766 3026 terdone
789 2953 834 3026 de
853 2952 1027 3025 cummuni
1054 2953 1232 3023 voluntate
1256 2949 1437 3022 hominnm
1460 2949 1553 3020 illios
1576 2949 1726 3021 civitatis
1751 2949 1923 3022 reducens
1945 2951 2027 3024 Gra·

612 3099 723 3150 nonos
746 3089 781 3150 et
800 3086 932 3172 partem
956 3097 1078 3148 eorum
1098 3075 1159 3170 qui
1184 3083 1284 3146 erant
1309 3081 1409 3145 extra
1434 3072 1610 3144 civitatem
1634 3071 1669 3142 in
1690 3093 1809 3166 paoem
1835 3085 1870 3144 et
1888 3075 1924 3144 in
1943 3096 2031 3147 con-

611 3203 763 3276 cordiam
778 3202 814 3272 in
830 3203 902 3296 ipsa
917 3201 1074 3288 civitatc;
1089 3199 1151 3293 qui
1163 3217 1283 3270 omnes
1298 3196 1333 3267 in
1348 3194 1534 3267 concordia
1551 3195 1705 3267 iecerunt
1720 3195 1833 3290 ipsum
1850 3196 2030 3271 dominnm

611 3325 845 3398 marchionem
861 3322 1042 3397 dominum
1056 3321 1148 3392 iltius
1161 3319 1311 3392 civitatis
1329 3317 1486 3390 Terdone
1503 3327 1538 3390 ct
1561 3318 1747 3390 districtus.

659 3449 933 3522 Mediolanenses
956 3443 1127 3538 indignati
1145 3453 1263 3515 contra
1286 3441 1361 3514 illus
1380 3441 1580 3514 decivitate
1602 3443 1719 3514 Laude
1737 3453 1914 3538 propterea
1933 3443 2030 3538 quod

609 3573 878 3646 introduxerunt
894 3571 928 3642 in
949 3569 1121 3640 civitatem
1139 3565 1257 3638 laude
1272 3565 1347 3637 illos
1365 3563 1548 3638 delatore
1563 3575 1599 3637 et
1615 3565 1701 3638 alios
1719 3566 1880 3640 bannitus
1896 3568 2029 3642 Medio·

607 3697 697 3787 luni,
726 3703 943 3768 extruserunt
973 3712 1092 3764 eorum
1124 3690 1298 3762 carocium
1327 3697 1363 3760 et
1391 3688 1522 3760 iaciunt
1550 3689 1742 3762 exercitum
1780 3703 1897 3763 contra
1935 3693 2030 3764 lan-

609 3819 755 3908 denses3
774 3827 809 3890 et
831 3816 1013 3911 Papienses
1038 3815 1073 3884 in
1102 3811 1249 3884 servicio
1273 3809 1468 3882 communis
1483 3809 1666 3882 Mediolani
1690 3821 1726 3882 et
1741 3812 1970 3885 Novarienses
1995 3821 2029 3887 et

609 3941 754 4014 Cumani
776 3961 895 4014 eornm
922 3937 1054 4011 carocia
1075 3936 1229 4008 similiter
1256 3943 1475 4006 extruserunt
1496 3943 1531 4004 et
1555 3933 1721 4006 hostiliter
1745 3957 1825 4007 cum
1859 3936 2028 4010 Mediola-

609 4065 776 4138 nensibus
805 4063 939 4136 radunt
965 4084 1070 4156 super
1094 4059 1309 4145 laudenses,
1333 4068 1366 4130 et
1385 4057 1444 4130 die
1461 4057 1581 4129 martis
1599 4057 1690 4130 xvlt
1709 4059 1818 4132 madii
1838 4059 1905 4131 hoc
1930 4062 2029 4134 lece-

607 4199 690 4261 runt
706 4187 906 4260 invictando
929 4207 1049 4258 omnes
1070 4205 1190 4256 eorum
1210 4183 1339 4254 amieos
1356 4180 1402 4254 de
1418 4181 1634 4254 Lombardia.
1652 4183 1901 4255 Cremonenses
1917 4183 2028 4277 adjn·

608 4335 693 4386 vare
715 4321 908 4386 statuerunt
933 4311 1009 4382 illos
1037 4307 1082 4380 de
1109 4307 1247 4378 civitate
1271 4303 1388 4376 laude
1409 4313 1444 4376 et
1461 4305 1538 4376 illos
1566 4303 1612 4377 de
1640 4305 1781 4378 Latnrre
1801 4305 1970 4398 adjuvare
1993 4317 2028 4380 et

606 4457 727 4510 eorum
753 4433 925 4506 carectum
952 4441 1171 4505 extrascrunt
1196 4427 1243 4500 ad
1269 4427 1425 4500 eundum
1453 4426 1490 4499 in
1519 4427 1707 4500 servicium
1735 4449 1875 4518 eorum,
1904 4437 1940 4500 et
1970 4430 2028 4503 die

607 4559 743 4632 sabbati
761 4559 808 4630 Xl
830 4557 958 4630 mensis
973 4555 1062 4647 iunii
1087 4553 1250 4626 dominns
1269 4549 1460 4646 patriarcha
1478 4547 1621 4644 Aquilae
1637 4551 1740 4622 irater
1763 4549 1895 4623 domini
1912 4550 2028 4647 Nape·

606 4683 689 4756 lieni
717 4682 762 4755 de
787 4683 928 4754 laturre
954 4701 1033 4751 oum
1059 4687 1153 4751 certa
1178 4677 1369 4771 quantitate
1396 4673 1543 4745 militum
1567 4673 1735 4768 applicuit
1760 4673 1796 4743 in
1825 4673 2027 4748 Cremonam
