4676 6066
773 681 1014 744 cunculcoll
1039 676 1343 742 PLAGENTINUM.
1751 666 1773 728 9

355 836 482 908 magno
505 815 654 889 clamore
674 816 798 890 comoti
817 817 932 890 statim
957 817 1067 912 captis
1092 815 1198 888 armis
1219 821 1337 886 contra
1365 831 1425 884 eos
1445 811 1568 882 aoritm
1587 813 1765 904 pugnant,

352 939 414 1032 qui
432 937 494 1008 Dei
517 946 629 1031 nuptu
651 958 711 1010 eos
736 959 863 1032 magna
885 939 921 1010 vi
944 939 1035 1012 foras
1051 938 1146 1010 intus
1166 938 1332 1008 fossatum
1357 933 1532 1024 ejecerunt
1552 939 1587 1003 et
1602 931 1767 1002 continuo

353 1081 458 1155 snper
472 1081 533 1132 eos
550 1059 704 1155 lapides,
721 1060 839 1154 ligna,
859 1059 984 1150 sudes,
1009 1062 1121 1133 lutum
1134 1081 1316 1133 accensum
1336 1057 1473 1151 aliaque
1488 1055 1597 1128 multa
1615 1055 1770 1146 jactave-

353 1191 436 1255 runt
460 1193 493 1256 at
520 1193 672 1256 castrum
699 1183 913 1278 imperatoris
936 1184 1216 1274 combusserunt,
1237 1191 1272 1254 et
1292 1178 1467 1252 balasterii
1489 1179 1679 1251 Januenses
1706 1177 1769 1271 qui

353 1327 458 1402 supra
481 1305 624 1380 aderant
640 1307 711 1380 acri
730 1307 811 1401 igne
828 1308 1022 1402 perierunt,
1041 1319 1075 1382 et
1091 1310 1161 1381 lere
1179 1307 1321 1380 trecenti
1337 1307 1425 1377 intar
1439 1303 1613 1399 principes
1633 1309 1668 1374 et
1684 1302 1769 1374 alios

353 1428 486 1502 nobiles
508 1429 602 1502 viros
626 1429 749 1502 eadam
768 1439 877 1504 morte
904 1441 938 1503 st
960 1431 1120 1504 deteriori
1142 1431 1331 1526 perierunt.
1354 1428 1542 1522 Imperator
1560 1445 1643 1498 vcro
1661 1423 1769 1496 Fode-

353 1553 447 1626 rr'cue
465 1553 532 1627 boo
547 1553 594 1626 ita
618 1563 757 1648 peracto
782 1551 1016 1626 ultramodum
1030 1555 1199 1644 turbatus,
1215 1553 1318 1644 jussit
1334 1559 1444 1622 castra
1468 1549 1607 1642 aliaque
1621 1556 1656 1620 et
1677 1567 1769 1618 mar·

353 1676 487 1750 ebionis
500 1675 605 1772 opida
617 1677 790 1771 lignorum
803 1677 948 1752 accendi
965 1687 1000 1751 et
1016 1678 1062 1752 ab
1077 1677 1259 1750 obsidione
1276 1673 1457 1764 removeri,
1472 1682 1506 1746 et
1523 1673 1580 1748 die
1596 1685 1771 1770 noctuque

353 1799 543 1894 equitando
557 1800 698 1873 tandem
714 1801 751 1871 in
767 1801 930 1873 comitatu
948 1802 1052 1896 Papio
1074 1801 1231 1896 parvenit
1254 1799 1300 1872 ad
1321 1807 1435 1895 partas
1450 1798 1612 1871 videlicet
1629 1799 1771 1893 Vigurio

354 1931 389 1996 et
414 1921 546 1995 ibidem
568 1944 631 1994 sua
656 1932 766 1996 castra
792 1923 935 1998 tendere
958 1925 1050 1998 lecit.
1066 1927 1157 1998 Dum
1179 1945 1264 1996 vcro
1290 1925 1475 2018 imperator
1494 1922 1577 1996 talia
1595 1943 1675 1993 cum
1698 1922 1772 1994 suis

352 2057 487 2140 ageret,
505 2045 721 2140 longobardi
734 2045 796 2140 qui
813 2046 909 2118 ibant
925 2048 961 2118 in
979 2047 1193 2140 adjutorium
1206 2044 1522 2121 Alexandrinorum
1538 2045 1694 2118 similiter
1708 2067 1772 2120 sua

353 2171 500 2244 tentoria
523 2168 711 2243 tendebant
736 2169 772 2241 in
796 2191 985 2264 campanea
1009 2171 1168 2266 ctastagii
1188 2173 1293 2263 juxta
1310 2192 1455 2266 aquam,
1478 2179 1513 2242 et
1531 2169 1704 2242 distabant
1726 2171 1772 2242 ab

353 2295 560 2388 imperatore
569 2313 632 2388 per
640 2293 705 2364 tria
719 2292 881 2384 miliaria3
899 2292 996 2388 quod
1010 2293 1076 2366 luit
1090 2294 1148 2368 die
1160 2293 1430 2366 Resurrectionis
1438 2293 1576 2365 Domini
1589 2293 1679 2366 circa
1692 2315 1772 2367 vcs-

352 2439 465 2512 pcras.
491 2416 656 2511 Sequenti
674 2436 759 2488 voro
784 2415 842 2487 dia
865 2417 1050 2490 Lombardi
1074 2425 1222 2510 quatuor
1241 2416 1396 2509 carocia,
1416 2416 1546 2489 scilicet
1562 2417 1767 2510 Placentini,

352 2541 643 2629 Mediolanenses,
668 2540 883 2612 veronenses
903 2548 939 2612 et
961 2541 1173 2631 Brixicnscs,
1191 2541 1281 2614 loras
1307 2539 1395 2612 ultra
1416 2561 1544 2634 aquam
1562 2561 1685 2612 versus
1703 2541 1768 2612 im-

352 2673 542 2762 peratorem
556 2670 835 2736 construxerunt.
857 2663 1047 2757 Statimque
1060 2662 1221 2736 dominus
1237 2661 1402 2736 Yzoliuus
1424 2661 1469 2735 dc
1483 2661 1623 2735 Marcba
1646 2671 1681 2736 et
1698 2663 1769 2736 An·

353 2787 480 2858 salmas
497 2784 543 2858 de
553 2784 701 2858 Dovena
717 2783 967 2877 Cremonensis,
981 2787 1042 2879 qui
1057 2795 1138 2858 tunc
1152 2784 1282 2860 domini
1301 2794 1450 2860 rectores
1463 2787 1667 2860 Lombardis
1682 2788 1771 2860 ada-

353 2918 445 3001 rant‚
467 2917 696 3004 preceperunt
723 2908 952 3000 Placentinis,
971 2909 1231 3000 Parmensibns,
1250 2909 1479 3004 Regiensibus
1506 2931 1640 2984 necnon
1662 2933 1771 3005 parve

354 3033 441 3130 parti
466 3031 714 3106 Mutinensium
730 3041 769 3104 ut
784 3033 918 3126 absque
933 3053 1029 3105 mora
1050 3042 1182 3106 armata
1198 3055 1304 3106 mann
1320 3032 1368 3105 ad
1383 3033 1570 3106 Placentini
1586 3032 1660 3130 (ric)
1675 3055 1770 3108 caro·

353 3158 447 3229 cium
465 3165 649 3252 pergerent
665 3165 699 3228 et
713 3153 871 3229 ordinata
884 3153 931 3228 ad
946 3155 1077 3228 ballum
1098 3165 1355 3250 permanerenl3
1375 3155 1532 3230 similiter
1545 3169 1772 3255 preceperunt

353 3279 670 3354 Mediolanensibus
685 3289 720 3352 et
734 3277 990 3373 quinquaginta
1006 3279 1174 3351 militibus
1190 3279 1308 3352 Lauda
1330 3287 1369 3352 ut
1384 3277 1430 3352 ad
1451 3301 1555 3352 suum
1568 3281 1657 3354 irent
1672 3303 1768 3354 caro·

353 3405 459 3478 cium.
490 3405 646 3498 itemque
674 3411 902 3498 preceperunt
927 3401 1199 3492 Veronensibus,
1232 3401 1423 3494 Padnauis,
1453 3403 1643 3476 Picentinis
1666 3413 1771 3500 atque

351 3527 607 3602 Trivicansibns
624 3533 665 3598 ut
683 3525 730 3598 ad
748 3524 999 3599 veronensium
1016 3526 1105 3599 irent
1128 3526 1315 3598 earocium.
1333 3524 1464 3600 Eodem
1484 3526 1588 3599 modo
1603 3548 1771 3622 precepe-

353 3660 434 3724 runt
456 3649 712 3736 Brixiensibus,
737 3649 1024 3742 Pergamensibus
1048 3659 1152 3743 atque
1179 3649 1374 3722 Mantuanis
1394 3659 1433 3722 nt
1460 3649 1505 3722 ad
1533 3651 1768 3724 Brixiensinm

352 3775 442 3848 irent
452 3773 639 3846 earocium.
655 3772 712 3846 Sic
724 3772 817 3844 enim
833 3771 981 3845 ordinati
995 3783 1030 3844 et
1048 3773 1154 3866 aptati
1171 3781 1337 3846 steterunt
1351 3795 1413 3868 per
1428 3773 1616 3868 quamdam
1634 3783 1769 3870 partem

353 3897 441 3986 diei,
463 3905 654 3991 posteaque
672 3893 720 3967 ad
736 3903 848 3966 castra
864 3896 992 3968 reversi
1008 3903 1091 3967 sunt
1110 3903 1145 3967 at
1161 3895 1294 3968 carooia
1311 3905 1443 3970 armata
1465 3919 1572 3970 manu
1590 3901 1769 3991 jusserunt

353 4019 533 4094 custodiri.
545 4016 677 4092 Eadem
694 4016 752 4092 die
766 4017 923 4113 pluribus
940 4017 1077 4092 civibus
1087 4017 1136 4115 (c)
1147 4019 1335 4115 perturbati
1347 4020 1394 4094 ad
1409 4020 1541 4093 ballum
1553 4022 1652 4095 solito
1662 4022 1768 4096 modo

351 4166 390 4218 se
407 4149 690 4240 preparaverunt.
710 4137 787 4214 Alia
803 4161 887 4215 vero
901 4139 959 4214 die
979 4142 1164 4237 imperator
1178 4165 1314 4218 summo
1327 4143 1481 4218 diluculo
1499 4154 1608 4219 castra
1625 4167 1767 4222 movere

393 4317 435 4398 (a)
458 4317 507 4380 Slc
520 4319 554 4378 in
567 4315 667 4378 codiee
683 4335 691 4376 t
704 4315 900 4376 verlslliter
910 4331 964 4394 pro
975 4313 1093 4379 oscae

354 4583 448 4640 «Nota
460 4580 533 4654 quod
541 4579 587 4638 isli
598 4577 770 4638 Alexandrini
783 4593 891 4653 semper
903 4577 1012 4637 luerunt
1022 4579 1073 4638 viri
1083 4580 1189 4655 providi
1199 4583 1434 4642 etoomsndabiles
1444 4583 1472 4640 in
1482 4584 1565 4643 armis
1573 4590 1602 4642 et
1611 4585 1767 4646 mirabiliter

351 4695 382 4737 aa
391 4678 513 4736 habuere
521 4681 615 4736 conta
626 4677 753 4737 comitem
764 4677 798 4736 de
807 4675 961 4735 Arminiacb
976 4681 1041 4736 latl
1060 4679 1336 4754 acceptaturum
1349 4680 1395 4740 vix
1407 4681 1563 4757 lueritopus
1573 4683 1766 4757 dunumnon

257 4804 260 4808 ·
350 4777 499 4836 humanum
509 4782 587 4838 est.»
