4554 6080
601 605 663 668 252
1081 600 1321 663 cllltonlcolt
1346 603 1398 662 llll
1422 603 1550 664 RMBUS

648 739 693 810 lit
709 737 746 809 in
764 735 883 831 vigilia
901 735 1017 808 Sancti
1030 733 1170 808 Andree
1193 731 1366 810 dnricbus
1385 738 1603 812 Palavicinus
1625 759 1706 812 cnm
1727 739 1852 816 Auriuo
1864 743 1961 820 Scuta
1975 758 2005 822 et

599 861 768 934 militibus
794 869 829 932 et
859 858 1021 930 ballistris
1047 857 1187 930 intravit
1210 857 1402 933 Terdunam
1428 869 1463 934 et
1487 861 1610 934 babuit
1633 872 1739 936 totam
1764 865 1939 940 civitatem
1964 871 2005 944 ad

599 985 813 1057 voluntatem
832 981 965 1056 domini
980 979 1201 1053 marchionis.
1220 979 1289 1064 Qui
1307 981 1470 1056 dominns
1484 983 1638 1058 marcbio
1663 984 1762 1060 dedit
1779 988 1884 1062 eisin
1899 1000 2006 1084 putes-

599 1117 703 1182 tatem
718 1105 899 1180 dominum
918 1105 1136 1178 Gnillelmum
1152 1105 1197 1178 de
1213 1105 1312 1178 Petra
1328 1105 1442 1180 civem
1453 1109 1572 1204 Papie.

646 1233 692 1306 M.
710 1231 772 1304 CC.
789 1230 891 1320 LXll,
908 1229 953 1302 de
970 1251 1089 1302 mense
1097 1229 1202 1322 junii,
1217 1227 1446 1304 Alexandrini
1460 1233 1647 1322 intrinseci,
1660 1236 1861 1308 erantcnim
1872 1235 2006 1312 lancic-

598 1355 691 1450 vagii
709 1365 826 1444 extra,
845 1354 890 1427 de
906 1352 1069 1425 mandatu
1090 1353 1183 1446 regia
1199 1353 1370 1428 Manlredi
1388 1355 1446 1428 cui
1465 1377 1504 1429 se
1522 1355 1707 1450 dederant,
1729 1359 1767 1432 in
1786 1381 1859 1454 qua
1875 1359 2007 1434 civitate

597 1487 671 1553 erat
679 1475 1083 1572 Berardusdrmariusff)
1091 1475 1288 1572 Apuliensis
1297 1478 1497 1573 capitaneus
1509 1479 1559 1552 CC
1569 1480 1716 1554 militum
1726 1482 2004 1556 Tbeotonicorum

596 1623 660 1698 pro
675 1601 831 1674 custodia
846 1601 940 1672 illius
952 1599 1115 1691 civitatis,
1136 1599 1172 1670 in
1191 1599 1376 1674 cuncordia
1390 1623 1471 1674 cum
1489 1603 1692 1676 extrinsecis
1707 1606 1886 1700 elegerunt
1901 1609 2006 1680 comi-

595 1733 664 1798 tem
674 1725 875 1797 Ubertinum
892 1722 938 1796 de
950 1721 1079 1796 Audito
1095 1724 1131 1794 in
1148 1731 1313 1796 rectorem
1332 1732 1367 1796 et
1385 1733 1587 1818 potesatem
1606 1725 1700 1798 illius
1715 1726 1886 1816 civitatis,
1906 1737 1943 1800 et
1960 1729 2005 1802 sic

595 1870 715 1922 omnes
733 1848 949 1920 intraverunt
961 1845 1136 1918 civitatem
1154 1845 1216 1940 qui
1232 1853 1331 1918 extra
1348 1856 1460 1918 erant.
1481 1847 1520 1918 ln
1539 1867 1665 1942 magna
1676 1869 1763 1944 pace
1777 1857 1813 1921 et
1828 1851 2006 1924 cuncordia

595 1973 688 2044 rexit
705 1993 765 2044 eos
789 1991 901 2065 usque
918 1969 965 2044 ad
993 1991 1146 2042 mensam
1163 1969 1381 2062 novembris,
1402 1991 1473 2064 quo
1495 1969 1544 2040 illi
1568 1969 1614 2044 de
1628 1971 1736 2046 Puteo
1758 1973 1946 2047 exiverunt
1966 1973 2006 2048 de

595 2095 748 2170 civitate.

646 2218 777 2292 Eodem
808 2227 961 2312 tempore
985 2217 1230 2311 Pergamenses
1259 2225 1423 2310 ceperunt
1449 2217 1637 2310 rebellare,
1666 2227 1823 2292 tenentes
1850 2219 2006 2295 banmtos

593 2342 779 2417 Mediolani
807 2352 925 2414 contra
953 2342 1166 2414 voluntatem
1192 2338 1400 2411 marchionis
1427 2349 1463 2412 et
1487 2341 1682 2414 communis
1706 2343 1907 2418 Mediolani.
1934 2346 2005 2430 Qua

591 2477 729 2561 propter
755 2464 917 2538 dominus
950 2464 1096 2536 Ubertus
1124 2461 1278 2534 marchio
1303 2461 1523 2534 Pelavicinus
1550 2483 1633 2534 cum
1661 2463 1951 2540 Cremonensibus
1975 2479 2006 2540 et

590 2588 906 2664 Mediolanensibus
919 2597 954 2659 et
970 2587 1046 2658 aliis
1063 2607 1182 2658 eorum
1198 2585 1320 2656 amicis
1335 2593 1441 2658 tutam
1456 2585 1649 2680 planuriam
1665 2587 1824 2681 Pergami
1844 2589 2005 2664 devasta-

591 2721 719 2786 verunt
729 2721 764 2784 et
776 2712 874 2806 plura
893 2710 1031 2782 castella
1046 2709 1202 2802 Pergami
1214 2707 1425 2798 babuerunt,
1441 2709 1573 2784 scilieet
1590 2710 1763 2784 Gisalbam
1776 2721 1811 2784 et
1826 2713 2005 2788 Martinen·

594 2857 697 2930 gum,
714 2855 784 2930 que
799 2833 964 2906 militibus
979 2841 1014 2905 et
1032 2831 1208 2927 peditibus
1224 2831 1437 2904 munierunt.

639 2959 772 3030 Interea
796 2956 997 3030 Fredericus
1023 2955 1216 3050 Malaspina
1237 2955 1297 3048 qui
1324 2953 1538 3027 concorditer
1568 2976 1648 3026 cum
1679 2955 1847 3028 militibus
1875 2955 2003 3030 domini

591 3081 801 3154 marchionis
825 3101 980 3152 casarum
1006 3076 1055 3174 (a)
1083 3077 1292 3151 Pontremuli
1317 3077 1520 3166 ossedebat,
1546 3077 1737 3152 rebellavit.
1768 3079 1846 3164 Qua
1868 3088 2004 3175 propter

589 3204 776 3278 Placentini
801 3204 846 3276 de
871 3202 1036 3276 mandatu
1057 3201 1189 3274 domini
1207 3201 1324 3276 Uberti
1347 3199 1534 3274 Palavicini
1560 3221 1640 3272 cum
1664 3203 1821 3274 exercitu
1838 3211 1949 3276 terras
1971 3215 2003 3277 et

589 3327 691 3400 villas
709 3337 743 3400 et
756 3327 830 3398 loca
846 3325 929 3398 dicti
947 3323 1118 3398 Frederici
1137 3345 1249 3418 usque
1264 3323 1310 3396 ad
1323 3321 1467 3396 Crucem
1489 3321 1769 3396 devastaverunt.
1788 3325 1828 3396 ln
1848 3326 2003 3422 proximu

588 3471 708 3523 mense
724 3449 842 3522 marcii
852 3451 936 3522 Octo
945 3449 1145 3522 vicecomes
1159 3447 1439 3542 archiepiscopus
1451 3444 1638 3518 Mediolani
1652 3468 1732 3519 cum
1745 3447 1821 3520 000
1838 3449 2003 3522 militibus

588 3574 759 3647 funestatis
775 3573 962 3647 Mediolani
981 3573 1122 3645 intravit
1136 3572 1173 3643 in
1186 3569 1336 3644 Rocham
1353 3569 1477 3642 Arena.
1500 3569 1729 3666 Quapropter
1747 3571 1897 3646 Ubertus
1914 3595 2004 3646 mar·

588 3698 668 3771 chio
683 3697 913 3770 Pellavicinus
932 3719 1012 3770 cum
1036 3695 1086 3768 00
1111 3695 1278 3768 militibus
1301 3693 1469 3766 Cremona
1494 3701 1530 3764 et
1554 3691 1579 3764 C
1600 3694 1767 3766 militibus
1787 3695 1906 3768 Rrixie
1930 3699 2004 3770 etL

588 3821 758 3894 militibus
781 3819 951 3892 Placentia
973 3817 1142 3914 equitavit
1157 3815 1408 3906 Mediolanum,
1431 3821 1551 3910 postea
1574 3835 1654 3886 cum
1678 3815 1764 3910 ipsis
1786 3817 1953 3892 militibus
1972 3829 2004 3890 et

589 3967 670 4020 cum
690 3952 786 4040 parte
802 3942 989 4018 Mediolani
1006 3940 1174 4014 hostiliter
1192 3939 1362 4035 equitavit
1383 3937 1429 4012 ad
1451 3935 1695 4010 ossidicicnem
1711 3937 1845 4032 Mene,
1867 3950 1904 4013 et
1925 3941 2004 4014 data

589 4067 792 4142 osaiditiena
808 4066 922 4140 statim
936 4088 975 4139 se
986 4063 1188 4139 redidernnt
1202 4063 1344 4136 dominu
1361 4060 1568 4152 marchioni,
1585 4059 1668 4134 data
1681 4059 1832 4136 fidanoia
1848 4065 2003 4159 personis

590 4202 629 4268 ut
650 4193 838 4268 evaderent
864 4213 942 4264 cum
967 4191 1085 4264 armis.
1113 4188 1235 4262 Statim
1259 4185 1423 4260 dominus
1447 4185 1602 4260 marchio
1624 4195 1775 4260 castrum
1801 4197 1836 4260 et
1861 4189 2000 4262 rocham

588 4316 705 4390 Arene
719 4316 890 4390 destruxit
908 4324 942 4388 et
957 4314 1024 4388 alia
1041 4315 1167 4388 custda
1184 4311 1432 4385 circonstancia
1448 4309 1580 4384 destrui
1597 4310 1691 4384 iecit.

637 4442 676 4514 ln
701 4441 862 4538 proximo
888 4461 1006 4513 mense
1027 4439 1106 4530 julii
1130 4439 1332 4510 Parmenses
1354 4435 1561 4531 pepigerunt
1582 4455 1662 4507 cum
1685 4433 1883 4508 marchione
1907 4433 2002 4530 quod

631 4719 677 4802 (a)
695 4720 758 4798 Sic,
770 4719 891 4782 loraltan
904 4725 1041 4780 emtarum.
