4554 6080
611 589 672 651 280
1089 586 1325 650 CHRDNICDN
1352 587 1399 647 Dll
1423 584 1553 652 REDUS

608 720 829 812 sarnacum,
850 719 1008 792 homines
1028 729 1063 794 et
1082 721 1211 794 bestias
1230 721 1357 794 multas
1374 719 1543 817 capiendo
1563 727 1599 793 et
1613 718 1736 795 domos
1759 719 1805 795 de
1819 721 2029 818 Fmguanno

608 843 865 918 combuxerunt
896 844 957 916 ubi
989 847 1098 918 multa
1130 845 1295 918 victualia
1326 844 1536 918 invenerunt
1564 865 1611 917 ex
1639 845 1744 918 dono.
1776 845 1941 940 Sequenti
1972 847 2031 922 die

607 967 788 1039 Tolleriam
813 965 872 1063 (o).
893 968 1019 1039 multas
1043 967 1165 1040 domos
1190 968 1226 1038 in
1251 968 1372 1041 itinere
1394 967 1635 1040 comburentes
1656 976 1692 1040 et
1711 967 1868 1042 homines
1887 979 1924 1042 et
1945 969 2029 1042 bes·

607 1092 673 1162 tias
691 1091 878 1186 capientes.
902 1091 1034 1164 Deinde
1052 1091 1156 1165 Bardi
1178 1093 1445 1186 albergaverunt
1461 1093 1497 1164 in
1515 1101 1605 1166 terra
1622 1092 1722 1164 istius
1736 1093 1883 1166 comitis.
1904 1095 2029 1168 Postea

606 1237 670 1310 per
684 1213 920 1288 Valdetarium
935 1235 1004 1286 non
1023 1216 1232 1308 attingentes
1244 1217 1483 1308 Pontremulo,
1504 1225 1540 1290 ct
1557 1217 1721 1290 Albertus
1739 1217 1927 1313 Malaspina
1945 1240 2029 1290 cum

606 1338 691 1432 ipsis
710 1338 881 1431 equitavit
901 1359 1011 1432 usque
1028 1339 1225 1412 Sarzanam.
1243 1339 1378 1414 Deinde
1400 1349 1566 1436 ceperunt
1580 1339 1728 1412 blessam
1745 1340 1934 1434 equitando
1951 1341 2029 1414 sine

605 1461 723 1555 eliqua
739 1459 991 1534 contraditione
1008 1461 1055 1536 ad
1076 1463 1249 1535 civitatem
1267 1462 1424 1536 Pisorum
1446 1463 1507 1536 ubi
1531 1485 1596 1536 rex
1617 1462 1796 1536 Conradus
1818 1486 1878 1537 eos
1894 1486 2028 1560 expec-

484 1579 486 1582 ’
606 1585 712 1657 tabat.
744 1585 787 1655 Et
813 1584 988 1657 Iohannes
1017 1585 1062 1658 de
1090 1586 1265 1660 Luxiardo
1290 1587 1353 1681 qui
1383 1587 1701 1668 dictumcomitem
1728 1587 1962 1662 associaverat
1994 1599 2029 1662 et

604 1729 783 1802 regressus
799 1708 999 1780 interiectus
1013 1718 1066 1782 est
1081 1731 1103 1782 a
1121 1709 1192 1781 lilio
1209 1708 1340 1782 Alberti
1353 1709 1489 1783 comitis
1505 1710 1550 1784 de
1562 1710 1662 1784 Fisoo
1679 1711 1754 1783 siue
1770 1711 1887 1805 aliqua
1900 1732 2024 1783 causa.

604 1831 643 1904 ln
671 1829 831 1926 proximo
848 1853 967 1904 mense
981 1832 1073 1924 jonii
1092 1854 1155 1904 rex
1172 1831 1351 1906 Conradus
1372 1854 1453 1906 cum
1474 1841 1545 1905 toto
1562 1833 1719 1906 exercitu
1737 1854 1802 1906 suo
1816 1843 1851 1906 et
1867 1854 1947 1904 oum
1969 1832 2026 1904 Pi·

603 1955 697 2027 sanis
724 1977 787 2050 per
805 1954 1041 2050 episcopatum
1067 1955 1246 2026 Lucanum
1270 1954 1449 2050 usquead
1469 1963 1608 2050 pontem
1635 1957 1746 2050 Sergii
1771 1955 1970 2029 devastavit
1992 1967 2028 2029 et

604 2077 653 2149 ibi
672 2079 766 2150 stetit
782 2099 845 2173 per
863 2080 896 2150 X
914 2078 1006 2170 dies,
1024 2079 1061 2148 in
1076 2099 1146 2172 qua
1161 2079 1302 2150 civitate
1316 2087 1391 2150 erat
1404 2100 1552 2171 maguus
1565 2081 1796 2152 marescalcus
1809 2079 1923 2151 Keroli
1942 2100 2025 2151 cum

604 2201 640 2274 M
663 2201 840 2273 militibus.
866 2203 999 2274 Interea
1022 2201 1264 2274 ambaxatores
1285 2201 1391 2274 llome
1414 2210 1584 2274 venerunt
1608 2202 1654 2274 ad
1681 2223 1799 2296 regem
1824 2202 2024 2274 Conradum

603 2332 765 2418 rogantes
793 2334 832 2394 nt
853 2325 995 2395 Romam
1014 2325 1192 2398 accederet
1214 2324 1289 2396 sine
1310 2343 1418 2396 more.
1444 2325 1512 2410 Qui
1534 2334 1648 2398 motus
1670 2347 1751 2398 cum
1769 2334 1840 2398 toto
1865 2326 2024 2399 exercitu

603 2467 668 2520 suo
694 2446 740 2519 ad
758 2447 934 2520 civitatem
949 2449 1038 2520 Seue
1062 2447 1247 2541 equitavit,
1272 2446 1394 2519 volens
1411 2449 1557 2520 Romam
1579 2448 1763 2538 accedere,
1782 2449 1844 2520 ubi
1862 2461 2024 2544 receptus

604 2569 671 2642 luit
693 2592 771 2642 cum
794 2570 951 2643 marimo
975 2571 1106 2643 bonore
1124 2593 1145 2642 a
1163 2569 1375 2642 Senensibus
1392 2569 1502 2664 quisi
1528 2569 1748 2642 donaverunt
1764 2571 1857 2643 LXll
1875 2571 1966 2642 libra
1983 2571 2023 2642 il·

604 2695 673 2766 lius
696 2702 845 2784 monete,
867 2715 914 2765 ex
932 2693 1061 2787 quibus
1078 2693 1245 2765 militibus
1261 2691 1335 2764 suis
1357 2691 1496 2764 soldum
1518 2694 1684 2788 persolvit
1703 2694 1807 2765 trium
1833 2695 2020 2767 mensium.

602 2819 646 2890 Et
663 2839 794 2890 morem
824 2816 981 2890 iaciendo
998 2817 1047 2887 ibi
1069 2817 1216 2912 prelium
1236 2825 1271 2889 et
1294 2814 1476 2890 disconfita
1506 2818 1594 2890 lacta
1619 2817 1684 2889 iuit
1704 2839 1766 2913 per
1786 2829 1906 2913 gentes
1930 2819 2023 2914 regis

604 2939 750 3013 Conradi
765 2951 882 3013 contra
899 2941 1146 3014 marescalcum
1160 2940 1280 3012 Koruli
1295 2948 1329 3012 ct
1341 2947 1479 3033 gentem
1493 2961 1608 3029 suam,
1629 2949 1731 3038 prout
1744 2941 1780 3012 in
1796 2941 1918 3015 litteris
1933 2943 2021 3016 inira

603 3065 739 3160 scriptis
756 3065 950 3138 continetur
966 3089 975 3134 :

653 3215 671 3256 u
694 3189 871 3262 Conradus
886 3186 1062 3260 secundus
1075 3187 1136 3258 Dei
1158 3187 1268 3282 gratia
1284 3187 1472 3261 Jerusalem
1487 3198 1523 3260 et
1534 3189 1651 3262 Sicilie
1666 3209 1730 3262 rex
1744 3209 1787 3261 ao
1802 3187 1877 3262 dux
1893 3191 2023 3263 Suevie

602 3313 774 3385 universis
797 3321 832 3385 et
860 3311 1006 3406 singulis
1029 3311 1238 3384 Lomberdie
1260 3310 1423 3384 fidelibus
1448 3312 1522 3384 suis
1545 3313 1746 3385 salutemet
1768 3311 1888 3384 intime
1909 3312 2022 3386 dilec-

602 3437 704 3510 tionis
725 3437 923 3532 puritetem.
948 3435 1004 3508 ld
1024 3433 1173 3506 loticiam
1189 3435 1304 3508 cordis
1320 3435 1417 3528 quod
1431 3435 1468 3507 in
1484 3436 1695 3509 exaltatione
1709 3445 1826 3508 nostra
1844 3458 1909 3531 pro
1927 3447 2021 3511 certo

602 3561 767 3633 noveritis
784 3561 958 3649 exultare,
979 3559 1126 3652 qualiter
1147 3555 1154 3654 Ι
1175 3567 1211 3630 ot
1228 3559 1357 3652 quibus
1372 3558 1590 3630 successibus
1612 3579 1793 3654 processus
1812 3569 1949 3633 nostros
1965 3561 2021 3633 di·

603 3685 683 3758 vina
705 3685 857 3779 potentia
884 3680 1072 3755 fortunavit
1089 3679 1157 3752 biis
1174 3681 1318 3770 diebus,
1340 3679 1524 3754 devocioni
1543 3689 1657 3754 vestre
1676 3683 1896 3776 presentibus
1920 3706 2021 3756 enar-

602 3829 729 3880 ramus.
759 3807 845 3879 Cum
865 3805 959 3878 enim
981 3803 1154 3876 lohannes
1176 3801 1222 3876 de
1239 3803 1399 3877 Brassilie
1423 3825 1571 3898 magnus
1594 3805 1713 3876 Karuli
1737 3809 1966 3880 marescalcus
1983 3808 2020 3880 in

602 3933 726 4005 Tuscia
742 3930 895 4004 vicarius
906 3929 1075 4022 generalis
1085 3929 1146 4022 qui
1160 3927 1296 4022 pridem
1310 3927 1356 4000 od
1365 3927 1667 4023 depopulationem
1678 3928 1824 4002 civitatis
1833 3931 1971 4004 Lucane
1981 3953 2019 4004 se

601 4057 703 4130 uobis
721 4055 801 4128 licet
821 4076 843 4128 u
860 4055 962 4146 longe
979 4074 1114 4148 semper
1130 4072 1306 4147 opponere
1326 4051 1536 4145 sategebat,
1555 4051 1601 4123 de
1622 4052 1790 4126 Florentia
1807 4053 1948 4128 civitate
1965 4077 2019 4128 rs·

602 4181 742 4271 cedens,
754 4179 904 4253 dielune
914 4178 1008 4250 XXV
1019 4177 1189 4272 presentis
1197 4176 1288 4267 junii
1300 4197 1422 4248 versus
1437 4176 1632 4248 Ariminum
1642 4175 1691 4272 (b)
1702 4198 1740 4248 se
1755 4179 1927 4250 conferret
1940 4201 2018 4252 cum

601 4304 842 4398 Francigenis‚
874 4300 1149 4374 Provincialibus
1173 4309 1207 4373 et
1231 4298 1384 4371 Picardis
1408 4307 1443 4371 et
1470 4300 1669 4372 Gueliorum
1701 4301 1922 4375 multitudine
1946 4325 2018 4374 uu-

602 4449 752 4519 memsa;
773 4447 836 4498 nos
851 4425 961 4520 ipsius
978 4423 1159 4496 transitum
1174 4423 1384 4519 prescientes
1399 4430 1553 4518 tempore
1571 4425 1681 4495 noctis
1697 4423 1808 4517 igneis
1820 4423 2018 4518 intersignis

645 4587 689 4669 (c)
710 4592 747 4650 ln
760 4591 892 4666 mnrglno
909 4583 1043 4648 Torcltic
1059 4585 1148 4646 Deest
1160 4585 1204 4646 lbl
1217 4583 1343 4646 verbum
1356 4593 1511 4663 venenat,
1524 4587 1572 4648 vcl
1586 4586 1768 4665 hujusmodl.

644 4695 685 4774 (b)
707 4697 772 4769 Sic3
789 4695 945 4773 legendum
959 4711 1029 4755 vero
1041 4691 1183 4753 Aretissa.
