<?xml version="1.0" encoding="UTF-8"?>
<!DOCTYPE html PUBLIC "-//W3C//DTD XHTML 1.0 Transitional//EN"
    "http://www.w3.org/TR/xhtml1/DTD/xhtml1-transitional.dtd">
<html xmlns="http://www.w3.org/1999/xhtml" xml:lang="en" lang="en">
 <head>
  <title>
</title>
<meta http-equiv="Content-Type" content="text/html;charset=utf-8" />
  <meta name='ocr-system' content='tesseract 3.04.00' />
  <meta name='ocr-capabilities' content='ocr_page ocr_carea ocr_par ocr_line ocrx_word'/>
</head>
<body>
  <div class='ocr_page' id='page_1' title='image "./chroniconplacen00huilgoog_0334.png"; bbox 0 0 4554 6080; ppageno 0'>
   <div class='ocr_carea' id='block_1_1' title="bbox 811 615 1711 690">
    <p class='ocr_par' dir='ltr' id='par_1_1' title="bbox 811 615 1711 690">
     <span class='ocr_line' id='line_1_1' title="bbox 811 615 1711 690; baseline 0.003 -13"><span class='ocrx_word' id='word_1_1' title='bbox 811 616 853 678; x_wconf 87' lang='lat' dir='ltr'><strong>lhl</strong></span> <span class='ocrx_word' id='word_1_2' title='bbox 875 615 1016 678; x_wconf 71' lang='lat' dir='ltr'><strong>traua</strong></span> <span class='ocrx_word' id='word_1_3' title='bbox 1040 615 1191 680; x_wconf 80' lang='lat' dir='ltr'><strong>GESTIS.</strong></span> <span class='ocrx_word' id='word_1_4' title='bbox 1556 681 1562 690; x_wconf 71' lang='grc'><strong>,</strong></span> <span class='ocrx_word' id='word_1_5' title='bbox 1649 615 1711 680; x_wconf 75' lang='grc' dir='ltr'><strong>2ἵὸ</strong></span> 
     </span>
    </p>
   </div>
   <div class='ocr_carea' id='block_1_2' title="bbox 287 729 1776 3443">
    <p class='ocr_par' dir='ltr' id='par_1_2' title="bbox 287 729 1718 1692">
     <span class='ocr_line' id='line_1_2' title="bbox 287 729 1712 848; baseline -0.001 -24"><span class='ocrx_word' id='word_1_6' title='bbox 287 749 399 824; x_wconf 90' lang='lat' dir='ltr'><strong>duam</strong></span> <span class='ocrx_word' id='word_1_7' title='bbox 424 761 459 824; x_wconf 90' lang='lat' dir='ltr'><strong>et</strong></span> <span class='ocrx_word' id='word_1_8' title='bbox 478 758 649 825; x_wconf 89' lang='lat' dir='ltr'><strong>transacto</strong></span> <span class='ocrx_word' id='word_1_9' title='bbox 668 750 812 824; x_wconf 88' lang='lat' dir='ltr'><strong>flumine</strong></span> <span class='ocrx_word' id='word_1_10' title='bbox 828 749 931 824; x_wconf 86' lang='lat' dir='ltr'><strong>Adue</strong></span> <span class='ocrx_word' id='word_1_11' title='bbox 959 773 1021 848; x_wconf 87' lang='lat' dir='ltr'><strong>per</strong></span> <span class='ocrx_word' id='word_1_12' title='bbox 1045 752 1294 826; x_wconf 82' lang='lat' dir='ltr'><strong>Laudexanam</strong></span> <span class='ocrx_word' id='word_1_13' title='bbox 1312 729 1351 823; x_wconf 46' lang='lat' dir='ltr'><strong>‘et</strong></span> <span class='ocrx_word' id='word_1_14' title='bbox 1373 759 1545 822; x_wconf 89' lang='lat' dir='ltr'><strong>transacto</strong></span> <span class='ocrx_word' id='word_1_15' title='bbox 1568 749 1712 823; x_wconf 86' lang='lat' dir='ltr'><strong>flumine</strong></span> 
     </span>
     <span class='ocr_line' id='line_1_3' title="bbox 287 873 1713 972; baseline -0.001 -22"><span class='ocrx_word' id='word_1_16' title='bbox 287 876 430 950; x_wconf 83' lang='lat' dir='ltr'><strong>Lambri</strong></span> <span class='ocrx_word' id='word_1_17' title='bbox 449 877 609 972; x_wconf 88' lang='lat' dir='ltr'><strong>pervenit</strong></span> <span class='ocrx_word' id='word_1_18' title='bbox 626 875 721 972; x_wconf 89' lang='lat' dir='ltr'><strong>apud</strong></span> <span class='ocrx_word' id='word_1_19' title='bbox 740 876 900 950; x_wconf 82' lang='lat' dir='ltr'><strong>Sanctam</strong></span> <span class='ocrx_word' id='word_1_20' title='bbox 920 875 1146 970; x_wconf 77' lang='lat' dir='ltr'><strong>christinam,</strong></span> <span class='ocrx_word' id='word_1_21' title='bbox 1165 873 1305 949; x_wconf 91' lang='lat' dir='ltr'><strong>nemine</strong></span> <span class='ocrx_word' id='word_1_22' title='bbox 1331 875 1397 948; x_wconf 90' lang='lat' dir='ltr'><strong>sibi</strong></span> <span class='ocrx_word' id='word_1_23' title='bbox 1415 873 1576 946; x_wconf 79' lang='lat' dir='ltr'><strong>obviante</strong></span> <span class='ocrx_word' id='word_1_24' title='bbox 1598 895 1713 968; x_wconf 92' lang='lat' dir='ltr'><strong>neque</strong></span> 
     </span>
     <span class='ocr_line' id='line_1_4' title="bbox 289 998 1714 1096; baseline -0.003 -22"><span class='ocrx_word' id='word_1_25' title='bbox 289 999 565 1091; x_wconf 70' lang='lat' dir='ltr'><strong>contradicente,</strong></span> <span class='ocrx_word' id='word_1_26' title='bbox 584 999 664 1072; x_wconf 91' lang='lat' dir='ltr'><strong>licet</strong></span> <span class='ocrx_word' id='word_1_27' title='bbox 681 998 955 1074; x_wconf 83' lang='lat' dir='ltr'><strong>Mediolanenses</strong></span> <span class='ocrx_word' id='word_1_28' title='bbox 973 1023 1139 1096; x_wconf 78' lang='lat' dir='ltr'><strong>magnum</strong></span> <span class='ocrx_word' id='word_1_29' title='bbox 1160 1001 1319 1074; x_wconf 83' lang='lat' dir='ltr'><strong>fecissent</strong></span> <span class='ocrx_word' id='word_1_30' title='bbox 1336 1005 1541 1094; x_wconf 90' lang='lat' dir='ltr'><strong>apparatum</strong></span> <span class='ocrx_word' id='word_1_31' title='bbox 1560 1019 1641 1070; x_wconf 88' lang='lat' dir='ltr'><strong>oum</strong></span> <span class='ocrx_word' id='word_1_32' title='bbox 1660 1019 1714 1072; x_wconf 92' lang='lat' dir='ltr'><strong>oa·</strong></span> 
     </span>
     <span class='ocr_line' id='line_1_5' title="bbox 289 1120 1715 1214; baseline -0.003 -18"><span class='ocrx_word' id='word_1_33' title='bbox 289 1125 387 1198; x_wconf 87' lang='lat' dir='ltr'><strong>rocio</strong></span> <span class='ocrx_word' id='word_1_34' title='bbox 404 1122 665 1198; x_wconf 85' lang='lat' dir='ltr'><strong>contradicendi</strong></span> <span class='ocrx_word' id='word_1_35' title='bbox 683 1123 750 1196; x_wconf 88' lang='lat' dir='ltr'><strong>sibi</strong></span> <span class='ocrx_word' id='word_1_36' title='bbox 776 1132 812 1197; x_wconf 90' lang='lat' dir='ltr'><strong>et</strong></span> <span class='ocrx_word' id='word_1_37' title='bbox 828 1123 1010 1198; x_wconf 91' lang='lat' dir='ltr'><strong>obviandi.</strong></span> <span class='ocrx_word' id='word_1_38' title='bbox 1029 1123 1074 1198; x_wconf 89' lang='lat' dir='ltr'><strong>Et</strong></span> <span class='ocrx_word' id='word_1_39' title='bbox 1090 1125 1148 1198; x_wconf 94' lang='lat' dir='ltr'><strong>die</strong></span> <span class='ocrx_word' id='word_1_40' title='bbox 1167 1123 1304 1198; x_wconf 87' lang='lat' dir='ltr'><strong>veneris</strong></span> <span class='ocrx_word' id='word_1_41' title='bbox 1325 1123 1390 1196; x_wconf 85' lang='lat' dir='ltr'><strong>XX</strong></span> <span class='ocrx_word' id='word_1_42' title='bbox 1416 1121 1545 1194; x_wconf 86' lang='lat' dir='ltr'><strong>mensis</strong></span> <span class='ocrx_word' id='word_1_43' title='bbox 1564 1120 1715 1214; x_wconf 87' lang='lat' dir='ltr'><strong>januarii</strong></span> 
     </span>
     <span class='ocr_line' id='line_1_6' title="bbox 289 1247 1715 1346; baseline -0.004 -24"><span class='ocrx_word' id='word_1_44' title='bbox 289 1269 431 1322; x_wconf 88' lang='lat' dir='ltr'><strong>summo</strong></span> <span class='ocrx_word' id='word_1_45' title='bbox 457 1269 560 1322; x_wconf 91' lang='lat' dir='ltr'><strong>mane</strong></span> <span class='ocrx_word' id='word_1_46' title='bbox 584 1255 699 1322; x_wconf 92' lang='lat' dir='ltr'><strong>motus</strong></span> <span class='ocrx_word' id='word_1_47' title='bbox 724 1249 820 1322; x_wconf 91' lang='lat' dir='ltr'><strong>venit</strong></span> <span class='ocrx_word' id='word_1_48' title='bbox 852 1248 1015 1346; x_wconf 90' lang='lat' dir='ltr'><strong>Papiam;</strong></span> <span class='ocrx_word' id='word_1_49' title='bbox 1038 1247 1228 1322; x_wconf 88' lang='lat' dir='ltr'><strong>honorilice</strong></span> <span class='ocrx_word' id='word_1_50' title='bbox 1255 1269 1275 1320; x_wconf 93' lang='lat' dir='ltr'><strong>a</strong></span> <span class='ocrx_word' id='word_1_51' title='bbox 1297 1247 1524 1343; x_wconf 88' lang='lat' dir='ltr'><strong>Papiensihus</strong></span> <span class='ocrx_word' id='word_1_52' title='bbox 1556 1254 1715 1341; x_wconf 88' lang='lat' dir='ltr'><strong>receptus</strong></span> 
     </span>
     <span class='ocr_line' id='line_1_7' title="bbox 291 1369 1718 1468; baseline 0 -26"><span class='ocrx_word' id='word_1_53' title='bbox 291 1371 360 1442; x_wconf 83' lang='lat' dir='ltr'><strong>fnit</strong></span> <span class='ocrx_word' id='word_1_54' title='bbox 393 1371 525 1468; x_wconf 92' lang='lat' dir='ltr'><strong>palium</strong></span> <span class='ocrx_word' id='word_1_55' title='bbox 554 1371 668 1446; x_wconf 91' lang='lat' dir='ltr'><strong>eidem</strong></span> <span class='ocrx_word' id='word_1_56' title='bbox 696 1371 846 1468; x_wconf 87' lang='lat' dir='ltr'><strong>desuper</strong></span> <span class='ocrx_word' id='word_1_57' title='bbox 873 1371 1074 1446; x_wconf 76' lang='lat' dir='ltr'><strong>deferendo.</strong></span> <span class='ocrx_word' id='word_1_58' title='bbox 1103 1374 1148 1446; x_wconf 81' lang='lat' dir='ltr'><strong>lit</strong></span> <span class='ocrx_word' id='word_1_59' title='bbox 1170 1372 1350 1446; x_wconf 91' lang='lat' dir='ltr'><strong>dominum</strong></span> <span class='ocrx_word' id='word_1_60' title='bbox 1374 1369 1561 1444; x_wconf 89' lang='lat' dir='ltr'><strong>blastinom</strong></span> <span class='ocrx_word' id='word_1_61' title='bbox 1591 1369 1637 1442; x_wconf 93' lang='lat' dir='ltr'><strong>de</strong></span> <span class='ocrx_word' id='word_1_62' title='bbox 1668 1371 1718 1442; x_wconf 87' lang='lat' dir='ltr'><strong>La</strong></span> 
     </span>
     <span class='ocr_line' id='line_1_8' title="bbox 292 1491 1717 1592; baseline -0.001 -26"><span class='ocrx_word' id='word_1_63' title='bbox 292 1494 393 1566; x_wconf 91' lang='lat' dir='ltr'><strong>Scala</strong></span> <span class='ocrx_word' id='word_1_64' title='bbox 415 1495 530 1568; x_wconf 89' lang='lat' dir='ltr'><strong>civem</strong></span> <span class='ocrx_word' id='word_1_65' title='bbox 548 1495 685 1570; x_wconf 81' lang='lat' dir='ltr'><strong>Vonone</strong></span> <span class='ocrx_word' id='word_1_66' title='bbox 701 1497 763 1590; x_wconf 91' lang='lat' dir='ltr'><strong>qui</strong></span> <span class='ocrx_word' id='word_1_67' title='bbox 782 1517 965 1592; x_wconf 77' lang='lat' dir='ltr'><strong>cnmrage</strong></span> <span class='ocrx_word' id='word_1_68' title='bbox 977 1505 1123 1572; x_wconf 81' lang='lat' dir='ltr'><strong>venerat</strong></span> <span class='ocrx_word' id='word_1_69' title='bbox 1139 1496 1298 1592; x_wconf 84' lang='lat' dir='ltr'><strong>Papiam,</strong></span> <span class='ocrx_word' id='word_1_70' title='bbox 1315 1493 1413 1568; x_wconf 91' lang='lat' dir='ltr'><strong>dedit</strong></span> <span class='ocrx_word' id='word_1_71' title='bbox 1433 1501 1468 1566; x_wconf 91' lang='lat' dir='ltr'><strong>et</strong></span> <span class='ocrx_word' id='word_1_72' title='bbox 1488 1491 1666 1566; x_wconf 89' lang='lat' dir='ltr'><strong>constituit</strong></span> <span class='ocrx_word' id='word_1_73' title='bbox 1680 1493 1717 1564; x_wconf 93' lang='lat' dir='ltr'><strong>in</strong></span> 
     </span>
     <span class='ocr_line' id='line_1_9' title="bbox 292 1625 475 1692; baseline 0 -2"><span class='ocrx_word' id='word_1_74' title='bbox 292 1625 475 1692; x_wconf 88' lang='lat' dir='ltr'><strong>rectorem.</strong></span> 
     </span>
    </p>

    <p class='ocr_par' dir='ltr' id='par_1_3' title="bbox 293 1737 1776 3443">
     <span class='ocr_line' id='line_1_10' title="bbox 343 1737 1719 1838; baseline 0 -26"><span class='ocrx_word' id='word_1_75' title='bbox 343 1741 409 1814; x_wconf 91' lang='lat' dir='ltr'><strong>Die</strong></span> <span class='ocrx_word' id='word_1_76' title='bbox 431 1741 607 1814; x_wconf 85' lang='lat' dir='ltr'><strong>dominico</strong></span> <span class='ocrx_word' id='word_1_77' title='bbox 630 1742 675 1814; x_wconf 96' lang='lat' dir='ltr'><strong>lll</strong></span> <span class='ocrx_word' id='word_1_78' title='bbox 689 1749 843 1816; x_wconf 83' lang='lat' dir='ltr'><strong>exeunte</strong></span> <span class='ocrx_word' id='word_1_79' title='bbox 852 1743 1033 1838; x_wconf 86' lang='lat' dir='ltr'><strong>januario,</strong></span> <span class='ocrx_word' id='word_1_80' title='bbox 1060 1742 1188 1816; x_wconf 88' lang='lat' dir='ltr'><strong>milicia</strong></span> <span class='ocrx_word' id='word_1_81' title='bbox 1210 1743 1302 1836; x_wconf 79' lang='lat' dir='ltr'><strong>regis</strong></span> <span class='ocrx_word' id='word_1_82' title='bbox 1319 1763 1399 1814; x_wconf 89' lang='lat' dir='ltr'><strong>oum</strong></span> <span class='ocrx_word' id='word_1_83' title='bbox 1413 1737 1642 1836; x_wconf 89' lang='lat' dir='ltr'><strong>Papiensibus</strong></span> <span class='ocrx_word' id='word_1_84' title='bbox 1661 1757 1719 1812; x_wconf 89' lang='lat' dir='ltr'><strong>ce·</strong></span> 
     </span>
     <span class='ocr_line' id='line_1_11' title="bbox 293 1861 1720 1961; baseline 0 -25"><span class='ocrx_word' id='word_1_85' title='bbox 293 1873 423 1961; x_wconf 88' lang='lat' dir='ltr'><strong>parunt</strong></span> <span class='ocrx_word' id='word_1_86' title='bbox 441 1873 476 1937; x_wconf 92' lang='lat' dir='ltr'><strong>et</strong></span> <span class='ocrx_word' id='word_1_87' title='bbox 492 1865 749 1938; x_wconf 84' lang='lat' dir='ltr'><strong>combuxerunt</strong></span> <span class='ocrx_word' id='word_1_88' title='bbox 762 1864 915 1938; x_wconf 86' lang='lat' dir='ltr'><strong>Laudem</strong></span> <span class='ocrx_word' id='word_1_89' title='bbox 934 1865 1103 1960; x_wconf 80' lang='lat' dir='ltr'><strong>Vegium,</strong></span> <span class='ocrx_word' id='word_1_90' title='bbox 1124 1875 1159 1938; x_wconf 90' lang='lat' dir='ltr'><strong>et</strong></span> <span class='ocrx_word' id='word_1_91' title='bbox 1179 1875 1262 1940; x_wconf 90' lang='lat' dir='ltr'><strong>tunc</strong></span> <span class='ocrx_word' id='word_1_92' title='bbox 1277 1887 1341 1938; x_wconf 86' lang='lat' dir='ltr'><strong>rex</strong></span> <span class='ocrx_word' id='word_1_93' title='bbox 1361 1863 1454 1936; x_wconf 90' lang='lat' dir='ltr'><strong>misit</strong></span> <span class='ocrx_word' id='word_1_94' title='bbox 1468 1884 1552 1936; x_wconf 90' lang='lat' dir='ltr'><strong>suos</strong></span> <span class='ocrx_word' id='word_1_95' title='bbox 1573 1861 1720 1936; x_wconf 89' lang='lat' dir='ltr'><strong>nuncios</strong></span> 
     </span>
     <span class='ocr_line' id='line_1_12' title="bbox 294 1985 1720 2082; baseline -0.001 -20"><span class='ocrx_word' id='word_1_96' title='bbox 294 1989 343 2062; x_wconf 90' lang='lat' dir='ltr'><strong>ad</strong></span> <span class='ocrx_word' id='word_1_97' title='bbox 368 1990 525 2064; x_wconf 87' lang='lat' dir='ltr'><strong>civitates</strong></span> <span class='ocrx_word' id='word_1_98' title='bbox 549 1999 585 2062; x_wconf 91' lang='lat' dir='ltr'><strong>et</strong></span> <span class='ocrx_word' id='word_1_99' title='bbox 611 1991 844 2064; x_wconf 89' lang='lat' dir='ltr'><strong>marchionem</strong></span> <span class='ocrx_word' id='word_1_100' title='bbox 870 1999 910 2062; x_wconf 88' lang='lat' dir='ltr'><strong>ut</strong></span> <span class='ocrx_word' id='word_1_101' title='bbox 936 1989 1120 2064; x_wconf 89' lang='lat' dir='ltr'><strong>obedirent</strong></span> <span class='ocrx_word' id='word_1_102' title='bbox 1141 1991 1192 2082; x_wconf 74' lang='lat' dir='ltr'><strong>ei,</strong></span> <span class='ocrx_word' id='word_1_103' title='bbox 1216 1989 1279 2062; x_wconf 90' lang='lat' dir='ltr'><strong>sed</strong></span> <span class='ocrx_word' id='word_1_104' title='bbox 1301 1989 1418 2062; x_wconf 90' lang='lat' dir='ltr'><strong>nullus</strong></span> <span class='ocrx_word' id='word_1_105' title='bbox 1444 1987 1489 2062; x_wconf 89' lang='lat' dir='ltr'><strong>de</strong></span> <span class='ocrx_word' id='word_1_106' title='bbox 1512 1985 1720 2062; x_wconf 88' lang='lat' dir='ltr'><strong>Lombardia</strong></span> 
     </span>
     <span class='ocr_line' id='line_1_13' title="bbox 294 2111 1722 2210; baseline 0 -24"><span class='ocrx_word' id='word_1_107' title='bbox 294 2121 446 2208; x_wconf 84' lang='lat' dir='ltr'><strong>excepto</strong></span> <span class='ocrx_word' id='word_1_108' title='bbox 476 2113 618 2186; x_wconf 85' lang='lat' dir='ltr'><strong>Alherto</strong></span> <span class='ocrx_word' id='word_1_109' title='bbox 643 2114 844 2186; x_wconf 85' lang='lat' dir='ltr'><strong>marchione</strong></span> <span class='ocrx_word' id='word_1_110' title='bbox 872 2114 1065 2210; x_wconf 85' lang='lat' dir='ltr'><strong>hlalaepina</strong></span> <span class='ocrx_word' id='word_1_111' title='bbox 1090 2112 1232 2186; x_wconf 88' lang='lat' dir='ltr'><strong>obedire</strong></span> <span class='ocrx_word' id='word_1_112' title='bbox 1255 2113 1378 2186; x_wconf 88' lang='lat' dir='ltr'><strong>voluit.</strong></span> <span class='ocrx_word' id='word_1_113' title='bbox 1407 2111 1539 2186; x_wconf 86' lang='lat' dir='ltr'><strong>Eodem</strong></span> <span class='ocrx_word' id='word_1_114' title='bbox 1569 2121 1722 2208; x_wconf 84' lang='lat' dir='ltr'><strong>tempore</strong></span> 
     </span>
     <span class='ocr_line' id='line_1_14' title="bbox 294 2232 1776 2310; baseline -0.001 -1"><span class='ocrx_word' id='word_1_115' title='bbox 294 2257 362 2309; x_wconf 83' lang='lat' dir='ltr'><strong>rex</strong></span> <span class='ocrx_word' id='word_1_116' title='bbox 373 2233 487 2310; x_wconf 91' lang='lat' dir='ltr'><strong>missit</strong></span> <span class='ocrx_word' id='word_1_117' title='bbox 498 2259 582 2310; x_wconf 86' lang='lat' dir='ltr'><strong>suos</strong></span> <span class='ocrx_word' id='word_1_118' title='bbox 598 2239 746 2310; x_wconf 90' lang='lat' dir='ltr'><strong>nuncios</strong></span> <span class='ocrx_word' id='word_1_119' title='bbox 757 2245 792 2310; x_wconf 92' lang='lat' dir='ltr'><strong>et</strong></span> <span class='ocrx_word' id='word_1_120' title='bbox 807 2237 939 2310; x_wconf 87' lang='lat' dir='ltr'><strong>litteras</strong></span> <span class='ocrx_word' id='word_1_121' title='bbox 953 2235 1000 2310; x_wconf 92' lang='lat' dir='ltr'><strong>ad</strong></span> <span class='ocrx_word' id='word_1_122' title='bbox 1014 2237 1174 2310; x_wconf 88' lang='lat' dir='ltr'><strong>civitates</strong></span> <span class='ocrx_word' id='word_1_123' title='bbox 1190 2237 1278 2310; x_wconf 90' lang='lat' dir='ltr'><strong>Pisis</strong></span> <span class='ocrx_word' id='word_1_124' title='bbox 1295 2245 1331 2310; x_wconf 91' lang='lat' dir='ltr'><strong>et</strong></span> <span class='ocrx_word' id='word_1_125' title='bbox 1343 2237 1432 2310; x_wconf 88' lang='lat' dir='ltr'><strong>Sene</strong></span> <span class='ocrx_word' id='word_1_126' title='bbox 1443 2233 1532 2308; x_wconf 89' lang='lat' dir='ltr'><strong>etad</strong></span> <span class='ocrx_word' id='word_1_127' title='bbox 1542 2232 1722 2308; x_wconf 87' lang='lat' dir='ltr'><strong>Gibillinos</strong></span> <span class='ocrx_word' id='word_1_128' title='bbox 1773 2240 1776 2248; x_wconf 81' lang='grc'>’</span> 
     </span>
     <span class='ocr_line' id='line_1_15' title="bbox 298 2357 1723 2456; baseline 0.001 -25"><span class='ocrx_word' id='word_1_129' title='bbox 298 2359 337 2431; x_wconf 93' lang='lat' dir='ltr'><strong>in</strong></span> <span class='ocrx_word' id='word_1_130' title='bbox 355 2360 479 2432; x_wconf 87' lang='lat' dir='ltr'><strong>Tuscia</strong></span> <span class='ocrx_word' id='word_1_131' title='bbox 497 2358 726 2435; x_wconf 77' lang='lat' dir='ltr'><strong>confortando</strong></span> <span class='ocrx_word' id='word_1_132' title='bbox 743 2360 837 2456; x_wconf 90' lang='lat' dir='ltr'><strong>ipsos</strong></span> <span class='ocrx_word' id='word_1_133' title='bbox 853 2358 898 2432; x_wconf 92' lang='lat' dir='ltr'><strong>de</strong></span> <span class='ocrx_word' id='word_1_134' title='bbox 910 2359 1064 2432; x_wconf 89' lang='lat' dir='ltr'><strong>adventu</strong></span> <span class='ocrx_word' id='word_1_135' title='bbox 1075 2381 1152 2433; x_wconf 92' lang='lat' dir='ltr'><strong>suo.</strong></span> <span class='ocrx_word' id='word_1_136' title='bbox 1169 2359 1299 2432; x_wconf 87' lang='lat' dir='ltr'><strong>Eodem</strong></span> <span class='ocrx_word' id='word_1_137' title='bbox 1314 2370 1468 2456; x_wconf 89' lang='lat' dir='ltr'><strong>tempore</strong></span> <span class='ocrx_word' id='word_1_138' title='bbox 1480 2357 1723 2432; x_wconf 86' lang='lat' dir='ltr'><strong>ambaxatores</strong></span> 
     </span>
     <span class='ocr_line' id='line_1_16' title="bbox 295 2479 1723 2577; baseline -0.002 -22"><span class='ocrx_word' id='word_1_139' title='bbox 295 2481 456 2555; x_wconf 84' lang='lat' dir='ltr'><strong>Pisanum</strong></span> <span class='ocrx_word' id='word_1_140' title='bbox 481 2490 654 2555; x_wconf 89' lang='lat' dir='ltr'><strong>venerunt</strong></span> <span class='ocrx_word' id='word_1_141' title='bbox 675 2481 816 2577; x_wconf 90' lang='lat' dir='ltr'><strong>Papiam</strong></span> <span class='ocrx_word' id='word_1_142' title='bbox 836 2481 884 2555; x_wconf 90' lang='lat' dir='ltr'><strong>ad</strong></span> <span class='ocrx_word' id='word_1_143' title='bbox 900 2501 1017 2576; x_wconf 76' lang='lat' dir='ltr'><strong>regem</strong></span> <span class='ocrx_word' id='word_1_144' title='bbox 1045 2481 1260 2571; x_wconf 73' lang='lat' dir='ltr'><strong>conradum,</strong></span> <span class='ocrx_word' id='word_1_145' title='bbox 1276 2479 1475 2554; x_wconf 76' lang='lat' dir='ltr'><strong>offerrentes</strong></span> <span class='ocrx_word' id='word_1_146' title='bbox 1499 2479 1532 2552; x_wconf 90' lang='lat' dir='ltr'><strong>ei</strong></span> <span class='ocrx_word' id='word_1_147' title='bbox 1558 2501 1605 2552; x_wconf 86' lang='lat' dir='ltr'><strong>ex</strong></span> <span class='ocrx_word' id='word_1_148' title='bbox 1626 2489 1723 2576; x_wconf 90' lang='lat' dir='ltr'><strong>parte</strong></span> 
     </span>
     <span class='ocr_line' id='line_1_17' title="bbox 298 2603 1723 2700; baseline -0.001 -22"><span class='ocrx_word' id='word_1_149' title='bbox 298 2606 495 2678; x_wconf 89' lang='lat' dir='ltr'><strong>communis</strong></span> <span class='ocrx_word' id='word_1_150' title='bbox 512 2605 669 2678; x_wconf 82' lang='lat' dir='ltr'><strong>Pisanum</strong></span> <span class='ocrx_word' id='word_1_151' title='bbox 686 2605 779 2678; x_wconf 88' lang='lat' dir='ltr'>XVII</span> <span class='ocrx_word' id='word_1_152' title='bbox 803 2605 911 2678; x_wconf 91' lang='lat' dir='ltr'><strong>millia</strong></span> <span class='ocrx_word' id='word_1_153' title='bbox 931 2606 1054 2680; x_wconf 90' lang='lat' dir='ltr'><strong>uncias</strong></span> <span class='ocrx_word' id='word_1_154' title='bbox 1076 2607 1170 2695; x_wconf 91' lang='lat' dir='ltr'><strong>auri,</strong></span> <span class='ocrx_word' id='word_1_155' title='bbox 1192 2605 1385 2700; x_wconf 87' lang='lat' dir='ltr'><strong>exquibus</strong></span> <span class='ocrx_word' id='word_1_156' title='bbox 1407 2603 1627 2700; x_wconf 86' lang='lat' dir='ltr'><strong>stipendariis</strong></span> <span class='ocrx_word' id='word_1_157' title='bbox 1649 2605 1723 2676; x_wconf 84' lang='lat' dir='ltr'><strong>suis</strong></span> 
     </span>
     <span class='ocr_line' id='line_1_18' title="bbox 297 2727 1722 2826; baseline -0.001 -24"><span class='ocrx_word' id='word_1_158' title='bbox 297 2729 438 2804; x_wconf 87' lang='lat' dir='ltr'><strong>soldnm</strong></span> <span class='ocrx_word' id='word_1_159' title='bbox 456 2729 629 2825; x_wconf 85' lang='lat' dir='ltr'><strong>persolvit.</strong></span> <span class='ocrx_word' id='word_1_160' title='bbox 653 2728 815 2802; x_wconf 91' lang='lat' dir='ltr'><strong>Similiter</strong></span> <span class='ocrx_word' id='word_1_161' title='bbox 834 2751 1021 2802; x_wconf 88' lang='lat' dir='ltr'><strong>commune</strong></span> <span class='ocrx_word' id='word_1_162' title='bbox 1041 2730 1148 2826; x_wconf 90' lang='lat' dir='ltr'><strong>Papie</strong></span> <span class='ocrx_word' id='word_1_163' title='bbox 1171 2729 1315 2802; x_wconf 85' lang='lat' dir='ltr'><strong>donavit</strong></span> <span class='ocrx_word' id='word_1_164' title='bbox 1335 2729 1410 2823; x_wconf 79' lang='lat' dir='ltr'><strong>regi</strong></span> <span class='ocrx_word' id='word_1_165' title='bbox 1427 2728 1527 2802; x_wconf 85' lang='lat' dir='ltr'><strong>Xllhl</strong></span> <span class='ocrx_word' id='word_1_166' title='bbox 1549 2727 1638 2801; x_wconf 92' lang='lat' dir='ltr'><strong>libra</strong></span> <span class='ocrx_word' id='word_1_167' title='bbox 1656 2727 1722 2801; x_wconf 93' lang='lat' dir='ltr'><strong>Pa·</strong></span> 
     </span>
     <span class='ocr_line' id='line_1_19' title="bbox 297 2850 1724 2949; baseline 0.003 -27"><span class='ocrx_word' id='word_1_168' title='bbox 297 2851 486 2946; x_wconf 89' lang='lat' dir='ltr'><strong>piensium.</strong></span> <span class='ocrx_word' id='word_1_169' title='bbox 506 2853 637 2927; x_wconf 83' lang='lat' dir='ltr'><strong>Eodem</strong></span> <span class='ocrx_word' id='word_1_170' title='bbox 655 2861 811 2948; x_wconf 89' lang='lat' dir='ltr'><strong>tempore</strong></span> <span class='ocrx_word' id='word_1_171' title='bbox 831 2850 1007 2949; x_wconf 92' lang='lat' dir='ltr'><strong>dompnus</strong></span> <span class='ocrx_word' id='word_1_172' title='bbox 1023 2851 1226 2926; x_wconf 87' lang='lat' dir='ltr'><strong>Fredericus</strong></span> <span class='ocrx_word' id='word_1_173' title='bbox 1242 2853 1288 2926; x_wconf 92' lang='lat' dir='ltr'><strong>de</strong></span> <span class='ocrx_word' id='word_1_174' title='bbox 1305 2852 1450 2928; x_wconf 86' lang='lat' dir='ltr'><strong>Castella</strong></span> <span class='ocrx_word' id='word_1_175' title='bbox 1470 2861 1505 2926; x_wconf 91' lang='lat' dir='ltr'><strong>et</strong></span> <span class='ocrx_word' id='word_1_176' title='bbox 1522 2851 1724 2928; x_wconf 87' lang='lat' dir='ltr'><strong>Frederions</strong></span> 
     </span>
     <span class='ocr_line' id='line_1_20' title="bbox 298 2973 1724 3070; baseline 0.004 -25"><span class='ocrx_word' id='word_1_177' title='bbox 298 2973 443 3067; x_wconf 88' lang='lat' dir='ltr'><strong>Lancia,</strong></span> <span class='ocrx_word' id='word_1_178' title='bbox 471 2974 651 3048; x_wconf 84' lang='lat' dir='ltr'><strong>Conradns</strong></span> <span class='ocrx_word' id='word_1_179' title='bbox 677 2974 852 3070; x_wconf 86' lang='lat' dir='ltr'><strong>Capitius,</strong></span> <span class='ocrx_word' id='word_1_180' title='bbox 880 2974 1000 3048; x_wconf 90' lang='lat' dir='ltr'><strong>Nicola</strong></span> <span class='ocrx_word' id='word_1_181' title='bbox 1021 2975 1145 3049; x_wconf 90' lang='lat' dir='ltr'><strong>lllaleta</strong></span> <span class='ocrx_word' id='word_1_182' title='bbox 1168 2984 1202 3048; x_wconf 92' lang='lat' dir='ltr'><strong>et</strong></span> <span class='ocrx_word' id='word_1_183' title='bbox 1222 2975 1281 3048; x_wconf 90' lang='lat' dir='ltr'><strong>alii</strong></span> <span class='ocrx_word' id='word_1_184' title='bbox 1306 2973 1427 3050; x_wconf 88' lang='lat' dir='ltr'><strong>fideles</strong></span> <span class='ocrx_word' id='word_1_185' title='bbox 1452 2976 1544 3069; x_wconf 78' lang='lat' dir='ltr'><strong>regis</strong></span> <span class='ocrx_word' id='word_1_186' title='bbox 1574 2976 1724 3050; x_wconf 86' lang='lat' dir='ltr'><strong>servicio</strong></span> 
     </span>
     <span class='ocr_line' id='line_1_21' title="bbox 300 3095 1723 3193; baseline 0.003 -23"><span class='ocrx_word' id='word_1_187' title='bbox 300 3095 384 3170; x_wconf 89' lang='lat' dir='ltr'><strong>dicti</strong></span> <span class='ocrx_word' id='word_1_188' title='bbox 401 3097 495 3190; x_wconf 77' lang='lat' dir='ltr'><strong>regis</strong></span> <span class='ocrx_word' id='word_1_189' title='bbox 510 3097 652 3191; x_wconf 79' lang='lat' dir='ltr'><strong>navigio</strong></span> <span class='ocrx_word' id='word_1_190' title='bbox 668 3098 848 3172; x_wconf 86' lang='lat' dir='ltr'><strong>venientes</strong></span> <span class='ocrx_word' id='word_1_191' title='bbox 862 3098 994 3172; x_wconf 88' lang='lat' dir='ltr'><strong>auxilio</strong></span> <span class='ocrx_word' id='word_1_192' title='bbox 1009 3099 1101 3193; x_wconf 80' lang='lat' dir='ltr'><strong>regis</strong></span> <span class='ocrx_word' id='word_1_193' title='bbox 1117 3099 1297 3190; x_wconf 87' lang='lat' dir='ltr'><strong>Tunicani,</strong></span> <span class='ocrx_word' id='word_1_194' title='bbox 1319 3101 1485 3174; x_wconf 87' lang='lat' dir='ltr'><strong>intrantes</strong></span> <span class='ocrx_word' id='word_1_195' title='bbox 1500 3101 1537 3172; x_wconf 94' lang='lat' dir='ltr'><strong>iu</strong></span> <span class='ocrx_word' id='word_1_196' title='bbox 1552 3099 1723 3176; x_wconf 90' lang='lat' dir='ltr'><strong>Sciciliam</strong></span> 
     </span>
     <span class='ocr_line' id='line_1_22' title="bbox 300 3220 1723 3320; baseline 0.003 -28"><span class='ocrx_word' id='word_1_197' title='bbox 300 3220 505 3294; x_wconf 90' lang='lat' dir='ltr'><strong>invaserunt</strong></span> <span class='ocrx_word' id='word_1_198' title='bbox 522 3222 630 3294; x_wconf 91' lang='lat' dir='ltr'><strong>multa</strong></span> <span class='ocrx_word' id='word_1_199' title='bbox 647 3223 736 3311; x_wconf 91' lang='lat' dir='ltr'><strong>loca,</strong></span> <span class='ocrx_word' id='word_1_200' title='bbox 753 3229 865 3294; x_wconf 88' lang='lat' dir='ltr'><strong>eastra</strong></span> <span class='ocrx_word' id='word_1_201' title='bbox 881 3229 916 3294; x_wconf 92' lang='lat' dir='ltr'><strong>et</strong></span> <span class='ocrx_word' id='word_1_202' title='bbox 929 3221 1103 3314; x_wconf 89' lang='lat' dir='ltr'><strong>civitates,</strong></span> <span class='ocrx_word' id='word_1_203' title='bbox 1121 3223 1299 3318; x_wconf 88' lang='lat' dir='ltr'><strong>capientes</strong></span> <span class='ocrx_word' id='word_1_204' title='bbox 1318 3225 1445 3297; x_wconf 89' lang='lat' dir='ltr'><strong>milites</strong></span> <span class='ocrx_word' id='word_1_205' title='bbox 1459 3225 1578 3298; x_wconf 85' lang='lat' dir='ltr'><strong>Karuli</strong></span> <span class='ocrx_word' id='word_1_206' title='bbox 1592 3225 1654 3320; x_wconf 89' lang='lat' dir='ltr'><strong>qui</strong></span> <span class='ocrx_word' id='word_1_207' title='bbox 1672 3225 1723 3298; x_wconf 91' lang='lat' dir='ltr'><strong>ihi</strong></span> 
     </span>
     <span class='ocr_line' id='line_1_23' title="bbox 301 3345 1724 3443; baseline 0.004 -25"><span class='ocrx_word' id='word_1_208' title='bbox 301 3354 401 3418; x_wconf 90' lang='lat' dir='ltr'><strong>erant</strong></span> <span class='ocrx_word' id='word_1_209' title='bbox 417 3367 480 3440; x_wconf 93' lang='lat' dir='ltr'><strong>pro</strong></span> <span class='ocrx_word' id='word_1_210' title='bbox 497 3367 551 3420; x_wconf 90' lang='lat' dir='ltr'><strong>eo.</strong></span> <span class='ocrx_word' id='word_1_211' title='bbox 568 3346 731 3420; x_wconf 90' lang='lat' dir='ltr'><strong>Similiter</strong></span> <span class='ocrx_word' id='word_1_212' title='bbox 746 3345 907 3418; x_wconf 89' lang='lat' dir='ltr'><strong>Saraceni</strong></span> <span class='ocrx_word' id='word_1_213' title='bbox 927 3345 973 3418; x_wconf 93' lang='lat' dir='ltr'><strong>de</strong></span> <span class='ocrx_word' id='word_1_214' title='bbox 984 3346 1133 3420; x_wconf 87' lang='lat' dir='ltr'><strong>Nuceria</strong></span> <span class='ocrx_word' id='word_1_215' title='bbox 1154 3355 1190 3420; x_wconf 91' lang='lat' dir='ltr'><strong>et</strong></span> <span class='ocrx_word' id='word_1_216' title='bbox 1205 3369 1286 3443; x_wconf 83' lang='lat' dir='ltr'><strong>pars</strong></span> <span class='ocrx_word' id='word_1_217' title='bbox 1308 3345 1353 3420; x_wconf 90' lang='lat' dir='ltr'><strong>de</strong></span> <span class='ocrx_word' id='word_1_218' title='bbox 1368 3346 1494 3442; x_wconf 81' lang='lat' dir='ltr'><strong>Apulia</strong></span> <span class='ocrx_word' id='word_1_219' title='bbox 1507 3357 1541 3422; x_wconf 91' lang='lat' dir='ltr'><strong>et</strong></span> <span class='ocrx_word' id='word_1_220' title='bbox 1555 3348 1724 3424; x_wconf 87' lang='lat' dir='ltr'><strong>Callabria</strong></span> 
     </span>
    </p>
   </div>
   <div class='ocr_carea' id='block_1_3' title="bbox 301 3467 1721 3666">
    <p class='ocr_par' dir='ltr' id='par_1_4' title="bbox 301 3467 1721 3666">
     <span class='ocr_line' id='line_1_24' title="bbox 301 3467 1721 3568; baseline 0.004 -27"><span class='ocrx_word' id='word_1_221' title='bbox 301 3467 449 3542; x_wconf 87' lang='lat' dir='ltr'><strong>rebelles</strong></span> <span class='ocrx_word' id='word_1_222' title='bbox 465 3478 631 3566; x_wconf 89' lang='lat' dir='ltr'><strong>oeperunt</strong></span> <span class='ocrx_word' id='word_1_223' title='bbox 655 3491 731 3542; x_wconf 87' lang='lat' dir='ltr'><strong>esse</strong></span> <span class='ocrx_word' id='word_1_224' title='bbox 755 3469 901 3562; x_wconf 85' lang='lat' dir='ltr'><strong>Karulo,</strong></span> <span class='ocrx_word' id='word_1_225' title='bbox 921 3469 1048 3543; x_wconf 89' lang='lat' dir='ltr'><strong>milites</strong></span> <span class='ocrx_word' id='word_1_226' title='bbox 1071 3479 1106 3542; x_wconf 88' lang='lat' dir='ltr'><strong>st</strong></span> <span class='ocrx_word' id='word_1_227' title='bbox 1131 3479 1282 3544; x_wconf 87' lang='lat' dir='ltr'><strong>rectores</strong></span> <span class='ocrx_word' id='word_1_228' title='bbox 1303 3471 1380 3565; x_wconf 89' lang='lat' dir='ltr'><strong>ejus</strong></span> <span class='ocrx_word' id='word_1_229' title='bbox 1399 3472 1574 3568; x_wconf 87' lang='lat' dir='ltr'><strong>capientes</strong></span> <span class='ocrx_word' id='word_1_230' title='bbox 1594 3481 1631 3545; x_wconf 90' lang='lat' dir='ltr'><strong>et</strong></span> <span class='ocrx_word' id='word_1_231' title='bbox 1654 3470 1721 3547; x_wconf 89' lang='lat' dir='ltr'><strong>de-</strong></span> 
     </span>
     <span class='ocr_line' id='line_1_25' title="bbox 301 3600 515 3666; baseline 0 -2"><span class='ocrx_word' id='word_1_232' title='bbox 301 3600 515 3666; x_wconf 89' lang='lat' dir='ltr'><strong>truncantes.</strong></span> 
     </span>
    </p>
   </div>
   <div class='ocr_carea' id='block_1_4' title="bbox 302 3714 1723 4558">
    <p class='ocr_par' dir='ltr' id='par_1_5' title="bbox 302 3714 1723 4558">
     <span class='ocr_line' id='line_1_26' title="bbox 350 3714 1720 3816; baseline 0.005 -30"><span class='ocrx_word' id='word_1_233' title='bbox 350 3715 415 3790; x_wconf 92' lang='lat' dir='ltr'><strong>Die</strong></span> <span class='ocrx_word' id='word_1_234' title='bbox 437 3717 533 3808; x_wconf 88' lang='lat' dir='ltr'><strong>jovis</strong></span> <span class='ocrx_word' id='word_1_235' title='bbox 557 3714 711 3788; x_wconf 76' lang='lat' dir='ltr'><strong>mouudo</strong></span> <span class='ocrx_word' id='word_1_236' title='bbox 740 3716 870 3789; x_wconf 88' lang='lat' dir='ltr'><strong>mensis</strong></span> <span class='ocrx_word' id='word_1_237' title='bbox 892 3715 1079 3809; x_wconf 76' lang='lat' dir='ltr'><strong>februarii,</strong></span> <span class='ocrx_word' id='word_1_238' title='bbox 1101 3737 1219 3791; x_wconf 88' lang='lat' dir='ltr'><strong>comes</strong></span> <span class='ocrx_word' id='word_1_239' title='bbox 1243 3717 1427 3791; x_wconf 87' lang='lat' dir='ltr'><strong>Ubertinus</strong></span> <span class='ocrx_word' id='word_1_240' title='bbox 1453 3717 1498 3792; x_wconf 92' lang='lat' dir='ltr'><strong>de</strong></span> <span class='ocrx_word' id='word_1_241' title='bbox 1519 3719 1638 3793; x_wconf 90' lang='lat' dir='ltr'><strong>Lando</strong></span> <span class='ocrx_word' id='word_1_242' title='bbox 1659 3721 1720 3816; x_wconf 89' lang='lat' dir='ltr'><strong>qui</strong></span> 
     </span>
     <span class='ocr_line' id='line_1_27' title="bbox 302 3838 1722 3937; baseline 0.004 -25"><span class='ocrx_word' id='word_1_243' title='bbox 302 3847 376 3912; x_wconf 90' lang='lat' dir='ltr'><strong>erat</strong></span> <span class='ocrx_word' id='word_1_244' title='bbox 393 3839 439 3912; x_wconf 90' lang='lat' dir='ltr'><strong>ad</strong></span> <span class='ocrx_word' id='word_1_245' title='bbox 458 3839 610 3912; x_wconf 86' lang='lat' dir='ltr'><strong>Rooham</strong></span> <span class='ocrx_word' id='word_1_246' title='bbox 630 3860 731 3912; x_wconf 89' lang='lat' dir='ltr'><strong>suam</strong></span> <span class='ocrx_word' id='word_1_247' title='bbox 749 3839 795 3912; x_wconf 91' lang='lat' dir='ltr'><strong>de</strong></span> <span class='ocrx_word' id='word_1_248' title='bbox 813 3838 937 3934; x_wconf 90' lang='lat' dir='ltr'><strong>Bardi,</strong></span> <span class='ocrx_word' id='word_1_249' title='bbox 957 3841 1044 3914; x_wconf 89' lang='lat' dir='ltr'><strong>civis</strong></span> <span class='ocrx_word' id='word_1_250' title='bbox 1060 3842 1248 3937; x_wconf 82' lang='lat' dir='ltr'><strong>Placentia,</strong></span> <span class='ocrx_word' id='word_1_251' title='bbox 1269 3866 1349 3916; x_wconf 91' lang='lat' dir='ltr'><strong>cum</strong></span> <span class='ocrx_word' id='word_1_252' title='bbox 1367 3843 1459 3915; x_wconf 87' lang='lat' dir='ltr'><strong>LXX</strong></span> <span class='ocrx_word' id='word_1_253' title='bbox 1478 3843 1647 3918; x_wconf 90' lang='lat' dir='ltr'><strong>militibus</strong></span> <span class='ocrx_word' id='word_1_254' title='bbox 1662 3846 1722 3918; x_wconf 87' lang='lat' dir='ltr'><strong>lo-</strong></span> 
     </span>
     <span class='ocr_line' id='line_1_28' title="bbox 302 3963 1721 4066; baseline 0.006 -30"><span class='ocrx_word' id='word_1_255' title='bbox 302 3963 437 4036; x_wconf 87' lang='lat' dir='ltr'><strong>restatis</strong></span> <span class='ocrx_word' id='word_1_256' title='bbox 464 3963 510 4036; x_wconf 93' lang='lat' dir='ltr'><strong>de</strong></span> <span class='ocrx_word' id='word_1_257' title='bbox 536 3963 708 4036; x_wconf 90' lang='lat' dir='ltr'><strong>Placentia</strong></span> <span class='ocrx_word' id='word_1_258' title='bbox 730 3963 776 4037; x_wconf 89' lang='lat' dir='ltr'><strong>de</strong></span> <span class='ocrx_word' id='word_1_259' title='bbox 802 3973 900 4061; x_wconf 90' lang='lat' dir='ltr'><strong>parte</strong></span> <span class='ocrx_word' id='word_1_260' title='bbox 928 3987 992 4040; x_wconf 88' lang='lat' dir='ltr'><strong>sua</strong></span> <span class='ocrx_word' id='word_1_261' title='bbox 1020 3967 1160 4041; x_wconf 87' lang='lat' dir='ltr'><strong>intravit</strong></span> <span class='ocrx_word' id='word_1_262' title='bbox 1186 3967 1363 4040; x_wconf 88' lang='lat' dir='ltr'><strong>civitatem</strong></span> <span class='ocrx_word' id='word_1_263' title='bbox 1389 3967 1494 4063; x_wconf 92' lang='lat' dir='ltr'><strong>Papie</strong></span> <span class='ocrx_word' id='word_1_264' title='bbox 1522 3968 1569 4043; x_wconf 92' lang='lat' dir='ltr'><strong>ad</strong></span> <span class='ocrx_word' id='word_1_265' title='bbox 1603 3992 1721 4066; x_wconf 82' lang='lat' dir='ltr'><strong>regem</strong></span> 
     </span>
     <span class='ocr_line' id='line_1_29' title="bbox 302 4085 1722 4188; baseline 0.006 -31"><span class='ocrx_word' id='word_1_266' title='bbox 302 4085 500 4160; x_wconf 80' lang='lat' dir='ltr'><strong>conradum</strong></span> <span class='ocrx_word' id='word_1_267' title='bbox 514 4086 666 4179; x_wconf 90' lang='lat' dir='ltr'><strong>jurando</strong></span> <span class='ocrx_word' id='word_1_268' title='bbox 681 4087 714 4160; x_wconf 92' lang='lat' dir='ltr'><strong>ei</strong></span> <span class='ocrx_word' id='word_1_269' title='bbox 732 4086 932 4162; x_wconf 87' lang='lat' dir='ltr'><strong>fidelitatem</strong></span> <span class='ocrx_word' id='word_1_270' title='bbox 951 4100 986 4162; x_wconf 91' lang='lat' dir='ltr'><strong>et</strong></span> <span class='ocrx_word' id='word_1_271' title='bbox 1002 4093 1183 4166; x_wconf 88' lang='lat' dir='ltr'><strong>consilium</strong></span> <span class='ocrx_word' id='word_1_272' title='bbox 1203 4093 1293 4188; x_wconf 89' lang='lat' dir='ltr'><strong>ejus.</strong></span> <span class='ocrx_word' id='word_1_273' title='bbox 1314 4092 1358 4164; x_wconf 84' lang='lat' dir='ltr'><strong>Et</strong></span> <span class='ocrx_word' id='word_1_274' title='bbox 1375 4091 1538 4167; x_wconf 91' lang='lat' dir='ltr'><strong>dominus</strong></span> <span class='ocrx_word' id='word_1_275' title='bbox 1558 4116 1624 4166; x_wconf 87' lang='lat' dir='ltr'><strong>rex</strong></span> <span class='ocrx_word' id='word_1_276' title='bbox 1639 4116 1722 4168; x_wconf 89' lang='lat' dir='ltr'><strong>oon·</strong></span> 
     </span>
     <span class='ocr_line' id='line_1_30' title="bbox 302 4207 1723 4310; baseline 0.007 -28"><span class='ocrx_word' id='word_1_277' title='bbox 302 4207 455 4282; x_wconf 86' lang='lat' dir='ltr'><strong>firmavit</strong></span> <span class='ocrx_word' id='word_1_278' title='bbox 480 4211 513 4282; x_wconf 87' lang='lat' dir='ltr'><strong>ei</strong></span> <span class='ocrx_word' id='word_1_279' title='bbox 539 4217 649 4284; x_wconf 92' lang='lat' dir='ltr'><strong>totum</strong></span> <span class='ocrx_word' id='word_1_280' title='bbox 675 4211 876 4284; x_wconf 89' lang='lat' dir='ltr'><strong>comitatum</strong></span> <span class='ocrx_word' id='word_1_281' title='bbox 901 4213 1061 4286; x_wconf 83' lang='lat' dir='ltr'><strong>Bousirie</strong></span> <span class='ocrx_word' id='word_1_282' title='bbox 1089 4212 1140 4310; x_wconf 88' lang='lat' dir='ltr'><strong>(o)</strong></span> <span class='ocrx_word' id='word_1_283' title='bbox 1164 4216 1329 4310; x_wconf 89' lang='lat' dir='ltr'><strong>adjuncto</strong></span> <span class='ocrx_word' id='word_1_284' title='bbox 1355 4217 1423 4290; x_wconf 92' lang='lat' dir='ltr'><strong>sibi</strong></span> <span class='ocrx_word' id='word_1_285' title='bbox 1452 4217 1618 4290; x_wconf 89' lang='lat' dir='ltr'><strong>comitatu</strong></span> <span class='ocrx_word' id='word_1_286' title='bbox 1644 4219 1723 4292; x_wconf 87' lang='lat' dir='ltr'><strong>hlo-</strong></span> 
     </span>
     <span class='ocr_line' id='line_1_31' title="bbox 302 4329 1722 4436; baseline 0.009 -36"><span class='ocrx_word' id='word_1_287' title='bbox 302 4331 371 4404; x_wconf 92' lang='lat' dir='ltr'><strong>lisii</strong></span> <span class='ocrx_word' id='word_1_288' title='bbox 389 4329 452 4428; x_wconf 87' lang='lat' dir='ltr'><strong>(h).</strong></span> <span class='ocrx_word' id='word_1_289' title='bbox 473 4331 605 4406; x_wconf 86' lang='lat' dir='ltr'><strong>Eodem</strong></span> <span class='ocrx_word' id='word_1_290' title='bbox 627 4342 780 4429; x_wconf 86' lang='lat' dir='ltr'><strong>tempore</strong></span> <span class='ocrx_word' id='word_1_291' title='bbox 806 4335 956 4408; x_wconf 88' lang='lat' dir='ltr'><strong>Ubertns</strong></span> <span class='ocrx_word' id='word_1_292' title='bbox 977 4335 1208 4410; x_wconf 89' lang='lat' dir='ltr'><strong>Pellavieinus</strong></span> <span class='ocrx_word' id='word_1_293' title='bbox 1232 4341 1386 4414; x_wconf 88' lang='lat' dir='ltr'><strong>marchio</strong></span> <span class='ocrx_word' id='word_1_294' title='bbox 1410 4361 1490 4412; x_wconf 94' lang='lat' dir='ltr'><strong>cum</strong></span> <span class='ocrx_word' id='word_1_295' title='bbox 1510 4340 1582 4412; x_wconf 88' lang='lat' dir='ltr'><strong>suis</strong></span> <span class='ocrx_word' id='word_1_296' title='bbox 1606 4361 1722 4436; x_wconf 92' lang='lat' dir='ltr'><strong>nepo-</strong></span> 
     </span>
     <span class='ocr_line' id='line_1_32' title="bbox 302 4454 1722 4558; baseline 0.011 -34"><span class='ocrx_word' id='word_1_297' title='bbox 302 4454 394 4528; x_wconf 89' lang='lat' dir='ltr'><strong>tibus</strong></span> <span class='ocrx_word' id='word_1_298' title='bbox 427 4463 503 4529; x_wconf 91' lang='lat' dir='ltr'><strong>erat</strong></span> <span class='ocrx_word' id='word_1_299' title='bbox 529 4455 625 4551; x_wconf 91' lang='lat' dir='ltr'><strong>apud</strong></span> <span class='ocrx_word' id='word_1_300' title='bbox 652 4459 805 4552; x_wconf 81' lang='lat' dir='ltr'><strong>Burgum</strong></span> <span class='ocrx_word' id='word_1_301' title='bbox 839 4459 956 4532; x_wconf 89' lang='lat' dir='ltr'><strong>Sancti</strong></span> <span class='ocrx_word' id='word_1_302' title='bbox 986 4461 1173 4558; x_wconf 89' lang='lat' dir='ltr'><strong>Dompnini</strong></span> <span class='ocrx_word' id='word_1_303' title='bbox 1209 4484 1289 4535; x_wconf 90' lang='lat' dir='ltr'><strong>oum</strong></span> <span class='ocrx_word' id='word_1_304' title='bbox 1315 4464 1366 4538; x_wconf 87' lang='lat' dir='ltr'><strong>CC</strong></span> <span class='ocrx_word' id='word_1_305' title='bbox 1398 4463 1567 4537; x_wconf 86' lang='lat' dir='ltr'><strong>militibus</strong></span> <span class='ocrx_word' id='word_1_306' title='bbox 1600 4466 1722 4540; x_wconf 90' lang='lat' dir='ltr'><strong>Parme</strong></span> 
     </span>
    </p>
   </div>
   <div class='ocr_carea' id='block_1_5' title="bbox 344 4619 1246 4808">
    <p class='ocr_par' dir='ltr' id='par_1_6' title="bbox 344 4619 1246 4808">
     <span class='ocr_line' id='line_1_33' title="bbox 344 4619 1246 4708; baseline 0.012 -28"><span class='ocrx_word' id='word_1_307' title='bbox 344 4619 387 4700; x_wconf 83' lang='lat' dir='ltr'><strong>(a)</strong></span> <span class='ocrx_word' id='word_1_308' title='bbox 409 4620 467 4699; x_wconf 86' lang='lat' dir='ltr'><strong>llp.</strong></span> <span class='ocrx_word' id='word_1_309' title='bbox 482 4621 551 4684; x_wconf 83' lang='lat' dir='ltr'><strong>Joh.</strong></span> <span class='ocrx_word' id='word_1_310' title='bbox 564 4621 602 4682; x_wconf 89' lang='lat' dir='ltr'><strong>de</strong></span> <span class='ocrx_word' id='word_1_311' title='bbox 614 4621 723 4684; x_wconf 84' lang='lat' dir='ltr'><strong>Mussls</strong></span> <span class='ocrx_word' id='word_1_312' title='bbox 733 4621 890 4702; x_wconf 77' lang='lat' dir='ltr'><strong>Beansrie;</strong></span> <span class='ocrx_word' id='word_1_313' title='bbox 904 4626 1101 4688; x_wconf 79' lang='lat' dir='ltr'><strong>vedslmtllter</strong></span> <span class='ocrx_word' id='word_1_314' title='bbox 1118 4625 1246 4708; x_wconf 80' lang='lat' dir='ltr'><strong>Venafri</strong></span> 
     </span>
     <span class='ocr_line' id='line_1_34' title="bbox 346 4723 1067 4808; baseline 0.01 -21"><span class='ocrx_word' id='word_1_315' title='bbox 346 4723 387 4808; x_wconf 82' lang='lat' dir='ltr'><strong>(b)</strong></span> <span class='ocrx_word' id='word_1_316' title='bbox 413 4727 451 4790; x_wconf 92' lang='lat' dir='ltr'><strong>In</strong></span> <span class='ocrx_word' id='word_1_317' title='bbox 466 4727 567 4790; x_wconf 89' lang='lat' dir='ltr'><strong>codlce</strong></span> <span class='ocrx_word' id='word_1_318' title='bbox 580 4735 610 4790; x_wconf 89' lang='lat' dir='ltr'><strong>et</strong></span> <span class='ocrx_word' id='word_1_319' title='bbox 619 4745 668 4808; x_wconf 88' lang='lat' dir='ltr'><strong>ap.</strong></span> <span class='ocrx_word' id='word_1_320' title='bbox 682 4730 752 4792; x_wconf 86' lang='lat' dir='ltr'><strong>Joh.</strong></span> <span class='ocrx_word' id='word_1_321' title='bbox 767 4731 804 4792; x_wconf 89' lang='lat' dir='ltr'><strong>de</strong></span> <span class='ocrx_word' id='word_1_322' title='bbox 817 4733 926 4794; x_wconf 87' lang='lat' dir='ltr'><strong>Mussls</strong></span> <span class='ocrx_word' id='word_1_323' title='bbox 938 4732 1067 4794; x_wconf 80' lang='lat' dir='ltr'><strong>Moririi.</strong></span> 
     </span>
    </p>
   </div>
   <div class='ocr_carea' id='block_1_6' title="bbox 0 0 2306 6080">
    <p class='ocr_par' dir='ltr' id='par_1_7' title="bbox 0 0 2306 6080">
     <span class='ocr_line' id='line_1_35' title="bbox 0 0 2306 6080; baseline 0 0"><span class='ocrx_word' id='word_1_324' title='bbox 0 0 2306 6080; x_wconf 95' lang='lat' dir='ltr'><strong> </strong></span> 
     </span>
    </p>
   </div>
  </div>
 </body>
</html>
