4534 6074
610 597 668 660 lta
1081 601 1321 664 CHRONlCON
1346 604 1397 664 tttt
1420 604 1549 670 assus

607 731 758 824 devicit3
789 733 854 804 luit
882 733 976 806 enim
1009 733 1086 808 dux
1116 737 1165 810 ibi
1194 759 1377 834 percussus
1408 740 1453 814 ds
1479 743 1632 837 quodam
1661 743 1776 840 lapide
1805 748 2022 840 quoddam

607 857 730 930 dentes
744 857 889 930 amissit.
911 861 1104 934 Transactis
1116 883 1201 935 vero
1217 853 1777 946 montibusetnelintisdlfflflnfifl
1798 866 1834 930 ei
1854 857 2018 948 Willis,

606 981 725 1053 nuncii
741 989 776 1054 et
794 980 954 1055 ductores
969 984 1110 1056 Soldani
1134 987 1310 1070 lugierunt
1333 979 1379 1050 ab
1395 1000 1449 1052 eo.
1468 980 1656 1075 Imperator
1673 991 1708 1054 et
1725 981 1802 1055 dux
1826 979 1919 1054 lilius
1944 985 2021 1076 ejus

607 1125 668 1197 per
684 1104 860 1195 quendam
876 1100 1060 1194 planiciem
1076 1121 1137 1196 per
1150 1101 1212 1174 llll
1229 1100 1306 1176 dies
1323 1113 1498 1176 morantes
1514 1126 1583 1176 non
1599 1105 1825 1178 inveniebant
1840 1107 2018 1198 victualia,

607 1225 670 1298 sed
695 1222 922 1297 comedebant
944 1245 1065 1318 equos.
1085 1224 1170 1298 Cum
1194 1233 1309 1298 antem
1337 1235 1489 1318 agrestes
1516 1225 1642 1300 ancbi
1669 1237 1829 1323 putarent
1850 1250 1910 1302 eos
1931 1231 2022 1302 lame

608 1349 793 1440 deiecisse,
811 1369 890 1420 cnm
912 1370 1038 1442 magna
1053 1348 1152 1444 copia
1167 1349 1314 1420 militum
1332 1359 1366 1422 et
1381 1349 1538 1445 pediturn
1553 1350 1601 1424 ad
1616 1350 1746 1424 ballum
1765 1365 2019 1446 processerunt.

607 1474 796 1569 Imperator
809 1493 893 1546 veru
907 1493 986 1546 cum
1000 1493 1126 1568 magna
1140 1473 1267 1548 virtute
1278 1495 1338 1546 eos
1352 1472 1495 1546 devicit.
1511 1475 1567 1546 Ex
1584 1474 1727 1548 Tarchia
1739 1485 1854 1547 numm
1868 1477 2021 1550 maxima

607 1597 792 1670 multitudo
807 1597 979 1688 fugientes
996 1596 1032 1669 in
1046 1595 1223 1692 quandam
1236 1598 1431 1670 clausuram
1444 1597 1664 1670 fortissimam
1679 1599 1908 1690 intraverunt;
1925 1599 2022 1672 unde

608 1721 805 1792 Theotonici
820 1729 961 1814 accepto
978 1721 1057 1814 igne
1073 1729 1108 1792 et
1122 1721 1225 1810 lignis
1240 1721 1495 1794 combuxerunt
1507 1724 1635 1796 multos
1647 1743 1694 1794 ex
1708 1723 1773 1814 eis,
1788 1723 1894 1796 ceteri
1911 1723 2023 1818 lugie-

608 1853 701 1916 runt.
720 1844 836 1916 Altera
855 1843 912 1916 die
924 1843 1125 1916 lleletrinns
1138 1843 1187 1938 (a)
1201 1843 1291 1916 filius
1305 1844 1445 1916 Soldani
1463 1868 1543 1918 cnm
1561 1868 1688 1939 magno
1700 1847 1857 1920 exercitu
1875 1847 2023 1942 impera-

609 1968 672 2042 tori
685 1967 841 2040 obviavit
855 1967 1017 2060 misitque
1032 1966 1077 2040 ad
1090 1989 1171 2038 enm
1183 1966 1303 2040 dicens
1321 1992 1329 2034 :
1350 1969 1578 2060 «Revertere,
1599 1969 1686 2063 quid
1705 1971 1817 2043 iacere
1828 1980 2020 2065 putescum

608 2092 757 2187 amplius
775 2091 922 2164 habeam
945 2091 1072 2162 vexilla
1092 2113 1195 2184 quarn
1215 2100 1252 2163 tu
1266 2091 1416 2164 milites?
1431 2119 1448 2160 a
1463 2091 1548 2164 Cum
1565 2101 1682 2166 antem
1696 2093 1882 2189 imperator
1900 2115 2022 2189 perve-

608 2217 716 2288 nisset
731 2214 777 2288 ed
792 2213 967 2308 quendam
985 2225 1135 2309 pontem,
1156 2213 1282 2286 Turchi
1298 2225 1378 2288 ante
1397 2225 1431 2288 et
1446 2224 1536 2288 retro
1548 2215 1739 2289 exercitium
1757 2239 1860 2291 suum
1877 2219 2023 2290 circum·

608 2339 796 2426 dedernnt3
811 2337 887 2410 dux
905 2358 988 2409 vero
1001 2337 1166 2430 precessit
1189 2339 1427 2430 pugnavitque
1441 2360 1521 2410 cum
1539 2339 1591 2412 eis
1608 2349 1643 2412 et
1664 2337 1793 2413 devicit
1810 2363 1881 2414 eos.
1901 2343 2022 2436 lmpe-

609 2473 702 2535 rator
724 2483 771 2534 en
788 2461 856 2533 alia
882 2467 979 2554 parte
1004 2459 1090 2530 alios
1107 2458 1240 2552 fugavit
1256 2465 1292 2530 et
1306 2467 1445 2552 pontem
1462 2456 1641 2544 transivit3
1660 2455 1800 2530 demum
1818 2457 1971 2528 maxima
1987 2469 2022 2529 et

610 2585 744 2658 infinita
757 2582 1167 2656 multitudoTurchurum
1181 2582 1332 2654 exomni
1348 2592 1445 2676 parte
1461 2579 1657 2654 circumivit
1669 2579 1859 2652 exercitum
1870 2580 2024 2652 christia·

611 2731 751 2800 norum,
781 2708 875 2802 ipsos
900 2705 1057 2802 undique
1082 2705 1139 2780 die
1161 2715 1336 2801 noctuque
1355 2727 1416 2800 per
1434 2715 1503 2778 tras
1522 2703 1737 2778 ebdomadas
1757 2713 2021 2799 expugnantem

611 2832 788 2905 christiani
797 2829 1276 2922 verovictnelibnscarebant,
1285 2850 1393 2923 equos
1400 2827 1618 2902 solummodo
1626 2825 2025 2902 commodanteslostea

611 2957 738 3030 ancbi
752 2956 980 3053 permiserunt
995 2955 1233 3049 imperatorem
1249 2953 1346 3026 abire
1360 2975 1486 3047 aquam
1505 2953 1649 3026 minime
1667 2951 1895 3026 invenientes.
1917 2951 2024 3048 Capto

613 3103 696 3155 vero
707 3081 859 3176 quodam
871 3078 1018 3170 ancho,
1029 3078 1149 3149 minati
1161 3077 1283 3150 suntsi
1293 3086 1472 3172 amputare
1485 3085 1590 3172 capnt
1602 3076 1667 3148 nisi
1679 3097 1806 3170 aquam
1814 3077 2022 3160 ostenderet,

612 3205 674 3300 qni
697 3203 848 3278 ostendit
862 3205 913 3276 eis
931 3223 1059 3296 aquam
1080 3201 1219 3274 salsam.
1235 3201 1351 3274 Altera
1369 3201 1427 3274 die
1443 3200 1627 3296 imperator
1645 3209 1904 3272 castrametatus
1918 3210 1970 3272 est
1989 3201 2025 3270 in

612 3329 764 3402 cardinis
781 3328 890 3400 Conii.
907 3329 1005 3398 Tunc
1020 3325 1191 3398 Soldanus
1211 3325 1305 3398 misit
1321 3325 1516 3420 imperatori
1538 3323 1634 3418 quod
1663 3323 1752 3398 male
1775 3323 1962 3398 intraverat
1989 3325 2026 3396 in

613 3463 720 3526 terras
736 3473 831 3524 suas.
847 3451 1034 3544 lmperator
1051 3458 1166 3522 autem
1192 3449 1225 3522 ei
1242 3448 1392 3522 remissit
1418 3447 1450 3520 ei
1470 3457 1510 3520 nt
1533 3447 1663 3521 diceret
1684 3457 1800 3520 utrum
1822 3447 1924 3520 vellet
1942 3447 2027 3520 dare

613 3578 725 3649 iorum
748 3597 793 3647 an
811 3595 894 3648 non.
911 3572 1098 3668 Respondit
1115 3594 1198 3646 vero
1210 3571 1383 3645 Soldanus
1396 3593 1435 3644 se
1453 3573 1564 3645 iorum
1581 3573 1670 3647 velle
1682 3571 1778 3664 dere,
1797 3571 1860 3646 sed
1874 3572 1920 3644 ita
1934 3572 2027 3644 misit

611 3698 700 3772 illud
712 3719 829 3770 carum
840 3696 889 3795 (b)
900 3696 996 3793 qnod
1005 3695 1179 3768 christiani
1195 3717 1262 3768 non
1276 3705 1434 3792 poterant
1445 3695 1600 3788 sufferre,
1610 3706 1645 3770 et
1657 3705 1978 3792 preparaveruntse
1989 3707 2027 3768 ut

611 3831 810 3919 pugnarent
821 3843 901 3894 cum
912 3819 1074 3894 Soldanc.
1093 3821 1188 3892 Tunc
1201 3819 1595 3915 cpiscopnsllincibnrgi
1610 3819 1809 3894 concionem
1824 3820 1916 3910 iecit,
1933 3821 2027 3916 peni·

612 3945 719 4018 tantis
734 3943 793 4017 die
810 3943 965 4035 veneris,
984 3953 1102 4016 ortans
1116 3965 1178 4017 eos
1196 3943 1243 4016 ad
1266 3943 1394 4016 bellum
1413 3951 1449 4016 ct
1470 3953 1509 4015 ut
1525 3943 1756 4038 penitenciam
1775 3943 1971 4038 acciperent
1993 3953 2029 4015 et

612 4067 831 4142 comederent
842 4089 975 4140 carnes.
991 4066 1124 4140 Armati
1137 4087 1221 4140 vero
1239 4067 1417 4140 christiani
1429 4065 1474 4140 ad
1486 4067 1727 4162 pugnandum,
1742 4065 1922 4140 bleltrinus
1935 4065 2028 4140 tilius

612 4192 753 4266 Soldani
771 4201 860 4266 retro
875 4191 1065 4264 exercitum
1078 4191 1294 4288 imperatoris
1309 4191 1511 4286 occupavit;
1525 4191 1600 4266 dux
1623 4211 1706 4263 vero
1718 4198 1836 4264 contra
1852 4189 2027 4264 civitatem

611 4313 750 4386 Soldani
779 4313 950 4410 pugnavit
974 4323 1008 4386 et
1035 4335 1162 4407 magna
1185 4313 1224 4386 vi
1253 4335 1333 4386 enm
1352 4311 1497 4385 Turcbis
1519 4311 1693 4386 civitatem
1716 4311 1873 4386 introivit
1896 4323 1930 4387 et
1956 4315 2029 4387 lare

653 4589 696 4671 (a)
718 4593 754 4653 ln
766 4591 868 4654 codtcc
880 4591 975 4653 Perta.
992 4588 1177 4653 Menestam.

653 4697 695 4779 (ὗ)
715 4701 752 4762 1¹¹
764 4699 983 4780 wdloesorcm,
996 4701 1077 4780 qnod
1090 4717 1129 4762 ex
1142 4697 1210 4762 cod.
1225 4699 1322 4762 Parta.
1337 4696 1521 4776 corrigimus.
