4534 6074
586 627 645 692 lta
1058 639 1297 702 cfluoatcolt
1321 641 1373 702 ΒΕ
1398 641 1524 706 REBUS

731 769 859 844 Lucius
874 783 926 846 ast
941 775 1095 870 piscisat
1108 799 1171 851 rex
1185 788 1355 874 tyrannus
1372 799 1560 873 aquarum,

779 897 810 966 ll
826 917 897 990 quo
914 895 1091 973 discordat
1102 901 1229 974 Lucius
1244 901 1309 972 ista
1322 923 1458 989 parum·

631 1013 751 1088 Postea
779 1017 844 1089 ivit
869 1021 1078 1109 vicentiam,
1110 1017 1324 1109 Trivixium,
1349 1016 1522 1108 Paduam,
1553 1025 1671 1111 postea
1696 1039 1858 1093 reversus
1886 1030 1938 1094 ast
1962 1022 1997 1094 in

581 1139 773 1229 Veronam,
805 1139 947 1212 demum
976 1141 1041 1214 ivit
1068 1141 1239 1231 Brixiam,
1266 1149 1384 1236 postea
1414 1141 1638 1234 Pergamum,
1658 1141 1799 1216 damnm
1819 1144 1994 1236 undam,

581 1271 699 1357 postea
717 1261 926 1336 Placentiam
943 1273 979 1337 at
993 1265 1134 1361 Papiam
1156 1275 1191 1337 et
1207 1263 1458 1356 Mediolanum,
1479 1273 1515 1338 at
1532 1265 1674 1338 collecto
1691 1287 1818 1361 magno
1840 1269 1995 1342 exercitu

581 1393 616 1458 at
628 1405 707 1456 cum
725 1394 864 1457 cantum
882 1387 1050 1460 militibus
1073 1387 1390 1462 Mediolanensibus
1413 1399 1448 1460 at
1470 1387 1647 1484 peditibus
1669 1399 1705 1462 et
1720 1391 1874 1483 commo,
1894 1403 1930 1464 et
1947 1393 1998 1466 CC

577 1493 749 1582 militibus
770 1509 975 1583 Placentinis
990 1521 1026 1584 et
1051 1533 1130 1584 cum
1148 1521 1245 1606 parta
1262 1511 1542 1604 Pergamansium
1564 1521 1599 1586 at
1615 1513 1848 1588 brixiensium
1866 1527 1996 1590 etcum

581 1637 704 1730 paucis
719 1636 888 1708 militibus
905 1637 1058 1723 Verona,
1082 1635 1237 1708 Terdona
1251 1645 1285 1709 et
1305 1636 1447 1727 Parma,
1467 1637 1564 1731 liegii
1577 1649 1611 1711 et
1630 1638 1782 1732 Mutine,
1802 1642 1996 1715 Bononien-

579 1759 670 1830 siom
695 1771 730 1832 et
757 1759 898 1850 Ymola,
930 1759 1111 1848 Faventia,
1140 1758 1369 1850 Alexandria,
1389 1761 1561 1852 Novaria,
1585 1762 1755 1856 equitavit
1772 1763 1819 1837 ad
1840 1763 1996 1837 Cremam

580 1881 785 1971 lavandam,
810 1881 1010 1976 possuitque
1034 1881 1231 1954 Cremascos
1264 1884 1358 1954 intus
1388 1883 1501 1954 locum
1526 1883 1671 1977 Creme,
1694 1887 1743 1958 M.
1768 1885 1993 1978 CLXXXV,

578 2004 639 2079 dia
652 2005 769 2078 martis
781 2007 840 2079 Vll
856 2005 983 2078 mensis
996 2005 1121 2096 madii,
1140 2013 1175 2078 et
1186 2003 1424 2079 rabedificavit
1442 2006 1539 2078 illnm
1558 2009 1689 2099 locnm;
1709 2008 1874 2105 adquam
1898 2010 1997 2085 rebe·

578 2127 810 2204 dilicationem
837 2131 937 2201 multi
962 2129 1080 2202 rustici
1104 2130 1275 2203 Placentia
1299 2139 1334 2202 at
1354 2129 1540 2203 Mediolani
1565 2143 1804 2225 perrexerunt.
1823 2133 1904 2208 Post
1930 2133 1997 2210 bac

578 2253 671 2327 circa
686 2254 853 2328 kalendas
875 2254 955 2347 julii
970 2253 1137 2348 proximi,
1154 2253 1338 2348 imperator
1353 2253 1524 2348 equitavit
1547 2253 1595 2328 ad
1616 2255 1857 2352 accipiendam
1876 2257 1997 2332 domi-

577 2397 659 2450 nam
678 2376 912 2450 Constanciam
928 2376 1034 2447 liliam
1047 2377 1140 2466 regis
1152 2377 1289 2468 Rogerii
1303 2376 1430 2470 Apulia
1447 2378 1484 2446 in
1501 2401 1629 2447 numm
1647 2389 1682 2448 et
1697 2401 1841 2450 uxorem
1856 2383 1995 2456 Henrioi

577 2499 639 2573 blii
656 2501 712 2573 sui
728 2511 763 2572 et
775 2500 899 2572 babuit
917 2521 978 2594 pro
991 2499 1072 2570 dote
1093 2500 1219 2570 multos
1239 2519 1348 2591 equos
1361 2495 1547 2570 honoratos
1564 2497 1641 2570 anri
1663 2506 1699 2570 et
1715 2497 1848 2592 argenti
1868 2507 1903 2570 et
1916 2520 1997 2594 pre·

577 2623 749 2698 ciosarom
763 2645 893 2697 rarum.
911 2623 988 2707 Qua
1001 2621 1142 2694 domina
1153 2621 1353 2694 Constancia
1370 2619 1427 2694 die
1442 2622 1578 2694 veneris
1593 2621 1656 2695 XV
1667 2621 1835 2695 kalendas
1852 2643 1997 2695 novam·

577 2747 651 2820 bris
670 2747 818 2842 proximi
837 2747 979 2818 intravit
996 2746 1155 2842 Papiam,
1175 2753 1210 2817 et
1225 2743 1284 2818 dia
1300 2744 1382 2816 lona
1396 2745 1440 2816 Vl
1457 2743 1626 2818 kalendas
1644 2744 1808 2817 febroarii
1825 2767 1888 2819 rex
1904 2745 1997 2820 Hen-

577 2873 671 2946 ricns
707 2894 784 2946 eam
819 2873 855 2944 in
892 2871 1016 2944 eadam
1048 2870 1187 2943 civitate
1219 2869 1462 2963 desponsavit,
1491 2871 1709 2965 presentibus
1738 2870 1991 2960 cardinalibus,

577 2995 742 3090 episcopo
759 2993 930 3067 Mostiensi
947 3003 982 3066 et
994 2991 1138 3066 domino
1153 2991 1312 3083 Suiredo,
1331 2991 1378 3064 ad
1395 2990 1461 3064 boc
1479 2991 1646 3085 delegatis
1664 3013 1685 3066 a
1700 2991 1843 3064 domino
1858 2991 1996 3066 Urbano

578 3141 690 3215 papa,
711 3119 772 3214 qui
792 3138 903 3214 nuper
923 3125 1135 3189 successerat
1150 3115 1257 3186 Lucio
1275 3135 1364 3210 pape
1378 3115 1488 3187 felicis
1504 3115 1688 3207 memorie,
1710 3125 1744 3188 at
1762 3125 1847 3210 aput
1861 3113 1996 3190 Medio-

577 3243 697 3318 lanum
711 3243 883 3314 maximas
901 3239 1040 3334 nuptias
1058 3239 1257 3312 celebravit.

627 3367 675 3440 M.
692 3367 730 3439 C.
747 3366 935 3457 LXXXVI,
963 3365 1072 3458 prima
1097 3363 1293 3437 ebdomada
1320 3361 1451 3452 madii,
1479 3363 1663 3459 imperator
1688 3361 1891 3436 Fredericus
1914 3383 1994 3434 cum

578 3493 713 3565 carocio
729 3489 916 3563 Mediolani
934 3495 970 3560 et
982 3487 1246 3578 Alexandrinis,
1268 3485 1528 3577 Laudanaibus,
1544 3485 1759 3559 Cremasobis
1776 3495 1812 3558 et
1830 3485 1880 3558 CC
1901 3481 1997 3557 mili·

578 3615 672 3687 tibus
696 3613 903 3687 Placentinis
929 3620 965 3684 et
988 3611 1108 3708 paucis
1135 3611 1304 3684 militibus
1328 3611 1502 3701 Bononie,
1529 3609 1681 3696 Mutine,
1704 3609 1824 3701 Regii,
1850 3609 1993 3699 Parme,

577 3739 825 3828 VerceMarum,
851 3735 1025 3826 Terdone,
1047 3735 1216 3828 equitavit
1238 3735 1275 3807 in
1302 3735 1501 3809 comitatum
1523 3734 1690 3806 Cremona
1707 3741 1742 3806 et
1768 3733 1859 3806 circa
1876 3734 1997 3806 Sono-

578 3864 696 3936 cinum
712 3862 827 3936 omnia
843 3859 1060 3951 devastavit;
1079 3857 1209 3932 deinde
1226 3859 1384 3955 parvenit
1402 3857 1448 3932 ad
1470 3857 1626 3930 Castrum
1647 3855 1865 3930 Maniradum
1889 3857 1994 3930 situm

578 4009 648 4061 non
666 3987 813 4059 multum
827 3986 931 4076 longe
948 4007 969 4058 a
986 3983 1117 4072 Crema,
1135 3991 1170 4055 at
1184 3983 1320 4056 obsedit
1335 3982 1420 4056 illud
1439 3991 1474 4056 et
1490 3981 1663 4055 destruxit
1682 4001 1751 4054 non
1771 3980 1829 4072 vi,
1849 3979 1913 4054 sed
1934 4003 1997 4076 per

579 4111 797 4186 concordiam
814 4129 921 4205 quam
938 4108 1019 4180 lecit
1042 4127 1123 4180 cum
1147 4105 1448 4180 Cremonensibus.
1468 4105 1599 4179 llodam
1618 4125 1710 4177 anno
1733 4124 1797 4178 rex
1824 4104 1996 4176 Mauricus

579 4235 662 4310 lacit
687 4236 936 4331 parlamentum
964 4239 1048 4326 aput
1073 4229 1223 4322 burgum
1249 4229 1365 4300 Sancti
1388 4226 1576 4321 Dompnini
1599 4247 1679 4296 oum
1704 4223 1928 4308 Lombardis,
1956 4225 1995 4290 in

578 4381 650 4457 quo
662 4359 874 4455 parlamento
888 4354 1134 4428 Cremonenses
1152 4361 1187 4424 et
1198 4351 1400 4424 Parmensas
1414 4369 1493 4422 com
1508 4343 1716 4420 Placentinis
1730 4341 1881 4439 prelium
1895 4362 1995 4414 com-

578 4483 758 4558 miserunt.
779 4483 822 4554 lit
837 4478 920 4553 inde
938 4499 1001 4550 rex
1025 4486 1139 4548 motus
1155 4495 1234 4546 oum
1249 4495 1375 4567 magno
1394 4471 1549 4545 exercitu
1570 4491 1692 4542 versus
1705 4463 1995 4560 Romam'prope-

578 4607 670 4682 ravit
684 4609 720 4679 in
737 4603 958 4702 Campaniam
973 4621 1037 4698 pro
1055 4596 1231 4673 discordia
1245 4618 1350 4692 quam
1367 4619 1448 4670 cum
1461 4595 1603 4670 domino
1621 4611 1712 4690 papa
1727 4587 1862 4664 Urbano
1881 4586 1996 4659 babe-

579 4733 657 4822 bat,
678 4730 798 4826 ibique
811 4727 920 4801 multa
934 4727 1010 4800 loca
1026 4723 1119 4820 cepit
1134 4730 1168 4796 et
1179 4720 1363 4795 destruxit.
