4554 6080
576 657 636 718 aro
1059 647 1301 709 cunonrcou
1325 649 1379 710 on
1394 620 1529 711 'nunus

576 791 824 865 Cremonenses
846 783 1021 858 intrinseci
1049 791 1085 856 et
1105 783 1264 856 homines
1284 783 1485 858 Mediolani.
1512 783 1612 858 Unde
1635 807 1716 858 cum
1740 787 1895 864 redirent
1920 815 2000 866 cnm

575 913 698 1010 preda,
717 911 842 983 milites
858 909 1025 982 Cremone
1044 906 1213 1002 impetum
1235 907 1393 980 iecerunt
1412 909 1449 980 in
1467 909 1580 1004 ipsos3
1603 909 1666 1003 qui
1688 913 1887 988 laudenses
1916 917 2001 990 viri-

576 1037 655 1110 liter
669 1033 849 1132 preliando
863 1055 943 1105 cum
958 1032 1010 1106 eis
1023 1040 1212 1104 evaserunt
1229 1031 1275 1103 ab
1293 1032 1344 1103 eis
1357 1053 1438 1104 cum
1456 1031 1579 1128 preda,
1601 1033 1712 1106 tribus
1729 1057 1775 1108 ex
1788 1037 1873 1132 ipsis
1890 1041 2002 1135 captis

577 1161 667 1233 inter
687 1179 778 1254 quos
798 1165 871 1232 erat
895 1178 987 1228 unus
1009 1153 1100 1226 tilius
1118 1155 1284 1228 naturalis
1303 1153 1437 1228 domini
1460 1155 1570 1229 Bossii
1588 1179 1693 1251 quem
1715 1159 1830 1233 statim
1855 1163 1890 1232 in
1911 1165 2001 1236 civi·

577 1293 647 1358 tate
660 1284 827 1356 Cremona
844 1281 1145 1377 decapitaverunt,
1168 1289 1203 1353 et
1219 1301 1300 1352 cum
1315 1279 1399 1352 dicti
1414 1282 1647 1355 cavalcatores
1661 1305 1742 1356 oum
1761 1285 1870 1381 preda
1886 1299 2003 1362 essent

577 1411 614 1482 in
629 1409 787 1506 partibus
800 1406 1000 1480 monasterii
1016 1405 1061 1478 de
1080 1405 1235 1497 Cerreta,
1257 1405 1324 1478 sibi
1338 1405 1570 1480 obviaverunt
1588 1407 1790 1482 Guillelmus
1807 1413 2002 1488 Lanbertus

578 1543 612 1608 et
630 1535 863 1607 calvacatores
882 1529 1069 1604 Mediolani
1093 1551 1174 1602 cum
1197 1529 1344 1602 trumbis
1368 1539 1403 1602 et
1425 1529 1572 1623 insignis
1596 1535 1792 1607 eommunis
1814 1533 2003 1610 Mediolani

578 1665 613 1730 et
634 1657 803 1752 impetum
829 1655 983 1726 lecerunt
997 1653 1033 1724 in
1059 1653 1170 1747 ipsos,
1194 1661 1230 1725 et
1250 1653 1340 1724 iacto
1361 1653 1517 1725 maximo
1538 1653 1648 1749 prelio
1670 1656 1770 1728 multi
1789 1677 1836 1729 ex
1855 1668 2005 1755 utraque

578 1789 677 1878 parta
696 1777 877 1876 prostracti
900 1777 1041 1849 luerunt
1059 1797 1105 1850 ex
1131 1777 1253 1872 equis,
1276 1785 1311 1848 et
1333 1775 1451 1872 plures
1474 1797 1521 1850 ex
1542 1786 1641 1873 parte
1656 1777 1892 1854 Laudensium
1911 1783 2005 1858 eirea

577 1904 702 1978 XXllll
714 1903 820 1998 capti,
841 1901 928 1973 viles
942 1909 1057 1972 tamen
1077 1921 1226 1996 persone
1239 1898 1302 1996 (a),
1319 1908 1353 1972 et
1367 1901 1467 1973 multi
1478 1901 1561 1995 equi
1574 1903 1684 1998 capti,
1703 1903 1835 1978 scilicet
1852 1909 2004 1980 etmulti

578 2052 626 2103 ex
645 2025 982 2116 Mediolanensibus,
1008 2025 1106 2097 multi
1122 2047 1170 2097 ex
1190 2025 1404 2098 Cremaschis
1426 2025 1632 2098 extrinsecis
1651 2028 1823 2100 vulnerati
1845 2029 1893 2102 ad
1909 2053 2004 2104 mor-

580 2161 668 2244 tem;
688 2151 737 2223 illi
753 2171 837 2224 vero
857 2149 903 2222 de
917 2157 1014 2244 parte
1029 2149 1265 2223 laudensium
1289 2149 1416 2222 multos
1438 2169 1547 2244 equos
1564 2150 1687 2225 lucrati
1705 2161 1808 2242 sunt,
1836 2153 1882 2226 ita
1905 2157 2004 2249 quod

577 2297 701 2374 parum
721 2274 864 2370 dampni
881 2272 1088 2346 habuerunt.
1108 2271 1241 2347 Eodem
1260 2283 1414 2370 tempore
1432 2295 1511 2346 cum
1529 2295 1592 2369 per
1612 2276 1823 2349 sentenciam
1837 2299 2005 2375 compro-

578 2401 675 2472 missi
696 2399 776 2470 lecti
803 2399 839 2470 in
864 2399 1093 2491 Napolionum
1120 2396 1165 2470 de
1185 2397 1312 2470 Lature
1337 2419 1402 2492 per
1425 2397 1684 2472 Gambazoohos
1704 2410 1739 2471 et
1757 2401 1934 2476 Bennonos
1957 2403 2005 2477 de

579 2524 717 2612 Crema,
739 2523 806 2618 ipsi
825 2521 1033 2594 Gambazoni
1057 2522 1191 2594 scilicet
1211 2531 1393 2615 magnates
1419 2543 1500 2593 cum
1522 2531 1619 2617 parte
1643 2523 1719 2619 ipsa
1741 2525 1801 2619 qui
1825 2537 1925 2600 extra
1949 2551 2006 2601 re·

579 2657 775 2721 manserant
795 2645 961 2720 deberent
977 2645 1106 2719 reverti
1120 2649 1157 2716 in
1174 2645 1334 2718 Cremam
1348 2645 1385 2716 in
1397 2644 1554 2718 kalendis
1568 2647 1687 2718 marcii
1703 2649 1870 2742 proximi,
1888 2659 2006 2746 partes

579 2775 732 2850 Benzoni
750 2795 834 2848 vero
852 2782 886 2846 et
905 2796 986 2869 pars
1005 2795 1127 2846 eorum
1141 2773 1300 2847 videntes
1317 2772 1457 2846 fraudes
1473 2775 1600 2846 multas
1620 2775 1728 2846 lactas
1746 2775 1783 2846 in
1798 2776 2007 2852 lombardia

580 2921 643 2996 per
660 2901 736 2972 illos
758 2898 821 2994 qui
839 2919 877 2969 se
900 2898 1072 2993 appellant
1097 2907 1132 2970 et
1152 2897 1274 2970 dicunt
1297 2906 1429 2993 partem
1452 2897 1608 2971 Ecclesia
1626 2899 1688 2993 qui
1711 2899 1748 2971 in
1769 2901 1912 2976 veritate
1933 2925 2004 2976 non

581 3033 683 3117 sunt,
705 3023 768 3096 sed
781 3025 952 3095 fauctores
970 3030 1005 3093 et
1025 3021 1194 3117 allumpni
1214 3022 1326 3095 omnis
1347 3021 1497 3115 heresis,
1519 3025 1674 3097 lecerunt
1695 3024 1869 3098 maximas
1889 3027 2005 3100 conti-

582 3149 724 3222 nencias
738 3158 772 3220 et
788 3147 979 3219 asmencias
990 3145 1067 3241 (sic)
1084 3167 1122 3218 se
1138 3145 1362 3219 deffendendi
1376 3155 1410 3219 et
1429 3147 1680 3221 manutenendi
1697 3147 1742 3222 ab
1758 3149 1825 3221 illis
1840 3151 1885 3224 de
1899 3149 2002 3222 Gam-

581 3271 722 3344 bazonis
737 3269 886 3343 inimicis
902 3270 976 3342 suis
992 3269 1054 3364 qui
1071 3271 1197 3342 multas
1211 3271 1321 3342 minas
1336 3277 1371 3340 ct
1384 3271 1492 3341 multa
1509 3272 1602 3344 mala
1616 3271 1726 3345 verba
1742 3281 1860 3345 contra
1875 3275 2004 3347 Benzo-

581 3416 644 3468 nos
663 3395 825 3467 dicebant
842 3403 877 3465 et
893 3393 1140 3489 operabantur.
1157 3391 1225 3476 Qui
1246 3391 1463 3466 Ganbazochi
1484 3391 1645 3467 videntes
1665 3395 1900 3469 continencias
1915 3417 2004 3492 quas

581 3519 753 3590 faciebant
772 3517 945 3609 Benzoni,
966 3516 1094 3589 intrare
1113 3517 1300 3589 noluerunt
1319 3516 1474 3589 Cremam
1484 3569 1495 3608 ,
1512 3537 1636 3589 verum
1651 3519 1761 3591 eciam
1778 3519 1827 3590 illi
1845 3519 1891 3591 de
1905 3529 2004 3616 parte

580 3643 736 3737 ipsorum
749 3641 809 3736 qui
821 3644 894 3734 jam
909 3639 1122 3712 intraverant
1135 3661 1197 3734 per
1211 3640 1327 3734 plures
1342 3661 1452 3712 annos
1466 3639 1511 3712 de
1520 3640 1642 3713 Creme
1655 3643 1854 3714 exiverunt.
1868 3641 2003 3715 Eodem

581 3775 736 3862 tempore
758 3765 861 3860 paulo
886 3774 966 3836 ante
989 3765 1102 3861 primo
1129 3765 1258 3836 mensis
1277 3765 1396 3836 marcii
1411 3763 1584 3837 iohannes
1606 3765 1839 3839 Pallastrellus
1862 3767 1909 3840 de
1926 3765 2004 3840 Plu-

581 3889 695 3962 centia
713 3889 776 3984 qui
792 3896 867 3960 erat
883 3896 1035 3983 potestas
1048 3887 1235 3961 Mediolani
1257 3887 1376 3961 habito
1396 3896 1542 3960 tractatu
1557 3909 1635 3960 cum
1656 3889 1833 3983 aliquibus
1854 3889 2003 3962 civitatis

580 4011 699 4086 Laude
712 4013 759 4085 ad
775 4012 868 4084 diem
887 4012 1057 4085 ethoram
1074 4011 1285 4085 antedictam
1301 4009 1350 4106 (b)
1369 4033 1450 4084 cum
1467 4011 1594 4084 milicia
1611 4020 1646 4084 et
1664 4013 1794 4108 populo
1812 4011 2002 4086 Mediolani

503 4201 505 4206 .
580 4139 646 4212 fuit
659 4139 694 4208 in
709 4136 841 4209 creohis
859 4133 1011 4208 civitatis
1025 4135 1156 4228 Laude,
1174 4145 1209 4209 et
1226 4135 1352 4208 milites
1366 4135 1516 4208 civitatis
1529 4135 1694 4208 Cremona
1709 4147 1744 4208 et
1760 4136 1910 4209 civitatis
1924 4137 2003 4211 Pla·

523 4275 528 4286 '
581 4263 691 4335 centie
711 4260 887 4349 similiter,
901 4268 936 4331 et
952 4259 1155 4333 Franciscus
1175 4259 1220 4332 de
1237 4260 1364 4331 Lature
1384 4280 1464 4331 cum
1481 4258 1722 4333 Brixiensibus
1735 4260 1938 4333 extrinsecis
1956 4261 2003 4333 si·

580 4385 705 4457 militer
726 4384 893 4456 deversus
918 4381 1073 4455 Cremam
1103 4384 1216 4472 venit,
1246 4392 1408 4477 putantes
1435 4382 1572 4477 ingredi
1602 4383 1778 4456 civitatem
1804 4383 1923 4458 Laude
1955 4405 2002 4457 ex

580 4517 725 4582 tractatu
741 4507 951 4602 aliquorum.
972 4509 1217 4581 Verumtamen
1233 4505 1433 4580 Laudenses
1448 4506 1626 4578 intrinseci
1645 4505 1775 4602 previsi
1795 4504 1885 4579 bene
1903 4517 2004 4579 erant

622 4672 663 4754 (a)
685 4673 722 4734 ln
734 4672 835 4733 codlce
842 4670 950 4752 percle,
962 4671 1063 4732 addito
1074 4669 1241 4748 compendit
1255 4671 1340 4748 signo
1353 4670 1477 4748 quodue
1491 4669 1660 4749 significare
1673 4669 1756 4730 solet.

621 4777 660 4860 (t)
680 4781 716 4841 ln
736 4779 836 4840 codtce
848 4783 918 4840 ante
931 4775 1016 4839 dem.
