4594 6066
583 632 645 698 208
1056 628 1298 692 cllltoulcort
1324 633 1377 692 DE
1401 631 1530 693 Rebus

583 779 669 860 tem,
700 777 844 840 mortem
877 765 1092 861 imperatoris
1121 773 1156 838 et
1184 766 1276 860 regis
1307 765 1426 856 Encii,
1457 765 1658 862 pollicentes
1686 769 1753 864 ipsi
1783 765 1936 842 Tebaldo
1966 790 2004 842 se

581 913 729 987 regnum
761 890 897 963 Scicilie
928 911 990 984 per
1022 887 1203 962 dominum
1233 911 1361 985 papam
1395 909 1637 982 comessurus,
1664 900 1842 986 sperantes
1876 890 2003 966 babere

582 1038 745 1111 maguam
761 1015 926 1088 virtutem
945 1021 980 1086 et
1006 1021 1210 1108 potestatem
1226 1035 1249 1085 a
1267 1012 1407 1086 domino
1421 1034 1531 1108 papa,
1550 1034 1661 1106 quum
1683 1014 1757 1108 ipse
1770 1014 2002 1089 Beruardinus

581 1137 729 1213 llolaudi
760 1137 871 1210 Rubei
900 1145 975 1208 erat
1004 1145 1176 1229 cognatus
1204 1134 1337 1209 domiui
1358 1157 1458 1231 pape.
1472 1134 1607 1209 Deinde
1630 1157 1693 1209 rex
1720 1135 1899 1210 destruere
1925 1139 2003 1212 lecit

582 1272 695 1336 turres
711 1270 747 1334 et
764 1261 886 1334 domos
901 1260 1040 1332 illorum
1057 1259 1103 1332 de
1123 1259 1248 1332 Parma
1273 1259 1336 1354 qui
1361 1259 1646 1351 absentaverant,
1664 1259 1805 1332 mittens
1833 1258 1880 1332 de
1907 1269 2003 1356 parte

582 1385 720 1457 illorum
735 1384 795 1455 LX
810 1383 936 1455 milites
953 1383 990 1452 in
1013 1380 1207 1454 custodiam
1222 1382 1426 1454 Cremonam
1440 1391 1476 1454 et
1490 1381 1650 1475 Regium.
1667 1382 1830 1456 Similiter
1846 1405 1894 1456 ex
1908 1393 2003 1478 parte

581 1509 808 1581 llobertorum
827 1516 862 1580 et
880 1507 1017 1580 illorum
1036 1505 1081 1578 de
1096 1505 1274 1598 Fugianno
1293 1505 1442 1578 civitatis
1457 1505 1556 1598 Regii
1577 1503 1744 1578 invadere
1767 1503 1819 1600 (a)
1841 1506 2002 1602 usquein

581 1629 647 1706 XX
673 1633 800 1704 milites
827 1632 863 1703 in
888 1629 1051 1726 Apuliam
1077 1627 1224 1722 direxit,
1254 1627 1397 1702 diruens
1427 1627 1549 1703 domos
1574 1629 1762 1703 multorum
1791 1639 1827 1703 et
1855 1631 2003 1705 civitatis

581 1755 677 1828 illius
699 1757 907 1849 aufugerant
924 1751 985 1849 (b).
1609 1807 1611 1810 .

631 1879 680 1953 M.
704 1879 768 1951 CC.
792 1878 913 1970 XLVI,
941 1875 1130 1949 indictione
1162 1874 1242 1969 llll,
1264 1873 1309 1948 de
1336 1895 1455 1948 mense
1481 1873 1606 1968 madii,
1622 1873 1801 1949 Conradus
1833 1884 1869 1949 et
1898 1877 2004 1972 epizo

581 2001 769 2095 Malaspine
787 1994 1033 2098 marchio[nes]
1052 1997 1248 2092 imperatori
1274 1997 1530 2072 rebellaverunt
1555 1997 1768 2092 paciscentes
1792 2019 1874 2071 cum
1902 1999 2002 2072 Lorn-

582 2123 723 2214 bardis;
750 2145 864 2196 comas
884 2122 1132 2195 mercatoribus
1156 2122 1192 2192 in
1218 2120 1354 2192 camino
1383 2121 1611 2194 abstulerunt.
1630 2121 1763 2194 Eodem
1787 2142 1924 2212 mense,
1941 2123 2004 2196 Pa·

582 2250 722 2345 pienses
739 2270 820 2321 cum
835 2245 1077 2322 Laudeusibus
1097 2254 1196 2318 nocte
1218 2245 1380 2340 privatim
1398 2243 1597 2318 habuerunt
1615 2253 1766 2317 castrum
1781 2245 1900 2318 Pontis
1915 2246 2002 2319 Novi

583 2371 629 2446 de
653 2371 749 2446 Pado
779 2371 876 2467 quod
904 2369 1179 2443 Mediolanenses
1197 2369 1361 2442 tenebant
1387 2369 1556 2443 deversus
1574 2390 1651 2461 eos;
1676 2369 1793 2440 statim
1816 2369 2003 2443 Placentini

584 2505 694 2570 totum
716 2506 857 2590 pontem
885 2493 1133 2567 destruxerunt
1156 2513 1270 2587 usque
1288 2492 1323 2564 in
1343 2490 1522 2564 castellum
1540 2512 1674 2564 eorum.
1692 2491 1826 2566 Eodem
1850 2501 2003 2588 ternpore

583 2619 753 2692 Heuricus
773 2615 1007 2712 lantegravius
1024 2613 1070 2711 (c)
1092 2614 1314 2709 Dureugbea
1332 2613 1474 2689 domino
1495 2615 1693 2688 Innocentio
1718 2636 1808 2712 papa
1825 2617 1861 2687 in
1886 2637 2002 2710 regem

582 2743 815 2815 Romanorum
833 2749 886 2812 est
901 2749 1060 2813 vocatus.
1086 2740 1124 2811 ln
1154 2737 1314 2833 proximo
1343 2758 1463 2810 mense
1485 2737 1598 2830 junii,
1617 2759 1683 2810 rex
1696 2739 2004 2834 Henciusoougm-

583 2865 672 2958 gatis
694 2864 862 2937 militibus
889 2872 924 2936 et
952 2861 1130 2958 peditibus
1148 2863 1287 2954 Parme,
1308 2860 1492 2953 Cremona,
1513 2860 1681 2934 militibus
1702 2882 1843 2959 quoqne
1859 2862 2004 2936 Theolo-

583 2988 672 3061 uicis
688 2997 723 3061 et
739 2989 863 3060 Tuscis
887 3007 969 3058 cum
994 2985 1137 3058 carociis
1153 2984 1274 3057 Parme
1296 2993 1331 3056 et
1354 2982 1520 3057 Cremoue
1547 2984 1688 3057 intravit
1711 2983 1746 3055 in
1769 2986 2003 3081 episcopatum

584 3109 757 3184 Placentie
772 3119 807 3182 et
822 3131 887 3183 sua
905 3118 1015 3182 castra
1044 3107 1160 3204 posuit
1183 3107 1277 3180 intus
1299 3107 1490 3179 Pantanum
1509 3107 1546 3177 in
1568 3107 1644 3202 ripa
1664 3105 1762 3179 Padi.
1779 3108 1903 3180 Statim
1923 3109 2004 3184 Pla-

584 3235 712 3307 centini
729 3213 795 3307 boo
812 3235 887 3308 viso
908 3233 1078 3304 miserunt
1098 3231 1223 3302 milites
1236 3238 1271 3301 et
1285 3228 1419 3324 pedites
1439 3229 1588 3301 duarum
1606 3237 1783 3324 portarum
1798 3241 1835 3304 et
1852 3231 1904 3304 CL
1928 3233 2002 3305 bal·

584 3358 698 3432 listros
717 3359 846 3446 Janue3
867 3355 1034 3430 timebant
1055 3355 1149 3427 enim
1171 3352 1359 3426 Placentini
1388 3372 1433 3425 ne
1460 3373 1525 3424 mx
1544 3373 1626 3424 curn
1650 3353 1805 3426 exercitu
1827 3353 2003 3428 Fesustam

541 3537 549 3552 .
584 3484 756 3573 transiret,
769 3491 804 3555 et
820 3481 919 3555 lactis
939 3479 976 3551 in
989 3479 1081 3552 buca
1095 3477 1255 3550 Fassuste
1267 3473 1345 3572 (sic)
1364 3474 1614 3547 munitionibus
1634 3472 1641 3572 Ι
1662 3476 1860 3550 restiterunt
1872 3476 2004 3552 ibidem

587 3607 757 3682 exercitui
783 3606 887 3700 regis.
902 3605 979 3676 ilex
1003 3623 1087 3674 vero
1111 3607 1237 3695 quarta
1259 3599 1318 3671 die
1342 3607 1526 3694 postquam
1549 3596 1681 3672 ibidem
1697 3620 1762 3674 sua
1779 3608 1890 3674 castra
1908 3599 2002 3694 fixit,

586 3733 668 3806 lecit
685 3729 758 3802 fieri
779 3737 917 3824 pontem
932 3724 1075 3797 navium
1095 3744 1202 3820 snpra
1216 3719 1350 3794 Padum
1364 3721 1525 3816 stetitque
1543 3720 1674 3794 ibidem
1688 3743 1751 3817 per
1765 3722 1827 3794 Xll
1846 3722 1923 3797 dies
1943 3725 2005 3799 de-

589 3851 771 3938 vastando.
789 3851 924 3922 Interea
950 3847 1134 3943 Papienses
1160 3866 1240 3918 cum
1271 3841 1553 3917 Terdoneusibus
1583 3853 1619 3916 et
1647 3842 2005 3920 Alexandrinensibus

511 3949 513 3954 s
588 3998 668 4050 oum
686 3973 838 4046 bricollis
856 3971 948 4044 circa
961 3977 1114 4041 castrum
1129 3968 1259 4063 Olupre
1274 3987 1335 4063 per
1346 3967 1392 4040 v1
1406 3965 1480 4039 dies
1495 3975 1663 4040 steterunt
1680 3987 1747 4040 uec
1763 3969 1851 4042 illud
1871 3969 2006 4044 habue-

587 4107 681 4174 runt.
703 4094 837 4170 Deinde
859 4115 923 4166 rex
947 4099 1059 4166 castra
1085 4091 1233 4164 mutavit
1253 4090 1347 4164 intus
1362 4089 1542 4185 Regellum
1564 4089 1801 4165 comburendo
1823 4093 2005 4189 usquead

588 4223 781 4312 civitatem,
798 4215 927 4294 deinde
953 4223 1213 4288 castrametatus
1238 4223 1291 4286 est
1317 4212 1536 4310 inpartibus
1564 4214 1679 4286 Sancti
1705 4215 1804 4287 Pauli
1831 4227 1867 4289 et
1889 4219 2006 4293 Sancti

587 4346 742 4442 Gregorii
765 4352 799 4417 et
821 4341 1024 4415 Trabaciani
1051 4347 1087 4413 et
1112 4337 1219 4412 Castri
1247 4335 1410 4433 Arquarti
1439 4335 1660 4413 devastantes
1667 4365 1679 4432 3
1705 4337 1895 4414 Placentini
1921 4363 2005 4417 vero

595 4516 598 4522 '
630 4521 672 4602 (a)
694 4521 792 4582 Locus
807 4517 970 4580 utvldetur
983 4515 1118 4578 mutilus.

595 4641 598 4646 “
629 4626 671 4708 (t)
691 4627 789 4688 Locus
802 4625 898 4685 denuo
911 4621 1045 4685 mutilus.
1184 4639 1188 4644 ·

629 4733 666 4814 (c)
692 4727 1040 4810 Iucodlcodatiprotos.
