4554 6080
606 645 667 707 338
1083 646 1323 708 canonicor]
1346 649 1399 708 llll
1424 645 1552 709 REBUS

605 779 678 853 litie
688 789 723 852 et
735 781 854 878 populi
869 789 902 854 et
914 791 1140 877 provocantes
1152 803 1272 855 eornm
1286 783 1417 856 amicos
1429 785 1464 856 in
1476 805 1595 856 eornm
1608 783 1796 872 auxilinm3
1812 793 1847 856 et
1864 784 2023 857 homines

604 902 761 996 Pergami
782 925 901 976 eornm
931 905 1103 977 caroniam
1131 913 1349 978 extraserunt
1377 907 1413 978 in
1438 908 1580 980 servitio
1604 907 1783 979 hominnm
1811 908 2019 998 Mediolani,

606 1025 726 1100 dantes
745 1028 796 1099 eis
811 1029 982 1101 auxilinm
1006 1029 1155 1100 militnm
1173 1039 1208 1102 et
1224 1029 1358 1124 populi.
1376 1030 1653 1104 Mediolanenses
1670 1053 1755 1104 vero
1772 1053 1893 1104 eornm
1917 1053 2022 1104 caro-

605 1149 697 1221 cinm
711 1159 808 1224 extra
826 1153 998 1224 civitatem
1014 1174 1124 1247 usqne
1135 1151 1181 1225 ad
1195 1153 1362 1226 Protelam
1383 1154 1440 1227 die
1453 1155 1589 1226 sabbati
1599 1155 1710 1226 xxvi
1723 1157 1926 1250 septembris
1940 1179 2022 1230 con·
2071 1235 2072 1238 Ἴ

604 1274 802 1365 duxerunt,
834 1275 962 1348 deinde
987 1298 1099 1370 usqne
1128 1275 1176 1348 ad
1205 1276 1399 1348 Palazolnm
1432 1278 1468 1349 in
1496 1279 1668 1350 auxilinm
1695 1279 1801 1373 partis
1828 1280 2023 1354 extrinsece

604 1397 736 1490 Brixie3
755 1399 817 1493 qni
836 1399 1110 1472 Mediolanenses
1125 1400 1296 1471 auxilinm
1316 1395 1517 1500 [petierunt]
1535 1423 1597 1498 pro
1613 1402 1707 1474 dicto
1718 1403 1873 1475 exercitu
1887 1426 1908 1476 a
1922 1425 2023 1476 com-

604 1522 702 1594 mnni
723 1523 904 1615 Cremona,
925 1526 1064 1610 Parme,
1088 1523 1187 1617 Regii
1212 1533 1246 1594 et
1269 1525 1458 1615 Placentia,
1484 1548 1505 1598 a
1530 1526 1662 1620 quibus
1693 1527 1826 1598 nnllnm
1848 1527 2020 1599 auxilinm

602 1645 732 1718 babere
748 1655 932 1742 potnerunt
950 1649 1016 1720 nisi
1039 1649 1147 1720 verba
1167 1669 1230 1743 pro
1248 1649 1376 1720 verbis.
1394 1649 1493 1722 Unde
1509 1672 1588 1722 cnm
1615 1649 1891 1724 Mediolanenses
1915 1652 2020 1723 nimis

603 1771 778 1844 tardarent
795 1781 946 1868 prestare
964 1772 1134 1844 auxilinm
1158 1785 1193 1844 et
1210 1793 1411 1844 succursum
1434 1772 1503 1844 illis
1529 1772 1574 1846 de
1591 1781 1725 1863 castro,
1745 1795 1825 1844 cnm
1843 1795 1913 1846 non
1940 1797 2018 1868 pos·

602 1905 678 1968 sent
696 1897 773 1989 plus
788 1918 826 1968 se
844 1906 972 1983 tenere,
994 1897 1051 1968 die
1068 1895 1229 1967 mercurii
1243 1897 1365 1968 ultimo
1380 1896 1508 1968 mensis
1525 1897 1730 1992 septembris
1742 1905 1891 1968 castrum
1906 1897 2020 1970 dede·

601 2019 932 2092 runtbrixiensibns
949 2041 996 2092 ex
1010 2029 1110 2114 pacto
1124 2018 1219 2114 qnod
1233 2027 1374 2114 possent
1386 2029 1476 2092 stare
1490 2019 1526 2090 in
1541 2020 1755 2114 episcopatu.

650 2143 780 2216 Eodem
798 2152 951 2240 tempore
973 2143 1127 2216 Venetici
1153 2142 1350 2216 habuerunt
1371 2153 1521 2215 castrum
1546 2143 1591 2216 de
1612 2143 1811 2216 Marchanio
1836 2143 2020 2238 quoderat

602 2267 705 2340 sitnm
713 2268 815 2360 juxta
831 2269 971 2340 marein
985 2267 1075 2340 buca
1088 2266 1173 2338 Padi
1191 2269 1224 2337 in
1240 2266 1396 2339 districtu
1409 2267 1561 2358 Ravene,
1578 2265 1733 2362 quodibi
1749 2269 1901 2340 lacerant
1913 2271 2021 2342 Bono

602 2392 739 2464 nienses
765 2392 919 2464 volentes
937 2392 985 2462 ibi
1013 2391 1140 2465 babere
1157 2401 1294 2485 portum
1313 2391 1350 2461 in
1374 2391 1461 2462 mari
1483 2390 1528 2463 de
1548 2391 1725 2463 voluntate
1741 2393 2015 2482 Ravanensinm3

601 2515 695 2609 qnod
710 2515 819 2587 eciam
830 2514 962 2588 eisdem
978 2513 1252 2586 Bononiensibus
1264 2512 1434 2584 dederant
1446 2513 1707 2585 obtestationem
1719 2512 2019 2609 (o)Veneticornm

601 2637 663 2732 qni
680 2658 739 2710 eos
757 2637 995 2710 molestabant.
1013 2637 1051 2707 ln
1069 2635 1297 2708 obsciditione
1320 2636 1421 2727 cnjus
1440 2635 1542 2706 castri
1560 2635 1779 2710 trabncantes
1801 2635 1915 2731 ipsum
1938 2659 2017 2708 cnm

601 2761 777 2833 trabuchis
797 2771 831 2832 et
853 2759 1057 2853 mangbanis
1081 2780 1142 2853 per
1164 2779 1290 2852 nquam
1309 2757 1368 2831 die
1385 2767 1562 2853 noctuque
1575 2767 1743 2832 steterunt
1761 2761 1867 2856 perX
1882 2783 2020 2834 memes

601 2885 741 2979 alpius,
757 2881 850 2976 quod
865 2885 1002 2978 penitus
1017 2882 1279 2955 destruxerunt.

649 3009 713 3080 Die
729 3009 866 3080 veneris
878 3009 956 3078 Xlll
973 3008 1101 3079 mensis
1117 3006 1315 3080 novembris
1330 3005 1494 3078 dominns
1505 3027 1620 3080 comes
1636 3006 1824 3079 Ubertinns
1840 3007 1886 3080 de
1899 3009 2018 3082 Lando

600 3133 801 3227 capitaneus
825 3131 995 3226 generalis
1017 3131 1125 3226 partis
1151 3132 1344 3203 extrinsece
1367 3129 1413 3202 de
1436 3131 1608 3203 Placentia
1628 3131 1747 3203 habito
1770 3141 1916 3204 tractatu
1940 3156 2018 3206 cnm

599 3255 841 3327 Franciscbino
859 3255 965 3326 Balbo
982 3275 1061 3325 cum
1082 3255 1148 3325 illis
1165 3253 1210 3327 de
1227 3263 1325 3349 parte
1346 3253 1421 3347 ipsa
1438 3253 1500 3348 qni
1518 3261 1695 3325 morantur
1718 3255 1764 3327 ad
1779 3255 2018 3326 Zaratarelnm

600 3379 741 3452 intravit
760 3388 907 3451 castrum
929 3378 1127 3450 Montarzoli
1150 3387 1185 3450 et
1200 3379 1314 3472 ipsum
1332 3387 1481 3448 castrum
1500 3375 1606 3448 habet
1622 3385 1657 3448 et
1672 3386 1765 3450 tenet
1782 3378 1817 3448 in
1837 3399 1902 3449 sua
1920 3378 2018 3450 lortia

599 3511 634 3575 et
650 3503 795 3594 virtute,
820 3499 826 3600 l
849 3503 894 3576 de
908 3523 980 3596 qno
995 3501 1144 3574 mnltnm
1156 3501 1273 3574 dolent
1287 3499 1489 3573 Placentini.
1506 3500 1636 3573 Eodem
1653 3509 1804 3595 tempora
1822 3503 1927 3596 panlo
1940 3513 2019 3572 ante

600 3627 792 3720 Palialogns
815 3627 1000 3722 imperator
1017 3627 1202 3700 Grecornm
1223 3647 1285 3721 per
1306 3625 1378 3696 vim
1395 3625 1580 3720 occupavit
1594 3625 1767 3696 civitatem
1788 3625 2018 3720 Negropontis

600 3762 635 3824 et
649 3759 755 3823 totam
768 3751 915 3823 insulam
928 3772 997 3844 que
1004 3759 1148 3822 vocatur
1156 3751 1349 3844 Nigropons
1358 3745 1518 3845 (Mbabet
1528 3747 1564 3820 in
1579 3769 1643 3820 sna
1655 3757 1821 3844 potestate
1829 3771 1936 3843 qnam
1946 3749 2018 3820 del·

600 3875 762 3948 tendebat
776 3896 838 3946 rex
853 3875 1011 3946 Karolus.
1026 3873 1157 3946 Eodem
1170 3883 1322 3968 tempore
1333 3871 1430 3943 Suris
1444 3881 1479 3944 et
1494 3873 1600 3944 Barut
1618 3883 1652 3944 et
1665 3882 1735 3944 tota
1757 3883 1848 3946 terra
1865 3871 1912 3944 de
1929 3873 2018 3945 ultra

600 4020 697 4072 mare
707 4021 814 4092 quam
825 3997 1001 4069 christiani
1017 3997 1180 4068 tenebant
1191 4005 1336 4091 excepta
1350 3995 1490 4068 civitate
1501 3994 1581 4068 Acri
1595 4006 1760 4091 occupata
1775 4007 1828 4068 est
1840 3996 2018 4070 asoldano

601 4122 782 4195 Damaschi
797 4130 831 4194 et
844 4120 930 4216 Alep
945 4131 980 4193 et
997 4121 1178 4193 Babilonie
1189 4129 1249 4193 aut
1266 4141 1329 4215 per
1344 4119 1416 4190 vim
1431 4129 1492 4191 ant
1503 4141 1565 4216 per
1584 4129 1697 4215 pacta,
1718 4129 1753 4192 et
1770 4119 1837 4192 nisi
1853 4118 2016 4194 dominns

602 4245 810 4319 Oddoardns
823 4267 902 4317 cum
915 4255 1019 4338 gente
1037 4267 1100 4318 sna
1112 4245 1249 4318 esset'in
1264 4243 1404 4317 civitate
1415 4243 1509 4333 Acri,
1524 4243 1599 4339 ipsa
1613 4244 1735 4316 civitas
1744 4254 1835 4316 esset
1848 4255 2015 4340 occupata

602 4371 758 4444 similiter
773 4391 794 4441 a
807 4370 997 4442 Saracenis.

651 4495 714 4566 Die
731 4496 813 4566 lune
825 4493 886 4566 Vll
904 4491 1031 4565 mensis
1048 4491 1241 4565 decembris
1263 4490 1428 4565 Luxiardi
1444 4500 1479 4564 et
1491 4491 1540 4562 illi
1559 4488 1605 4563 de
1621 4491 1781 4584 Gravago
1798 4500 1834 4563 et
1855 4489 1901 4564 de
1924 4491 2015 4564 valle

641 4657 686 4740 (a)
707 4658 909 4722 verisimiliter
921 4655 957 4718 ob
970 4655 1193 4736 infestationum.

642 4764 686 4846 (b)
707 4765 743 4826 ln
756 4765 855 4826 codice
867 4767 965 4841 potins
977 4765 1133 4844 Ictropom,
1148 4779 1254 4824 nomen
1269 4761 1391 4824 forsitan
1405 4769 1575 4840 corruptum
1589 4779 1627 4822 ex
1640 4776 1745 4840 graeco
1756 4759 1892 4841 Eoripoe.
