4554 6080
810 693 852 754 lN
875 691 1016 755 lusus
1040 689 1191 752 eastra
1648 691 1709 754 269

287 830 503 928 loquendum
520 839 556 904 at
578 827 795 904 tractandum
815 852 896 903 cum
912 829 1054 904 domino
1073 826 1219 900 Mastino
1240 828 1248 918 Ι
1269 824 1314 898 (13
1330 825 1489 916 Lascuta
1511 825 1556 900 (13
1577 828 1709 900 auxilio
1747 853 1907 898 3333333.

286 956 451 1031 habendo
480 957 510 1028 si
535 977 678 1030 necessa
703 963 806 1028 33331.
833 956 965 1030 Interea
992 953 1135 1049 quidam
1166 952 1212 1025 de
1239 961 1337 1048 parta
1364 951 1497 1025 domini
1522 952 1614 1024 Bosii
1635 962 1709 1025 erat

287 1090 400 1154 rector
413 1088 448 1154 et
460 1089 611 1175 potestas
626 1080 839 1151 labellorum
856 1088 891 1150 31
912 1086 1051 1173 propter
1066 1075 1220 1147 malicias
1233 1097 1303 1169 que
1322 1073 1451 1148 fiebant
1468 1073 1537 1146 illis
1552 1075 1597 1147 de
1611 1086 1709 1171 parte

287 1201 420 1276 demini
444 1203 573 1292 Bossii,
590 1202 650 1274 (113
674 1209 801 1273 3131313
823 1223 902 1272 cum
924 1198 1125 1272 bominibus
1144 1197 1227 1272 dicti
1249 1198 1315 1270 loci
1335 1197 1514 1270 rebellavit
1531 1199 1706 1270 communi

288 1325 467 1398 Cremona.
489 1325 567 1409 Quo
585 1325 675 1396 13313
694 1322 894 1418 1133331133
910 1323 1034 1396 Scotus
1052 1329 1201 1416 potestas
1220 1321 1387 1394 Cremona
1403 1322 1547 1395 oonsilio
1559 1323 1709 1396 stabilite

287 1451 408 1521 statuit
428 1472 509 1521 cum
526 1448 683 1522 exercitu
704 1468 783 1519 cum
796 1446 974 1518 trabucbis
987 1455 1021 1518 et
1038 1445 1115 1518 31113
1129 1445 1212 1516 11133
1224 1445 1375 1538 dirigere
1388 1446 1514 1518 milites
1528 1455 1564 1517 31
1574 1447 1709 1542 pedites

287 1571 516 1644 (1333333331
549 1571 642 1644 misit
663 1571 873 1643 Placentiam
905 1589 967 1664 pro
994 1567 1233 1651 3331113031
1262 1568 1450 1640 Placentini
1477 1568 1648 1642 dederunt
1671 1571 1707 1642 in

288 1695 484 1768 suscidinm
512 1703 615 1768 totam
645 1694 810 1768 miliciam
842 1692 1035 1766 communis
1057 1693 1229 1765 Placentia
1253 1701 1288 1764 at
1319 1713 1458 1765 cernam
1489 1693 1523 1766 M
1551 1695 1708 1788 peditum

286 1819 335 1892 de
361 1819 501 1892 civitate
516 1820 690 1910 iecerunt,
716 1817 778 1912 qui
801 1839 921 1890 omnes
948 1817 1089 1889 luerunt
1111 1815 1210 1888 electi
1229 1814 1274 1888 de
1299 1825 1395 1910 parte
1417 1816 1548 1888 domini
1574 1817 1709 1890 comitis

286 1941 447 2014 Ubsrtini
463 1941 509 2014 de
524 1941 666 2014 Audito.
686 1941 753 2027 Qui
775 1962 897 2015 omnes
914 1942 1071 2037 exceptis
1088 1940 1264 2035 peditibus
1280 1937 1486 2012 Placentinis
1503 1942 1619 2014 electis
1635 1943 1708 2014 ive·

284 2074 370 2136 runt
392 2063 439 2137 ad
457 2063 694 2137 ossiditienem
716 2067 820 2137 castri
843 2066 1056 2138 Tenolarum.
1086 2064 1148 2135 Die
1172 2083 1256 2135 vere
1276 2063 1358 2134 lune
1382 2063 1447 2134 XX
1469 2063 1597 2136 mensis
1617 2067 1708 2157 junii

284 2209 368 2258 cum
393 2187 522 2260 milites
542 2187 732 2260 Placentini
754 2197 870 2260 essent
892 2189 980 2262 inter
1004 2186 1192 2259 Pladanam
1221 2195 1256 2257 31
1284 2186 1441 2277 Τ333133,
1471 2189 1639 2261 Μ3311333
1663 2191 1709 2264 (13

283 2311 335 2382 La
354 2311 452 2382 Scala
475 2331 556 2382 cnm
576 2310 770 2404 quingintis
790 2309 959 2382 militibus
980 2310 1115 2382 Verona
1128 2309 1285 2381 obviavit
1307 2309 1358 2380 ais
1381 2309 1476 2403 apud
1496 2310 1709 2384 Canetonum

285 2431 488 2507 cridande:
511 2429 960 2526 (111133,3333(13333(1331
987 2431 1064 2504 3111
1090 2432 1179 2504 13313
1201 2432 1334 2526 impetu
1358 2441 1476 2506 333133
1494 2455 1554 2506 eos
1584 2437 1709 2508 multos

284 2567 472 2662 ceperunt,
493 2567 624 2630 ceteros
642 2559 852 2652 fugaverunt
869 2565 904 2628 31
920 2577 1030 2650 equos
1047 2564 1082 2628 et
1099 2577 1193 2628 arma
1205 2556 1256 2628 eis
1272 2556 1498 2628 abstulerunt.
1516 2559 1709 2643 03111333-

283 2701 415 2752 nenses
431 2701 512 2752 cum
532 2679 675 2752 domino
692 2679 812 2751 Bcssio
832 2677 877 2751 ad
898 2677 1090 2750 exercitum
1107 2678 1369 2752 Cremonensem
1383 2680 1601 2773 accedentes,
1622 2683 1709 2756 Cre-

284 2823 473 2876 monenses
488 2803 602 2876 statim
620 2803 739 2894 lugam
753 2801 968 2896 arripientes,
989 2801 1079 2872 curis
1095 2811 1130 2873 et
1143 2801 1260 2873 bubus
1276 2811 1310 2875 et
1327 2803 1517 2898 oemptoriis
1530 2807 1657 2878 relictis
1670 2808 1707 2880 13

283 2947 427 3021 campe,
444 2947 572 3020 magna
584 2947 665 3021 pars
684 2947 763 2997 cum
781 2923 922 2998 domino
940 2926 1059 3000 Bossio
1071 2947 1184 3021 usque
1199 2925 1245 2998 ad
1261 2927 1435 3001 civitatem
1451 2928 1618 3003 Cremone
1633 2931 1709 3026 ipsa

283 3046 346 3120 die
366 3057 599 3143 pervenerunt
621 3035 877 3144 expugnantes.
900 3049 944 3121 Et
966 3073 1046 3122 cum
1065 3049 1228 3123 dominus
1248 3051 1389 3122 Bossius
1416 3073 1484 3125 333
1512 3063 1632 3148 333331
1655 3057 1709 3128 iu·

281 3170 392 3244 troire
408 3171 584 3244 civitatem
596 3172 678 3266 quia
693 3172 870 3246 intrinseci
883 3173 1009 3270 provisi
1025 3184 1123 3246 33331
1138 3180 1304 3268 atportas
1325 3173 1475 3247 civitatis
1493 3177 1706 3271 munierant,

282 3294 451 3368 cumillis
469 3293 515 3368 de
538 3295 708 3368 Cremona
725 3295 786 3390 qui
805 3317 886 3368 aum
904 3297 1002 3390 sequi
1022 3297 1207 3369 voluerunt
1229 3305 1264 3368 at
1287 3317 1368 3368 cum
1385 3298 1644 3374 Veronensibus
1662 3303 1709 3377 ad

282 3419 441 3492 Rocbarn
461 3441 560 3492 suam
583 3427 636 3491 est
654 3440 827 3494 reversus.
849 3421 899 3492 1111
918 3441 1002 3492 uero
1021 3418 1067 3491 de
1085 3421 1223 3492 civitate
1240 3419 1406 3495 Cremone
1425 3424 1514 3496 male
1529 3426 1706 3520 laborant,

286 3543 433 3638 capiunt
446 3543 605 3615 homines
620 3551 656 3615 et
671 3542 883 3638 depredant;
900 3543 1045 3638 quilibet
1056 3565 1119 3616 333
1135 3545 1336 3616 auctoritate
1352 3547 1444 3641 capit
1461 3569 1566 3640 quem
1584 3553 1659 3624 vult
1675 3563 1710 3626 31

287 3665 389 3740 (13311
403 3667 441 3738 13
468 3687 662 3756 carcaram,
681 3668 808 3739 multos
827 3668 920 3739 enim
938 3675 1103 3762 ceperunt
1119 3688 1267 3760 querum
1287 3680 1419 3766 partem
1443 3673 1609 3746 miserunt
1630 3677 1707 3750 Pla·

288 3789 439 3862 centiam
465 3799 500 3862 et
523 3799 656 3884 partem
681 3789 858 3864 Mantuam
882 3792 919 3862 in
942 3790 1151 3862 carceribus.
1179 3793 1367 3866 Placentini
1388 3816 1472 3869 vere
1496 3795 1563 3871 boc
1589 3800 1710 3876 audito

288 3911 388 4006 quod
402 3913 528 3984 milites
543 3935 664 3987 eorum
681 3914 773 4010 capti
796 3922 831 3986 et
853 3913 944 4010 rupti
964 3922 1081 4004 erant,
1099 3915 1326 3989 incontinenti
1349 3939 1486 3992 cernam
1498 3944 1604 4016 quam
1619 3927 1709 4000 fece·

282 4045 365 4110 3331
390 4034 437 4109 (13
461 4035 638 4132 peditibus
662 4038 813 4112 civitatis
838 4038 1011 4111 Placentia
1035 4037 1264 4112 incontinenti
1287 4041 1548 4119 transmiserunt
1565 4047 1710 4124 Cremo-

283 4181 381 4234 nam.
403 4160 447 4232 Et
463 4170 647 4256 postquam
666 4163 733 4258 ipsi
760 4161 896 4258 pedites
921 4165 1061 4236 1333331
1083 4163 1121 4234 13
1150 4165 1316 4256 navibus,
1341 4166 1391 4239 illi
1416 4167 1460 4240 de
1479 4173 1651 4245 consortio
1674 4183 1709 4247 et

284 4284 449 4380 deporta
472 4286 662 4360 Mediolani
686 4295 722 4360 et
743 4295 841 4382 33313
857 4288 979 4360 Sancte
998 4287 1139 4380 Brigide
1158 4311 1237 4362 cum
1254 4289 1440 4364 Gnidotino
1459 4291 1706 4370 (1313311113-

283 4409 383 4482 conis
410 4419 576 4504 potestate
602 4410 776 4484 Placentia
804 4419 932 4484 3133133
957 4413 1076 4486 armati
1104 4413 1278 4508 13313133
1310 4415 1474 4502 militum,
1503 4418 1707 4514 inceperunt

284 4552 411 4626 capere
421 4533 465 4607 de
476 4535 665 4627 maioribus
679 4543 714 4608 at
727 4535 928 4608 melioribus
944 4537 1093 4610 civitatis
1109 4536 1280 4611 Placentia
1296 4537 1342 4612 de
1360 4550 1456 4633 parte
1473 4539 1556 4614 dicti
1575 4545 1709 4619 comitis

286 4655 443 4728 Ubertini
466 4680 475 4726 ε
497 4658 626 4732 scilicet
644 4659 825 4733 dominum
843 4660 1010 4732 iacobum
1031 4661 1324 4754 Passacalderam,
1344 4663 1529 4736 liebertum
1545 4667 1704 4742 (131133-

286 4777 461 4853 chevetari
488 4781 665 4874 judicem,
696 4783 857 4856 Rufinum
887 4785 1148 4877 vicecomitem,
1179 4787 1393 4862 Bernardom
1416 4789 1705 4885 vicedominum,
