4676 6066
635 605 676 666 aa
830 563 834 570 ⁴
1054 612 1295 676 canonican
1321 613 1623 679 runcunrrnuu

636 743 783 814 ciuitatis
811 750 1030 837 potestatem,
1057 747 1183 820 milites
1207 757 1242 820 et
1261 749 1427 843 populum
1447 748 1605 841 ejusdem
1631 758 1721 824 terro
1745 759 1956 844 rogaverunt
1980 749 2045 844 (a),

636 876 676 938 ut
698 868 933 959 juramentum
961 869 1132 942 societatis
1158 871 1363 945 lombardie
1386 893 1481 946 moro
1505 873 1604 946 solito
1631 873 1744 946 faeere
1771 872 1948 946 deberent.
1981 872 2049 958 Qui

635 1013 714 1062 cum
735 991 926 1064 incivitate
937 992 994 1064 illa
1005 995 1157 1087 quedam
1174 995 1286 1090 turpia
1298 1005 1332 1066 et
1344 993 1525 1068 inhonesta
1543 995 1782 1086 commisisset,
1797 1005 2047 1068 sacramentum

530 1122 603 1157 ⁹⁸³⁰·
635 1113 723 1186 illud
739 1135 807 1186 non
825 1135 901 1187 osse
914 1115 1084 1187 facturum
1104 1117 1363 1212 pronunciavit,
1380 1119 1483 1190 etiam
1503 1119 1539 1188 in
1557 1117 1696 1191 civitate
1714 1118 1770 1190 illa
1788 1127 1950 1212 procopio
1966 1127 2000 1191 Ol
2019 1119 2026 1208 Ι

636 1237 813 1309 voluntate
830 1237 1111 1311 Cremonensium
1136 1261 1212 1313 esse
1234 1239 1408 1312 affirmem
1426 1238 1485 1334 (d).
1508 1239 1608 1313 Unde
1625 1249 1694 1312 tam
1714 1239 1839 1312 milites
1857 1261 1963 1334 quam
1980 1261 2046 1333 pe-

637 1358 726 1432 dites
740 1359 897 1452 ejusdem
916 1359 1065 1435 civitatis
1081 1363 1199 1435 Brixia
1216 1363 1377 1435 commoti
1393 1363 1608 1456 nimiumque
1621 1361 1764 1451 turbati,
1781 1361 1972 1456 predictum
1987 1364 2045 1455 jn·

636 1494 829 1556 ramentum
852 1504 972 1556 omnes
990 1485 1206 1558 concorditer
1232 1486 1359 1576 lacere,
1382 1495 1494 1581 preter
1513 1485 1610 1558 XXX
1628 1485 1686 1558 vel
1701 1484 1760 1557 XL
1776 1485 1932 1578 ejusdem
1958 1495 2047 1558 terre

636 1607 762 1679 milites
781 1607 842 1700 qui
868 1628 947 1678 cum
970 1606 1093 1680 eadem
1115 1617 1284 1702 potestate
1306 1607 1352 1680 do
1374 1629 1416 1681 ea
1436 1608 1574 1680 civitate
1597 1608 1742 1702 turpiter
1765 1608 1896 1682 exiere.
1917 1607 1986 1693 Qui
2001 1608 2047 1680 ad

637 1731 753 1802 locum
787 1729 903 1801 Pontis
937 1729 1014 1802 Vici
1049 1730 1252 1803 accedentes
1288 1730 1402 1824 ipsum
1428 1730 1543 1802 locum
1569 1737 1605 1802 et
1629 1729 1781 1824 quedam
1806 1731 1873 1804 alia
1900 1731 2048 1825 plurima

637 1854 674 1924 in
707 1873 771 1924 sua
795 1853 902 1924 loreia
917 1852 1093 1924 tulerunt.
1121 1853 1242 1925 Postea
1272 1874 1375 1942 vero,
1401 1861 1440 1924 ut
1463 1852 1620 1926 homines
1642 1853 1778 1928 modica
1802 1853 1885 1927 fidei
1907 1863 1942 1925 et
1968 1853 2047 1924 tacti

636 1976 788 2070 maligno
824 1976 965 2071 spiritu,
989 1975 1122 2050 dictum
1146 1977 1260 2048 locum
1280 1977 1569 2050 Cremonensibus
1598 1975 1789 2064 dederunt3
1813 1977 1908 2050 undo
1931 1975 2048 2048 modi·

636 2122 716 2172 cum
748 2100 813 2196 ipsi
842 2100 1088 2172 Cremonenses
1114 2110 1197 2171 sunt
1221 2100 1375 2173 exaltati.
1398 2101 1551 2173 Scientes
1575 2099 1665 2172 enim
1691 2099 1888 2172 Brixienses
1908 2097 2049 2192 predic-

635 2227 710 2296 tum
733 2225 968 2315 jurameutum
992 2223 1132 2312 fecisse,
1162 2221 1245 2295 inde
1274 2223 1409 2294 tristitia
1436 2220 1482 2318 (c)
1503 2233 1539 2294 et
1564 2243 1692 2316 magno
1716 2221 1837 2294 dolore
1866 2220 2045 2312 commoti,

635 2347 807 2421 auxilium
824 2346 1013 2418 amicorum
1032 2365 1166 2433 eorum,
1187 2345 1380 2439 specialiter
1398 2344 1606 2418 marchionis
1620 2343 1746 2416 Azouis
1765 2343 1810 2417 de
1822 2343 1903 2416 Este
1921 2353 2048 2438 postu-

637 2471 768 2561 lantes,
786 2469 848 2562 qni
872 2467 1057 2540 Victoriam
1079 2479 1114 2539 et
1138 2467 1326 2539 Ferrariam
1353 2467 1509 2558 tenebat,
1537 2475 1571 2540 et
1596 2489 1684 2560 quas
1710 2467 1747 2538 in
1773 2465 1935 2561 preterito
1957 2487 2049 2538 anno

637 2593 874 2667 fraudulenter
894 2599 928 2662 et
945 2589 1035 2662 malo
1056 2589 1180 2662 ordine
1198 2597 1403 2685 peccaverat
1424 2587 1517 2684 (sic),
1537 2609 1703 2680 magnum
1722 2588 1788 2682 ipsi
1804 2587 2050 2660 Cremonenses

637 2723 911 2814 preparaverunt
930 2713 1141 2803 exercitnm3
1165 2711 1309 2785 cariolas
1327 2731 1467 2804 quoquo
1484 2711 1520 2782 in
1543 2711 1717 2782 civitatem
1741 2710 1907 2783 Cremone
1931 2711 2050 2782 venire

640 2841 813 2928 lecerunt,
834 2835 871 2906 in
888 2845 1012 2908 terram
1028 2833 1200 2908 dictorum
1220 2834 1454 2906 Brixiensium
1473 2833 1640 2906 hoetiliter
1654 2833 1781 2904 intrare
1795 2842 1831 2904 et
1845 2832 1962 2904 omnia
1980 2830 2049 2905 de-

640 2969 777 3034 vastare
797 2965 1039 3054 proponentes.
1057 2957 1130 3030 Hoc
1152 2956 1273 3030 audito
1286 2965 1321 3030 et
1337 2956 1487 3052 cognito,
1504 2957 1541 3027 in
1555 2956 1654 3028 exitu
1670 2953 1721 3049 (d)
1744 2953 1900 3048 ejusdem
1922 2953 2050 3026 mensis

639 3084 775 3180 aprilio,
796 3081 922 3152 milites
943 3079 1129 3152 Mediolani
1156 3089 1191 3152 et
1208 3079 1379 3152 Placentia
1397 3081 1510 3151 statim
1528 3077 1681 3150 Brixiam
1705 3077 1954 3168 militaverunt3
1976 3076 2050 3150 dio·

640 3218 714 3280 tum
738 3202 972 3277 marchionem
990 3203 1053 3296 qui
1070 3201 1113 3298 (e)
1129 3223 1209 3274 cum
1233 3223 1361 3296 magna
1379 3223 1486 3274 manu
1509 3199 1664 3296 militum:
1678 3201 1797 3272 Brixia
1816 3203 1958 3295 [partes]
1977 3201 2049 3292 jam

640 3333 847 3418 intraverat,
880 3325 925 3400 de
952 3325 1109 3398 districtu
1134 3325 1367 3396 Brixiensium
1388 3325 1534 3420 turpiter
1558 3324 1778 3416 fugaverunt.
1806 3321 2051 3394 Cremonenses

639 3451 785 3548 quidem
804 3451 840 3520 in
858 3457 981 3521 terram
999 3447 1117 3518 Brixia
1137 3447 1262 3518 intrare
1278 3447 1422 3519 minime
1436 3446 1513 3519 ausi
1529 3447 1636 3519 inere.
1657 3444 1810 3517 Tandem
1829 3465 1907 3516 eum
1928 3442 2050 3514 milites

640 3573 828 3649 Mediolani
844 3583 879 3645 et
895 3571 1067 3644 Placentie
1084 3569 1225 3644 domum
1245 3569 1426 3662 redissent,
1443 3569 1508 3665 ipsi
1523 3569 1768 3641 Cremonenses
1783 3589 1865 3662 sepe
1882 3575 1916 3638 et
1935 3565 2051 3660 sepius

641 3700 679 3772 in
693 3709 818 3770 terram
834 3695 1065 3767 Brixiensium
1084 3694 1275 3785 intravere,
1291 3691 1408 3765 omnin
1430 3691 1582 3786 dampna
1603 3700 1639 3764 et
1663 3689 1880 3764 incommoda
1897 3709 1968 3782 que
1983 3707 2052 3782 po·

640 3833 738 3894 tuere
752 3819 802 3892 eis
818 3819 1018 3907 inferentes,
1034 3837 1103 3910 quo
1116 3817 1303 3910 plurimum
1320 3825 1417 3890 erant
1435 3813 1751 3888 Mediolanensibus
1767 3824 1802 3886 et
1814 3809 2051 3884 Brixiensibus

641 3944 762 4039 gravia
782 3952 818 4014 et
841 3943 944 4014 etiam
965 3939 1202 4013 intolerabilia.
1226 3941 1356 4012 Tamen
1373 3938 1492 4012 habito
1509 3937 1670 4012 conscilio
1690 3934 1999 4009 Mediolanensium
2017 3941 2053 4004 et

639 4066 915 4140 Placentinorum
932 4064 1149 4156 aliorumque
1167 4063 1355 4136 amicorum
1370 4083 1502 4151 corum,
1520 4063 1763 4135 ambaxatores
1777 4059 1814 4130 in
1829 4078 1949 4131 mense
1964 4053 2052 4148 julio

680 4279 723 4361 (a)
745 4280 781 4340 In
796 4279 896 4339 codloe
909 4281 1054 4358 repentae.

682 4381 722 4464 (b)
744 4385 792 4446 stc
805 4385 994 4462 mnlgtmus,
1008 4381 1082 4442 dum
1094 4383 1127 4442 ln
1137 4379 1237 4443 ccdlcs
1249 4379 1364 4460 legatur
1376 4375 1524 4443 uoluente
1538 4377 1738 4442 Crannone
1750 4393 1808 4439 erre
1819 4372 2005 4456 affirmantca

682 4490 720 4571 (r)
746 4491 783 4551 ln
796 4489 897 4550 codiee
908 4489 942 4548 in
954 4485 1104 4549 calamia.

682 4593 725 4674 (d)
745 4595 781 4656 ln
793 4595 894 4655 codiee
913 4595 947 4654 in
966 4593 1101 4655 meere

681 4701 720 4782 (e)
746 4701 782 4762 ln
800 4699 902 4762 codice
914 4717 1008 4781 quem.
