4594 6066
820 666 863 728 lbi
886 665 1026 729 l'l'ilLlA
1050 665 1201 731 ousiis
1659 673 1717 734 201

300 803 398 876 ribus
420 800 625 898 mancipari.
644 800 867 896 Priviieginm
892 803 1036 898 insuper
1055 803 1154 898 qnod
1175 804 1276 878 beato
1293 804 1392 878 Petro
1412 815 1447 877 et
1462 805 1722 879 successoribus

300 927 376 1018 ejus
392 927 428 996 in
446 925 523 1020 ipso
545 921 688 996 tradidit
705 922 870 997 dominns
887 925 1012 1000 ihesus
1031 926 1202 1018 Christus,
1219 926 1408 1000 videlicet:
1431 951 1450 996 a
1468 927 1722 1023 Quodcumque

300 1048 466 1144 ligaveris
485 1070 589 1144 snper
605 1055 731 1120 terram
746 1059 779 1120 et
800 1058 908 1120 cetero
929 1057 965 1120 et
981 1049 1229 1144 quodcumque
1245 1049 1435 1122 absolveris
1454 1061 1486 1121 ct
1502 1062 1627 1138 cetera,
1648 1074 1667 1118 n
1684 1051 1721 1124 in

300 1194 371 1268 quo
389 1173 513 1268 ntique
530 1171 716 1246 auctoritas
739 1180 774 1244 et
796 1181 947 1268 potestas
960 1173 1113 1248 Ecclesia
1129 1175 1284 1247 Romane
1306 1173 1477 1265 consistit,
1503 1195 1566 1270 pro
1588 1174 1723 1248 viribus

300 1293 497 1368 diminuere
516 1296 573 1368 vel
595 1295 663 1391 ipsi
687 1295 830 1368 ecclesie
848 1296 977 1370 auilerc
1001 1297 1160 1390 subegit,
1185 1297 1340 1370 scribens
1366 1319 1405 1370 se
1429 1298 1549 1391 prelati
1568 1297 1723 1392 Gregorii

301 1419 495 1492 sentencias
513 1439 584 1491 non
609 1417 742 1509 vereri,
770 1419 876 1490 latam
904 1419 950 1491 ab
973 1440 1016 1492 eo
1038 1420 1432 1494 excommunicationem
1459 1420 1495 1491 in
1519 1419 1633 1514 ipsum
1653 1443 1723 1494 non

301 1539 415 1614 solum
440 1543 646 1638 contemptis
671 1541 825 1615 Ecclesie
849 1543 1007 1616 clavibus
1032 1564 1102 1616 non
1121 1544 1315 1632 servando,
1338 1540 1422 1641 [sed
1442 1541 1617 1642 cogendo]
1636 1545 1724 1620 alios

302 1685 374 1738 non
400 1687 563 1757 servare,
593 1666 827 1760 possessiones
854 1687 995 1760 quoque
1020 1669 1151 1760 pretam
1180 1668 1334 1741 Romane
1359 1667 1529 1759 Ecclesie,
1560 1667 1725 1742 videlicet

301 1787 505 1877 marchiam,
520 1789 699 1876 ducatum,
715 1789 950 1862 Beneventum
965 1792 1065 1884 cnjus
1077 1811 1194 1865 muros
1205 1800 1240 1865 ei
1250 1801 1361 1865 turres
1378 1791 1470 1864 dirui
1482 1791 1563 1864 iecit
1578 1813 1621 1864 ac
1637 1792 1724 1868 alias

301 1933 390 2008 quas
409 1911 447 1982 in
467 1912 593 1986 Tuscis
611 1934 653 1986 ac
666 1912 873 1986 nunburdie
888 1912 1044 2008 partibus
1059 1922 1093 1988 et
1108 1914 1319 2008 quibusdam
1337 1915 1416 1988 aliis
1432 1913 1610 2008 optinebat
1623 1915 1721 2007 locis,

300 2033 422 2130 paucis
439 2035 609 2132 exceptis,
626 2057 799 2132 occupare
812 2057 883 2108 non
898 2045 1071 2128 metuens,
1092 2059 1152 2110 eas
1165 2036 1281 2110 adhuc
1298 2036 1430 2110 detinet
1446 2049 1644 2132 occupatas,
1661 2035 1723 2136 [et]

300 2167 468 2252 tanquam
487 2159 521 2232 ei
534 2181 604 2232 non
620 2159 793 2234 sufficeret
806 2159 903 2254 quod
923 2159 1104 2232 maniicste
1120 2167 1239 2232 contra
1251 2161 1449 2251 juramenta
1462 2162 1629 2254 premissa
1644 2181 1724 2257 pre·

300 2281 475 2355 sumendo
492 2284 574 2357 talia
590 2283 754 2356 veniebat
770 2280 842 2379 (a),
863 2303 925 2378 per
944 2304 984 2356 se
1006 2283 1064 2355 vel
1081 2303 1163 2356 snos
1184 2281 1348 2356 officiales
1365 2282 1565 2356 earumdem
1587 2305 1724 2379 posses·

301 2403 440 2478 sionum
455 2403 505 2503 (b)
522 2407 680 2481 homines
695 2405 868 2500 dejerrare
882 2407 1062 2502 compulit,
1078 2407 1170 2500 ipsos
1183 2405 1389 2498 juramentis
1407 2403 1580 2480 fidelitatis
1595 2407 1725 2501 quibus

300 2529 455 2603 liomano
473 2531 680 2603 tenebantur
705 2531 878 2623 Ecclesie,
906 2529 953 2604 de
977 2531 1084 2622 iacto,
1105 2550 1185 2602 cnm
1208 2527 1254 2601 de
1274 2529 1354 2620 jure
1370 2549 1441 2602 non
1458 2538 1594 2624 posset,
1611 2530 1726 2604 absol·

302 2673 412 2742 vens,
435 2653 565 2725 iaciens
584 2651 726 2726 eosdem
746 2653 945 2726 fidelitatem
963 2653 1209 2726 nichilominus
1227 2651 1388 2744 abjurare
1408 2652 1619 2747 predictam,
1640 2651 1725 2724 sibi·

301 2797 372 2872 qne
386 2774 563 2849 fidelitatis
578 2773 778 2869 hujusmodi
790 2775 986 2868 juramenta
1000 2785 1165 2870 prestare.
1181 2774 1281 2848 Pacis
1304 2793 1389 2848 vero
1409 2774 1611 2848 violatorem
1630 2775 1726 2849 exis·

301 2909 373 2982 tere
391 2899 494 2996 plene
509 2909 661 2990 constat,
677 2899 761 2992 qnia
774 2921 855 2970 cum
872 2898 953 2972 olim
968 2907 1123 2993 tempore
1135 2897 1232 2992 pacis
1249 2897 1338 2970 inter
1355 2895 1470 2992 ipsum
1491 2906 1525 2970 et
1538 2898 1726 2972 Ecclesiam

302 3024 486 3097 reformato
509 3025 661 3116 jurasset
688 3043 803 3095 coram
824 3021 916 3094 bone
943 3021 1109 3094 memorie
1132 3022 1163 3094 J.
1200 3019 1246 3094 de
1276 3017 1421 3092 Abbatis
1447 3019 1530 3092 villa
1560 3021 1726 3116 episcopo

301 3146 483 3222 Sabinensi
496 3155 532 3218 et
548 3146 715 3241 magistro
725 3145 916 3218 Thomaxio
935 3143 1023 3216 tituli
1038 3145 1164 3218 Sancte
1180 3143 1308 3216 Sabine
1332 3143 1523 3239 presbitero
1538 3142 1724 3238 cardinali,

303 3271 525 3367 presentibus
543 3269 663 3342 multis
686 3268 844 3366 prelatis,
863 3267 1081 3362 principibus
1099 3275 1133 3340 et
1150 3267 1340 3340 baronibus
1362 3267 1459 3362 qnod
1477 3275 1583 3340 staret
1605 3275 1641 3339 et
1664 3287 1726 3364 pa·

303 3403 394 3468 reret
411 3393 547 3490 precise
569 3391 703 3488 absque
725 3391 820 3464 nulia
840 3389 1046 3463 condicione
1072 3389 1235 3463 omnibus
1253 3388 1426 3462 mandatis
1441 3389 1596 3462 Ecclesie
1621 3411 1727 3485 super

303 3517 373 3592 iniis
387 3539 451 3614 pro
466 3517 597 3612 quibus
620 3525 694 3590 erat
711 3515 851 3588 vinculo
868 3513 1236 3587 excommunicationis
1254 3513 1433 3598 astrictus,
1451 3512 1566 3586 causis
1583 3533 1726 3586 exeom-

304 3643 548 3718 municationis
571 3639 726 3735 ejusdem
751 3639 925 3735 expressis
955 3657 1018 3733 per
1044 3634 1203 3710 ordinem
1228 3656 1344 3708 coram
1373 3656 1435 3726 eo,
1455 3644 1538 3706 tunc
1561 3635 1725 3708 omnibus

304 3765 524 3840 Theotonicis
539 3763 599 3863 (c),
617 3762 819 3838 hominibus
838 3759 937 3856 regni
954 3759 1090 3832 Sciciiie
1107 3779 1150 3830 ac
1166 3757 1377 3854 quibuslibet
1399 3757 1475 3830 aliis
1496 3757 1558 3851 qni
1572 3757 1727 3832 Ecclesia

304 3900 425 3966 eontra
442 3892 558 3987 ipsum
584 3887 810 3979 adheserant,
829 3906 968 3960 omnem
988 3883 1165 3958 remittens
1187 3883 1351 3956 offensam
1367 3889 1402 3954 et
1425 3901 1551 3977 penam
1572 3890 1608 3954 et
1628 3881 1726 3978 quod

304 4015 403 4088 nullo
427 4023 583 4110 tempore
607 4008 798 4086 offenderet
814 4011 873 4083 vel
896 4007 1027 4082 oilendi
1055 4009 1180 4082 iaceret
1196 4009 1288 4102 ipsos
1308 4026 1373 4102 pro
1390 4025 1432 4078 eo
1455 4002 1553 4100 quod
1572 4005 1725 4078 Ecclesia

304 4138 502 4230 astitmant,
536 4135 683 4232 prestari
712 4135 748 4206 in
778 4133 986 4208 animaene
1020 4152 1082 4227 per
1113 4132 1273 4206 comitem
1295 4130 1482 4203 Acerarum
1511 4127 1642 4202 iaciens
1664 4128 1724 4221 jn·

349 4351 391 4432 (a)
420 4353 457 4414 In
469 4351 570 4413 codice
583 4346 722 4428 accim
735 4350 778 4410 ita
790 4350 871 4410 enim
883 4347 1008 4410 verbum
1020 4343 1151 4408 υιηὶιόαι
1157 4391 1169 4424 ,
1183 4344 1264 4423 quud
1277 4348 1309 4406 in
1326 4350 1411 4406 textu
1428 4343 1565 4424 originali
1581 4345 1724 4423 scriptum

307 4457 419 4534 iuerat,
435 4474 542 4519 manus
555 4457 720 4536 quaedam,
735 4462 884 4518 meierum
897 4460 1070 4529 omotanea,
1085 4455 1182 4532 inepto
1194 4453 1333 4514 correxit.

350 4561 391 4644 (b)
412 4563 449 4624 ln
463 4563 563 4624 codice
585 4559 747 4624 mmmm
760 4579 845 4644 pora,
867 4561 926 4624 hoo
947 4560 1048 4624 addito
1066 4561 1150 4640 signo
1164 4561 1250 4640 cuius
1272 4574 1363 4638 supra
1380 4559 1561 4620 mentionem
1578 4557 1722 4632 lecimus,

306 4667 569 4749 pmmw

350 4773 389 4853 (c)
415 4775 452 4834 ln
465 4774 567 4835 codice
583 4769 770 4835 ledoricir.

1524 4879 1562 4934 20
