4568 6064
613 623 675 685 ato
1088 630 1331 694 cttttotttcott
1354 631 1407 692 DE
1431 629 1559 691 bubus

611 759 838 837 Montislerati
854 768 915 860 qui
937 777 989 842 est
1008 771 1208 864 capitaneus
1231 777 1265 840 et
1290 765 1454 838 dominus
1479 765 1658 836 civitatum
1681 765 1886 860 Mediolani,
1905 769 2028 864 Papia,

611 882 814 976 Cumarum,
836 891 1003 983 Novaria,
1030 893 1286 980 Vercellarum‚
1307 888 1386 978 Ast,
1408 887 1573 978 Taurino,
1595 887 1700 976 Albe,
1717 889 1847 976 Ouree,
1873 889 2028 963 Alexan-

611 1006 704 1092 drie,
728 1010 884 1086 Terdoue
909 1026 944 1087 et
969 1017 1112 1088 aliorum
1142 1015 1204 1110 qui
1232 1022 1312 1084 suut
1337 1013 1483 1084 faetores
1508 1012 1601 1102 ejus,
1632 1011 1679 1083 ad
1703 1012 1904 1084 instanciam
1933 1036 2027 1086 oom-

610 1134 727 1204 munis
742 1145 776 1206 at
793 1136 974 1210 hominum
991 1139 1177 1213 Mediolani
1195 1160 1301 1233 super
1319 1135 1518 1208 Laudenses
1538 1133 1728 1206 exercitum
1748 1135 1914 1208 hostiliter
1934 1138 2028 1211 ordi-

611 1257 708 1326 navit
724 1279 803 1330 oum
829 1263 964 1334 aarooio
983 1245 1166 1334 Mediolani
1189 1270 1223 1333 et
1241 1259 1345 1353 l‘apie
1362 1269 1397 1330 at
1422 1280 1501 1330 cum
1528 1267 1599 1330 tota
1627 1268 1729 1350 gente
1747 1269 1781 1328 et
1808 1259 1928 1332 amieis
1953 1262 2029 1353 ejus

609 1400 698 1471 quos
716 1381 763 1454 ad
784 1381 851 1455 hoo
867 1385 995 1456 habere
1010 1386 1138 1480 potuit;
1158 1394 1192 1454 at
1213 1383 1276 1453 luit
1292 1385 1403 1454 lactus
1423 1401 1570 1474 magnus
1585 1380 1761 1452 exercitus
1778 1403 1840 1474 per
1855 1382 2028 1476 predictos

608 1525 714 1595 super
730 1505 906 1579 civitatem
926 1508 1064 1598 uude,
1085 1519 1119 1580 et
1135 1507 1181 1579 de
1204 1527 1322 1578 manse
1339 1504 1543 1599 septembris
1563 1503 1661 1576 venit
1678 1503 1724 1576 ad
1744 1505 1898 1577 Laudem
1920 1508 2028 1578 Vete-

608 1648 693 1716 rem,
716 1628 790 1700 loca
812 1640 846 1700 at
864 1639 969 1702 terras
988 1641 1021 1702 et
1039 1643 1148 1703 castra
1164 1639 1200 1703 et
1215 1631 1314 1702 villas
1332 1628 1544 1702 devastando
1561 1638 1597 1699 et
1616 1629 1862 1702 comburendo.
1884 1630 2028 1702 Cremo-

609 1769 734 1820 nenses
765 1773 828 1844 pro
858 1755 1055 1842 communi,
1085 1755 1284 1825 Parmensas
1312 1753 1514 1846 inceperunt
1541 1751 1707 1843 adjuvare
1734 1763 1771 1824 at
1803 1763 2029 1826 manutenere

608 1871 783 1944 civitatem
804 1876 921 1948 Laude
940 1887 973 1948 et
990 1879 1065 1948 illos
1082 1877 1126 1948 da
1142 1879 1264 1949 Lature
1286 1886 1321 1948 et
1336 1876 1421 1948 alios
1446 1877 1662 1948 extrinsecos
1685 1885 1719 1946 et
1745 1877 1932 1948 lorbanitos
1955 1879 2027 1950 ble-

608 1995 756 2088 diolani,
786 2009 820 2070 st
842 1999 1010 2072 hostiliter
1031 2024 1109 2073 curn
1132 2009 1202 2073 toto
1225 2023 1344 2072 eorum
1364 1999 1510 2072 extortio
1535 2021 1573 2070 sa
1595 2009 1805 2092 congregant
1823 1999 1870 2073 ad
1893 2001 2027 2072 Pisum-

608 2120 791 2212 guitouum
811 2145 916 2196 causa
935 2125 1109 2218 prestandi
1129 2125 1298 2196 auxilium
1322 2123 1521 2195 hominibus
1545 2123 1694 2194 civitatis
1714 2122 1844 2196 Laude.
1865 2123 2027 2195 Homines

607 2264 689 2316 vero
707 2245 879 2318 Placentia
902 2257 1040 2342 propter
1062 2269 1182 2341 pacem
1201 2259 1235 2318 et
1254 2244 1471 2319 concordiam
1488 2267 1594 2339 qnam
1617 2246 1719 2316 simul
1740 2245 1885 2334 babent,
1906 2247 2027 2318 nolue-

607 2375 688 2437 runt
705 2389 742 2438 se
758 2368 998 2456 intromittere,
1024 2371 1104 2442 licet
1121 2371 1157 2440 in
1181 2369 1255 2463 ipsa
1274 2369 1412 2441 civitate
1428 2368 1601 2440 Placentia
1614 2369 1683 2440 sint
1700 2371 1798 2440 multi
1812 2369 1873 2462 qui
1895 2391 1933 2440 se
1953 2371 2027 2440 vel·

607 2489 678 2561 lent
694 2489 922 2564 intromittere
939 2503 974 2564 et
989 2493 1158 2584 adjuvare
1172 2493 1249 2565 illos
1263 2491 1308 2564 da
1326 2493 1466 2564 Latorre
1479 2501 1514 2561 et
1527 2491 1676 2563 civitatis
1690 2491 1825 2578 Laude,
1843 2493 1934 2563 sicut
1947 2502 2027 2562 sunt

606 2613 781 2686 Iohannes
809 2615 1027 2688 Pallastrelus
1049 2625 1084 2688 et
1109 2616 1164 2688 sui
1189 2635 1368 2708 sequaces.
1395 2599 1556 2686 Albartus
1578 2635 1662 2686 vero
1685 2613 1731 2686 da
1750 2615 1903 2686 Fontana
1921 2625 1955 2686 et
1980 2614 2026 2685 illi

608 2737 654 2810 da
671 2737 825 2810 Fontana
848 2748 883 2812 et
901 2739 1134 2811 contanonerii
1154 2749 1188 2810 at
1212 2738 1273 2810 filii
1297 2737 1435 2812 Oddoni
1456 2747 1490 2811 et
1505 2737 1731 2810 vicecomites
1755 2747 1789 2810 et
1805 2738 1897 2812 Scoti
1912 2745 1947 2810 et
1970 2737 2026 2808 alii

608 2882 726 2932 eorum
758 2883 924 2954 sequaces
956 2863 1142 2933 noluerunt
1169 2885 1207 2934 se
1236 2863 1475 2934 intromittere.
1508 2861 1560 2932 llli
1586 2883 1670 2932 vero
1696 2861 1741 2934 de
1770 2871 1868 2956 parta
1895 2860 2026 2932 domini

608 2983 763 3054 Ubertini
778 2983 823 3056 de
846 2983 963 3056 Laudo
981 2985 1132 3055 evictant
1156 3005 1259 3056 omne
1274 3005 1462 3074 gravamen
1481 2983 1577 3078 quod
1600 2983 1743 3058 evenire
1767 2985 1875 3078 possit
1895 2984 2025 3056 civitati

610 3106 782 3176 Placentia
806 3108 920 3178 everis
946 3117 980 3179 et
1003 3128 1241 3202 personarum.
1271 3107 1312 3178 Et
1337 3107 1484 3202 diruptis
1506 3107 1660 3180 fonditus
1682 3115 1794 3179 castro
1813 3107 2024 3196 lllonbrioni,

610 3229 815 3317 Fossadot0,
835 3231 993 3323 Bargano
1013 3240 1048 3302 et
1065 3231 1141 3303 aliis
1158 3232 1274 3302 multis
1295 3229 1302 3326 Ι
1325 3233 1408 3304 loeis
1429 3242 1463 3304 at
1480 3233 1573 3304 villis
1589 3232 1778 3304 combustis
1802 3241 1837 3334 et
1859 3231 2026 3323 guastalla

611 3352 668 3423 die
681 3353 773 3442 jovis
791 3353 852 3424 XV
867 3355 996 3425 mensis
1013 3355 1217 3448 septembris
1234 3366 1461 3428 recceserunt.

659 3477 709 3547 De
733 3497 850 3548 meuse
873 3499 955 3550 vero
982 3479 1121 3571 augusti
1141 3479 1302 3552 dominus
1321 3501 1384 3551 rex
1405 3481 1551 3552 Karalus
1575 3481 1697 3550 volens
1722 3479 1908 3550 observare
1930 3485 2027 3572 pacta

610 3607 644 3669 et
662 3599 907 3672 conventiones
929 3623 998 3694 que
1023 3611 1105 3672 sunt
1130 3601 1218 3673 inter
1241 3601 1428 3672 Ecclesiam
1452 3601 1639 3672 Romanam
1660 3609 1694 3672 et
1715 3601 1829 3694 ipsum
1847 3600 2026 3672 dominum

611 3743 728 3814 regem
751 3724 839 3794 lacta
859 3744 920 3817 per
940 3723 1119 3795 dominum
1138 3745 1262 3818 papam
1285 3725 1460 3795 Urbanum
1482 3723 1590 3794 felicis
1610 3725 1792 3814 memorie,
1813 3723 2027 3794 inmanibus

612 3844 743 3917 domiui
762 3845 929 3940 Nicholay
953 3847 1047 3918 tercii
1074 3849 1227 3919 Romane
1253 3845 1407 3919 Ecclesia
1428 3847 1555 3918 summi
1579 3846 1752 3943 pontilicis
1771 3846 1969 3941 repudiavit
1996 3845 2027 3918 ei

611 3968 817 4040 senatoriam
838 3978 871 4040 et
897 3968 1111 4041 dominatum
1137 3971 1232 4042 urbis
1254 3972 1360 4043 Rome
1385 3982 1420 4042 et
1442 3969 1611 4065 quiequid
1633 3971 1737 4042 babet
1758 3979 1900 4064 aponte
1922 3973 2028 4066 Zepe·

611 4093 686 4165 rani
703 4093 800 4164 citra.
818 4093 885 4177 Qui
904 4093 1066 4166 dominus
1082 4117 1174 4190 papa
1200 4096 1313 4190 posuit
1333 4117 1394 4190 pro
1417 4119 1454 4168 se
1480 4105 1672 4168 senatorem
1696 4095 1730 4165 in
1748 4095 1836 4166 urbe
1859 4093 1905 4166 ad
1929 4116 2027 4166 suam

611 4217 823 4288 volontatem
840 4239 948 4288 unum
965 4239 1067 4289 suum
1085 4227 1261 4313 parentem
1276 4229 1310 4290 et
1326 4241 1435 4290 unum
1453 4217 1621 4290 vicarium
1638 4239 1700 4313 pro
1715 4216 1867 4290 Ecclesia
1884 4217 1920 4287 in
1938 4218 2028 4290 Tus·

611 4337 681 4428 eia,
704 4348 739 4409 et
756 4337 813 4410 die
833 4339 927 4412 Xllll
946 4343 1151 4435 septembris
1171 4342 1387 4414 inmanibus
1410 4343 1522 4414 fratris
1542 4341 1654 4412 latini
1674 4363 1735 4437 per
1756 4361 1838 4413 suos
1859 4361 2028 4435 procura-

610 4470 702 4534 tores
724 4463 759 4532 in
780 4462 920 4534 Vrterbo
943 4465 1099 4558 predicta
1122 4464 1331 4560 repudiavit.
1360 4466 1423 4536 Dia
1445 4467 1583 4538 veneris
1606 4465 1714 4536 XXVI
1737 4464 1865 4536 mensis
1890 4465 2027 4556 augusti

611 4585 773 4658 dominus
798 4585 966 4658 Rodullus
988 4589 1219 4661 Romanorum
1250 4609 1315 4660 rex
1348 4588 1516 4659 interiecit
1538 4609 1656 4684 regem
1681 4587 1819 4660 Boamie
1845 4596 1881 4659 et
1907 4585 2028 4658 habuit

611 4719 719 4781 totum
739 4725 926 4802 regnantes
941 4713 1018 4804 ejus
1034 4712 1080 4784 ad
1097 4737 1158 4785 sua
1174 4723 1335 4808 precepta
1353 4722 1387 4785 et
1404 4711 1569 4786 mandata
1588 4733 1668 4784 curn
1687 4719 1758 4784 toto
1780 4711 1943 4784 thesauro
1964 4731 2027 4784 suo
