4676 6066
714 633 957 695 canonican
983 630 1285 694 PLACENTlMllM.
1665 628 1704 689 31

288 765 490 842 Mediolani.
511 763 646 852 Quibus
668 765 715 838 ita
735 767 900 862 paractis,
921 766 1084 839 dominus
1104 767 1182 838 Otto
1206 764 1438 837 Romanorum
1460 784 1544 856 rex,
1566 765 1707 838 Domini

289 892 346 984 ri,
367 899 570 986 potestatem
593 889 698 962 totius
718 887 923 961 Alamannia
938 888 1138 984 occupavit3
1151 887 1324 984 principes
1337 906 1479 980 quoquo
1498 895 1569 958 tam
1588 888 1704 960 clerici

289 1035 397 1108 quam
418 1013 498 1086 laici
516 1013 584 1110 ipsi
601 1011 799 1085 fidelitatem
813 1013 1030 1105 juraverunt.
1049 1013 1167 1086 Mense
1182 1031 1267 1084 varo
1284 1009 1459 1084 decembri
1478 1011 1638 1104 proximo
1655 1014 1706 1086 le·

289 1135 362 1230 gati
388 1135 578 1210 Mediolani
601 1145 638 1207 et
663 1133 835 1206 Placentia
850 1143 885 1207 at
899 1133 1044 1206 aliormn
1063 1132 1252 1205 amicorum
1270 1151 1407 1223 eorum,
1429 1139 1535 1225 atque
1556 1132 1708 1228 Papian-

289 1257 382 1330 sium
407 1267 443 1330 et
461 1257 744 1332 Cremonensium
761 1257 864 1350 legati
884 1255 920 1328 in
942 1254 1121 1329 banania
1142 1253 1189 1328 ad
1207 1253 1387 1327 dominum
1407 1253 1567 1328 Ottonam
1589 1276 1708 1350 ragam

290 1401 495 1478 perrexere3
514 1401 635 1454 mense
651 1400 735 1452 vero
746 1379 906 1473 januario
923 1378 1018 1474 apud
1031 1400 1113 1451 eum
1130 1377 1167 1449 in
1185 1377 1356 1472 colloquio
1374 1377 1484 1450 luera.

340 1503 427 1575 Cum
444 1503 634 1576 Brisiauses
651 1503 697 1574 ab
710 1501 893 1575 obsidione
905 1501 1046 1574 Suncini
1060 1499 1244 1587 redissent,
1260 1500 1382 1594 ingens
1394 1499 1518 1572 seditio
1535 1499 1625 1574 inter
1645 1523 1708 1596 po·

291 1627 416 1722 pulum
428 1637 463 1700 et
480 1627 608 1698 milites
621 1625 740 1698 Brixia
757 1625 823 1697 luit
842 1627 992 1720 incepta.
1010 1623 1113 1696 Nulla
1129 1623 1177 1721 (o)
1190 1643 1330 1718 quoque
1347 1623 1454 1719 prelia
1467 1632 1502 1696 et
1519 1623 1709 1698 homicidia

292 1748 329 1820 in
350 1748 492 1821 civitate
509 1757 545 1821 et
566 1769 628 1844 per
642 1747 836 1820 districtum
855 1767 975 1820 eorum
993 1757 1075 1818 suut
1092 1755 1248 1842 peracta3
1265 1746 1364 1816 multi
1384 1745 1430 1818 ab
1444 1753 1591 1842 utraque
1612 1757 1709 1842 parte

292 1879 375 1943 suut
393 1872 503 1966 capti,
525 1881 576 1958 et,
597 1869 694 1965 quod
710 1870 871 1966 iniquum
886 1869 1038 1958 videtur,
1053 1870 1089 1940 in
1108 1890 1244 1942 earcere
1260 1868 1573 1942 reclusi.Videntes
1590 1881 1708 1944 autem

292 1993 418 2065 milites
440 1993 673 2088 magnitudini
696 1991 815 2088 populi
835 2013 904 2065 non
929 2013 1032 2088 posse
1058 1991 1231 2080 resistere,
1252 1991 1428 2065 civitatem
1450 1991 1617 2066 Cremona
1643 2017 1710 2068 ac·

293 2113 456 2188 odeum
486 2137 566 2188 cum
593 2115 680 2211 ipsis
705 2114 993 2188 Cremonensibus
1018 2136 1057 2188 se
1082 2115 1303 2206 juraveruut3
1332 2115 1396 2209 qui
1424 2114 1636 2209 adjutorium
1658 2119 1709 2192 eis

292 2245 446 2332 prestare
463 2245 677 2310 sacramento
694 2235 931 2310 firmaverunt.
953 2236 1112 2328 Quadam
1130 2257 1215 2310 vero
1231 2237 1310 2310 vioe
1327 2257 1408 2309 oum
1427 2239 1576 2333 populus
1593 2241 1711 2316 Brixia

293 2381 373 2432 cum
395 2359 530 2434 carccio
547 2369 646 2433 extra
670 2359 843 2433 civitatem
864 2383 945 2432 oum
969 2359 1138 2432 militibus
1158 2380 1279 2432 eorum
1293 2357 1349 2431 -ad
1364 2361 1592 2455 pugnandum
1608 2365 1712 2439 exie-

292 2491 389 2572 runt,
410 2481 495 2555 dieti
517 2483 644 2556 milites
666 2483 757 2555 illico
778 2481 981 2556 Cremonam
1003 2491 1197 2578 pergentes,
1219 2481 1391 2554 auxilium
1406 2483 1452 2555 ab
1470 2485 1521 2558 eia
1534 2497 1639 2580 prout
1656 2499 1712 2561 te-

293 2605 467 2678 nebantur
483 2605 657 2701 petierunt
676 2604 738 2700 (t).
761 2605 830 2691 Qui
852 2605 1097 2678 Cremonenses
1114 2613 1186 2676 tam
1208 2604 1335 2677 milites
1352 2627 1459 2700 quam
1478 2606 1613 2702 pedites
1629 2631 1711 2684 cnm

294 2727 431 2801 carooio
455 2727 492 2798 iu
519 2747 639 2800 eorum
667 2725 824 2800 subsidio
852 2747 1050 2823 perrexere.
1079 2727 1166 2800 Cum
1194 2736 1311 2802 autern
1336 2726 1383 2800 ad
1407 2729 1523 2802 locum
1549 2731 1612 2803 ubi
1638 2743 1712 2808 erat

294 2851 448 2948 populus
483 2851 600 2924 Brixia
630 2849 982 2948 appropinquassent,
1007 2851 1115 2924 tensis
1147 2851 1274 2946 aquilis
1302 2859 1338 2924 et
1369 2852 1464 2924 tubis
1490 2853 1623 2928 bellicis
1649 2878 1712 2952 per

295 2983 412 3070 partes
428 2975 633 3048 sonantibus
651 2975 799 3072 prelium
819 2973 995 3070 incipitur,
1015 2981 1050 3047 et
1070 2971 1200 3046 dictum
1223 2975 1389 3070 populum
1413 2975 1530 3050 Brixia
1555 2977 1712 3075 undique

296 3096 612 3172 circumdederunt.
636 3099 766 3171 Verum
786 3097 869 3191 quia
890 3118 1001 3192 parva
1026 3097 1129 3170 turha
1151 3118 1235 3194 sepe
1253 3107 1437 3194 suparatur
1456 3121 1636 3196 amagna,
1662 3103 1712 3174 illl

299 3219 345 3294 de
381 3221 512 3316 populo
538 3219 657 3293 Brixia
681 3241 703 3292 a
726 3219 1012 3292 Cremonensibus
1039 3227 1075 3292 et
1099 3219 1269 3293 militibus
1294 3221 1534 3296 Brixiensibus
1558 3225 1710 3320 superati

296 3345 414 3434 luere3
433 3345 511 3418 illos
529 3353 645 3417 autem
663 3363 752 3439 quos
767 3343 911 3417 voluere
927 3351 962 3414 et
978 3342 1151 3414 carooium
1170 3343 1287 3417 Brixis
1306 3353 1385 3440 post
1401 3367 1462 3418 ecs
1476 3347 1608 3420 vietum
1624 3349 1712 3422 Cre-

297 3487 437 3540 monam
459 3477 495 3540 et
522 3487 583 3562 par
610 3467 784 3540 civitatem
810 3463 976 3538 Cremona
1003 3463 1154 3555 duxere3
1175 3465 1347 3540 civitatem
1371 3490 1512 3565 quoque
1534 3471 1651 3546 Brixis
1675 3473 1713 3545 iu

297 3613 404 3665 maun
423 3601 458 3665 et
475 3592 605 3666 virtute
625 3591 773 3664 militum
798 3589 917 3662 Brixia
935 3587 1119 3662 dederuut.
1144 3591 1212 3676 Qui
1229 3612 1289 3664 eos
1306 3613 1396 3688 quos
1414 3595 1556 3669 voluere
1578 3596 1624 3672 de
1645 3619 1713 3695 po-

297 3718 382 3812 pulo
404 3727 571 3814 oeperunt
589 3725 624 3789 et
641 3717 677 3788 iu
701 3737 838 3788 earcere
863 3716 1094 3807 recluserunt3
1113 3715 1198 3788 alios
1220 3737 1303 3790 vero
1325 3727 1424 3792 extra
1444 3719 1620 3796 civitatem
1642 3745 1714 3798 ex-

298 3839 475 3936 pulerunt.
506 3840 662 3934 Cumque
687 3855 750 3936 per
778 3857 843 3910 sex
866 3857 977 3912 anuos
1003 3838 1039 3909 iu
1068 3837 1237 3912 seditione
1269 3853 1565 3937 perseverassent,
1595 3845 1715 3921 diviua

299 3947 441 4034 favente
466 3957 722 4050 misericordia,
742 3979 812 4054 pax
833 3967 868 4031 et
887 3957 1073 4032 concordia
1098 3959 1188 4032 iuter
1208 3962 1375 4056 populum
1398 3973 1433 4034 et
1453 3965 1579 4039 milites
1601 3969 1713 4042 Brixia

298 4071 353 4156 est
380 4084 605 4156 sacramentis
629 4081 859 4156 corroborata.
877 4083 955 4169 Quo
983 4083 1073 4156 lacto
1100 4084 1137 4155 in
1169 4085 1401 4175 M.CC.Vlll,
1430 4085 1618 4164 indictione
1642 4092 1711 4184 Xl,

299 4227 420 4279 mense
435 4207 570 4300 aprilis,
593 4205 871 4280 Mediolanenses
892 4215 927 4280 et
944 4207 1129 4280 Placentini
1151 4209 1367 4303 aliorumque
1384 4210 1572 4284 amicorum
1594 4235 1712 4290 eorum

300 4327 405 4422 legati
422 4327 598 4400 civitatem
616 4327 737 4400 Brixia
756 4327 981 4414 accedentes,
1000 4329 1180 4404 dominum
1198 4329 1389 4406 Gnidouem
1407 4333 1543 4430 Lupum
1559 4335 1716 4428 ejusdem

343 4602 387 4684 (a)
407 4604 467 4667 Slc.
481 4605 620 4667 Forsitan
632 4601 737 4668 molta

345 4707 388 4791 (i)
410 4711 447 4772 lu
459 4711 560 4773 codlce
568 4711 722 4792 patienter.
