4534 6074
768 623 810 684 lM
834 621 973 684 thlLlil
998 619 1151 684 onsnts.
1607 619 1665 682 119

251 781 373 854 campo
382 759 559 852 jacebant.
581 758 709 829 Tamen
727 753 778 854 (c)
793 779 872 832 cum
889 757 1047 830 viderent
1061 757 1220 830 resistere
1235 779 1304 829 non
1323 777 1444 854 posse,
1467 767 1563 851 terga
1584 777 1668 827 ver-

251 889 362 952 tentes
377 903 488 974 nsque
504 880 551 952 ad
577 878 753 952 carocinm
772 879 882 974 fugati
903 881 1052 952 luerunt.
1080 878 1244 952 Videntes
1267 889 1382 953 autem
1404 880 1529 952 milites
1549 878 1611 974 qni
1631 879 1668 950 in

250 1001 406 1076 secunda
432 1003 555 1076 achera
582 1011 697 1091 erant,
716 1002 884 1096 impetum
913 1002 1128 1074 velocissime
1154 1025 1259 1098 snper
1286 1025 1346 1076 eos
1375 1003 1555 1089 facientes,
1575 1003 1669 1099 ipsos

251 1147 393 1224 qnoque
421 1125 665 1200 interficientes
682 1146 805 1219 usque
828 1123 875 1196 ad
907 1124 1062 1196 scheram
1091 1125 1307 1220 imperatoris
1335 1127 1507 1222 persecuti
1531 1129 1671 1198 luerunt

252 1251 341 1324 illos.
365 1251 490 1322 Milites
516 1249 660 1345 quidem
683 1249 745 1344 qni
772 1257 871 1322 erant
888 1248 925 1319 in
951 1249 1073 1321 schera
1098 1250 1313 1346 imperatoris
1339 1261 1374 1324 et
1395 1272 1516 1324 omnes
1543 1251 1600 1322 alii
1626 1248 1671 1323 de

252 1374 408 1448 exercitu
443 1373 658 1470 imperatoris
692 1371 873 1448 credentes
910 1371 1052 1446 firmiter
1088 1375 1213 1448 milites
1249 1397 1370 1449 omnes
1405 1375 1589 1449 Mediolani
1624 1373 1671 1447 ad

253 1497 383 1570 bellum
409 1497 564 1590 venisse,
590 1487 765 1570 insultum·
782 1517 902 1570 omnes
932 1505 967 1570 et
996 1519 1187 1593 supensos
1213 1499 1394 1589 iacientes,
1424 1500 1518 1594 ipsos
1545 1498 1672 1570 vnlne-

252 1631 387 1710 rantes,
409 1621 455 1694 de
476 1643 568 1716 aquo
590 1630 859 1718 prosternentes,
879 1620 1056 1716 usquead
1079 1625 1246 1717 populum
1262 1623 1337 1696 illos
1359 1625 1583 1717 fugaverunt,
1603 1643 1671 1694 non

252 1742 414 1820 videntes
439 1745 566 1818 milites
592 1745 745 1818 seniores
768 1743 829 1838 qni
851 1743 888 1813 in
903 1741 1055 1838 quadam
1072 1745 1164 1818 valle
1184 1745 1345 1841 privatim
1369 1747 1404 1816 in
1423 1746 1558 1817 insidiis
1578 1747 1672 1818 exis·

253 1867 385 1942 tabant.
408 1869 596 1964 imperator
614 1889 756 1963 qnoque
773 1867 914 1938 collecta
935 1867 1096 1940 universa
1114 1869 1242 1941 milicia
1255 1892 1318 1942 sua
1333 1877 1367 1940 et
1383 1869 1479 1941 omni
1493 1889 1557 1942 suo
1573 1891 1673 1941 exer·

252 1991 325 2066 citu
348 1990 395 2066 ad
425 1989 656 2089 pugnandum
682 2011 762 2062 cum
787 1989 919 2086 populo
946 1991 1105 2078 accessit,
1133 1993 1298 2064 insultum
1323 1993 1475 2065 maxima
1500 1993 1533 2063 vi
1554 1991 1590 2064 in
1613 2013 1674 2066 eos

252 2114 386 2188 iaciens
404 2115 448 2210 (b)
465 2115 559 2188 viam
575 2113 718 2186 ensibus
736 2121 770 2186 st
787 2111 991 2186 verberibus
1009 2121 1158 2186 astarum
1177 2125 1211 2186 et
1231 2115 1489 2188 conculcatione
1507 2137 1674 2213 equorum

253 2259 368 2332 usqne
398 2236 446 2310 ad
473 2237 648 2310 carecinm
677 2235 890 2331 quandoque
916 2236 1091 2332 aperiebat
1119 2247 1153 2310 et
1181 2239 1341 2311 iaciebat.
1373 2239 1560 2336 Populares
1592 2259 1675 2313 vero

252 2362 321 2458 ipsi
347 2360 395 2456 (c)
426 2361 556 2434 lanceis
583 2369 618 2434 et
644 2359 787 2432 ensibus
808 2369 843 2432 et
866 2359 1044 2454 lapidibus
1067 2362 1270 2454 gravissime
1289 2383 1348 2434 eos
1374 2364 1617 2457 percuciebant
1641 2372 1676 2435 et

253 2485 485 2556 vulnerabant
511 2486 637 2554 multos
663 2483 764 2556 morti
793 2482 969 2555 tradentes
991 2479 1054 2580 [et]
1080 2486 1175 2558 nullo
1198 2485 1303 2558 modo
1324 2509 1347 2559 a
1371 2486 1507 2558 carocio
1530 2485 1676 2560 descen·

252 2605 399 2679 debant.
436 2606 561 2680 Milites
593 2613 709 2678 antem
738 2605 926 2678 Placentini
958 2614 996 2678 et
1026 2607 1242 2700 brixienses,
1282 2609 1467 2682 suadentes
1509 2611 1676 2705 populum

252 2739 375 2802 contra
399 2729 573 2816 inimicos,
606 2727 817 2823 quandoque
846 2749 973 2822 magna
999 2729 1036 2802 vi
1062 2732 1162 2826 equis
1188 2733 1381 2806 calcaribus
1405 2735 1503 2806 tactis
1525 2733 1575 2830 (d)
1602 2733 1676 2805 im·

254 2863 375 2949 petum
407 2851 570 2925 iacientes
602 2851 767 2948 ipsosque
798 2851 1035 2947 percucientes
1068 2855 1103 2926 in
1135 2856 1254 2950 fugam
1280 2857 1383 2949 longe
1409 2879 1430 2928 a
1459 2859 1588 2953 populo
1618 2879 1677 2930 eos

253 2977 450 3050 mittebant.
472 2976 660 3070 Imperator
678 2995 760 3047 vero
782 2973 974 3047 exercitum
997 2976 1144 3048 militum
1171 2989 1206 3050 et
1231 2979 1342 3052 tocius
1367 2981 1479 3074 gentis
1504 3003 1567 3054 sne
1591 3004 1679 3056 con-

253 3097 417 3174 fortando
443 3107 483 3170 nt
506 3097 654 3172 viriliter
682 3106 896 3194 pugnarent,
924 3099 1055 3172 fortiter
1081 3099 1128 3172 ad
1154 3103 1396 3198 oprimendnm
1420 3105 1589 3200 populum
1619 3107 1679 3178 in-

255 3224 371 3297 stabat
387 3233 423 3296 et
441 3245 505 3319 per
518 3221 651 3315 girrnm
670 3243 749 3293 cum
774 3221 941 3294 militibus
963 3233 998 3296 et
1021 3223 1198 3318 peditibus
1216 3226 1290 3298 suis
1313 3249 1373 3300 eos
1393 3229 1597 3322 gravissime
1616 3230 1679 3302 in-

256 3347 418 3420 festabat.
437 3344 607 3418 Credebat
625 3344 716 3416 enim
739 3343 925 3440 imperator
943 3345 1110 3441 populum
1127 3357 1162 3418 et
1178 3349 1350 3421 carocinm
1367 3358 1401 3423 et
1418 3361 1553 3444 gentem
1574 3362 1679 3426 tetam

256 3468 446 3544 Mediolani
471 3469 508 3540 in
533 3489 598 3540 sua
623 3467 752 3540 virtute
778 3477 812 3542 et
828 3477 998 3564 potestate
1021 3468 1162 3542 habere.
1184 3472 1274 3543 Dum
1302 3484 1418 3546 autem
1441 3475 1492 3545 sio
1510 3487 1680 3550 certarent

255 3602 293 3668 et
314 3593 484 3689 populum
513 3591 718 3686 gravissime
740 3591 991 3688 opprimerent,
1013 3593 1198 3688 imperator
1218 3591 1226 3692 Ι
1247 3595 1438 3668 ascendens
1465 3597 1502 3668 in
1524 3599 1678 3693 quodam

257 3713 386 3812 podio,
408 3735 488 3788 cum
513 3712 679 3786 Gniirsdo
706 3713 831 3786 comite
858 3712 904 3788 de
930 3715 1081 3789 lomello
1109 3725 1144 3788 et
1169 3717 1367 3792 marchione
1392 3721 1615 3796 Montisterati
1645 3734 1679 3798 et

256 3839 436 3935 aliquibus
462 3837 678 3934 principibus
701 3845 737 3909 at
760 3837 949 3910 baronibus
973 3859 1079 3912 musa
1101 3839 1230 3913 bellum
1258 3841 1421 3944 videndi,
1449 3847 1539 3942 cepit
1565 3848 1680 3946 impe·

256 3970 352 4034 rator
365 3962 435 4035 alta
453 3981 543 4034 voce
562 3959 678 4032 dicere
699 3981 709 4028 ε
731 3983 750 4030 a
769 3959 859 4034 llicti
877 3971 957 4032 sunt
982 3971 1016 4036 et
1034 3965 1184 4058 superati
1202 3965 1491 4062 Mediolanenses,
1507 3979 1542 4042 et
1558 3993 1680 4047 omncs

257 4083 373 4158 babeo
393 4084 430 4157 in
447 4105 527 4158 mea
545 4090 714 4179 potestate
735 4091 770 4156 et
792 4083 933 4156 virtute.
958 4109 976 4154 n
997 4085 1094 4158 Tunc
1122 4083 1284 4161 dominus
1308 4089 1494 4164 Gniiredus
1523 4103 1558 4166 et
1583 4118 1680 4168 mar-

258 4207 341 4280 chio
365 4205 412 4280 de
434 4206 658 4280 Monteierato
679 4203 844 4279 dixerunt
866 4206 1091 4302 imperatori:
1115 4234 1134 4279 c
1154 4209 1319 4306 Domine,
1345 4214 1516 4288 numdum
1543 4215 1680 4290 vidistis

303 4413 345 4496 (a)
368 4415 405 4476 ln
417 4414 484 4478 cod.
500 4415 597 4476 Parta.
613 4412 743 4478 tandem

302 4519 346 4599 (t)
368 4521 404 4582 ln
416 4517 676 4600 codtcesacicntcr.

303 4624 343 4706 (c)
367 4625 404 4686 ln
416 4624 518 4687 codice
529 4627 620 4706 ipm.

302 4730 348 4815 (d)
369 4733 405 4794 ln
417 4731 518 4794 codice
529 4733 626 4811 ratim
638 4731 831 4796 emendamus
842 4749 881 4794 er
894 4731 962 4796 cod.
977 4733 1147 4799 Pnrtsteust.

1713 3633 1762 3680 1²01.
1771 3635 1796 3680 to
1802 3637 1872 3681 mio.
