4534 6074
638 652 681 714 90
1062 651 1305 715 cuuotttcou
1332 649 1638 712 uuacuuuttttttt.

634 786 733 879 jussa
756 795 792 858 et
810 796 972 883 precepta
996 797 1167 862 rectorum
1192 797 1392 884 spernentes
1414 797 1449 866 et
1472 784 1519 860 ad
1540 784 1801 882 expeditionem
1819 789 1984 864 amedera
2004 814 2057 866 re·

639 921 820 996 cusautes,
839 911 958 985 habito
982 914 1145 985 conscilio
1169 911 1216 986 ad
1241 921 1355 1007 portes
1381 911 1511 985 scilicet
1531 909 1745 986 Alexandria
1770 913 1836 988 iter
1861 935 1984 988 eorum
2000 915 2055 990 di·

640 1047 818 1107 rexerunt.
850 1036 1041 1110 coadunati
1074 1046 1218 1110 verost
1249 1037 1446 1130 congregati
1474 1057 1555 1108 cum
1583 1033 1831 1110 Alexandrinis
1863 1039 1898 1110 in
1931 1048 2055 1114 terram

430 1169 481 1218 ¹²0¹·
495 1174 612 1217 norae.
639 1160 848 1234 marchionis
875 1160 920 1234 de
942 1161 1166 1236 Montclerato
1190 1161 1357 1236 hostiliter
1386 1160 1621 1250 intraverunt,
1647 1169 1781 1254 segetes
1805 1161 1867 1256 qui
1888 1159 1895 1259 Ι
1917 1163 1998 1236 dom
2023 1172 2057 1238 ot

638 1285 760 1356 vincas
785 1293 820 1356 et
844 1285 982 1357 arbores
1009 1285 1208 1380 depopulati
1235 1287 1392 1376 fuerunt,
1412 1285 1487 1357 loca
1511 1291 1546 1355 et
1567 1285 1668 1356 villas
1694 1285 1777 1378 igue
1799 1297 2052 1359 cremaverunt.

638 1409 701 1480 Die
717 1431 858 1504 quoque
875 1411 1008 1482 sabbati
1024 1411 1113 1482 Vllll
1130 1407 1297 1482 kalendas
1314 1409 1406 1500 junii
1425 1405 1479 1504 (l)
1497 1409 1588 1482 circu
1605 1419 1755 1481 castrum
1774 1407 1820 1482 do
1837 1409 2055 1484 Mombaruuo

638 1555 701 1606 sua
721 1545 911 1628 posuerunt
928 1537 1124 1631 temptoria,
1143 1533 1231 1607 illud
1254 1532 1412 1630 undique
1427 1533 1627 1607 obsidentes
1642 1543 1677 1605 et
1697 1533 1841 1607 viriliter
1857 1555 1939 1607 cum
1955 1558 2053 1608 mau-

638 1659 738 1752 ganis
764 1667 798 1730 et
822 1660 992 1754 predariis
1019 1670 1053 1732 et
1079 1659 1256 1732 trabuchis
1281 1669 1539 1754 expugnantes,
1565 1667 1691 1731 terram
1715 1658 1819 1730 etiam
1846 1657 2055 1732 marchionis

638 1803 773 1877 semper
790 1781 1010 1856 devastantes
1029 1793 1063 1855 et
1082 1783 1337 1856 comburentes.
1357 1783 1400 1854 Et
1425 1781 1511 1855 dum
1526 1781 1593 1854 bec
1608 1792 1805 1876 agerentur,
1826 1791 1976 1856 rectores
1997 1803 2052 1855 so·

638 1906 771 1977 oietatis
791 1905 1062 1980 Lombardorum
1083 1917 1117 1980 et
1135 1907 1193 1980 elii
1214 1907 1281 1980 viri
1301 1905 1435 1979 nobiles
1460 1905 1520 2000 qui
1545 1905 1582 1976 in
1607 1906 1683 2002 ipso
1708 1905 1854 1978 aderant
1877 1906 2049 1998 exercitu,

638 2030 817 2124 cupientes
833 2040 955 2104 terram
981 2031 1199 2105 inimicorum
1224 2033 1361 2128 penitus
1382 2029 1586 2126 depopulari
1607 2037 1642 2103 et
1658 2029 1842 2126 depredari
1860 2029 1949 2102 inter
1978 2031 2052 2103 lle·

638 2151 856 2226 diolanenses
882 2163 917 2227 ot
942 2155 1156 2250 Placentinos
1182 2157 1350 2229 miserunt
1375 2165 1415 2228 ut
1440 2177 1643 2228 succursum
1666 2155 1814 2226 militum
1839 2164 1874 2227 et
1896 2153 2053 2252 peditum

638 2277 762 2349 iterum
783 2289 935 2373 prestare
953 2279 1135 2372 deberent,
1161 2289 1199 2351 ut
1215 2299 1285 2374 que
1302 2287 1553 2375 proposuerant
1569 2275 1621 2373 (a)
1636 2277 1682 2351 ad
1706 2278 1842 2352 exitum
1863 2277 2053 2374 perducere

636 2401 800 2472 velociter
815 2411 969 2498 possent.
991 2403 1057 2489 Qui
1079 2403 1235 2476 volentes
1252 2405 1350 2494 jussa
1372 2411 1407 2476 et
1423 2399 1587 2474 mandata
1612 2421 1733 2473 eorum
1755 2401 1909 2497 plenarie
1930 2401 2053 2473 obser-

636 2545 741 2616 vare,
762 2525 855 2597 illico
870 2547 990 2598 omnes
1007 2527 1134 2600 milites
1154 2525 1339 2600 Mediolani
1358 2535 1427 2598 tam
1442 2525 1626 2598 extrinseci
1647 2545 1754 2618 quam
1772 2523 1950 2596 intrinseci
1973 2545 2049 2595 cum

637 2648 747 2719 tribus
763 2648 902 2722 milibus
917 2650 1075 2746 peditum
1094 2650 1139 2722 de
1156 2650 1358 2723 melioribus
1381 2647 1564 2722 Mediolani
1585 2638 1651 2719 iter
1668 2667 1788 2720 eorum
1806 2647 1977 2720 Vercellas
1993 2646 2050 2720 di-

490 2793 495 2804 ·
635 2783 819 2861 rexerunt,
840 2775 877 2844 in
898 2775 1070 2847 auxilium
1086 2773 1400 2846 Alexandrinorum
1420 2769 1591 2867 proficisci
1608 2769 1819 2843 festinantes.

687 3027 736 3100 lic
750 3053 833 3124 poce
849 3041 880 3102 et
897 3029 1069 3102 corwordio
1085 3034 1178 3122 sucta
1190 3030 1277 3101 inter
1293 3029 1515 3100 marchionem
1532 3027 1572 3100 dc
1586 3029 1804 3120 Monteferalo
1819 3039 1850 3100 et
1864 3039 2003 3101 rectores

1231 3155 1443 3225 lombardie.
1664 3163 1667 3171 ’

685 3333 749 3406 Die
762 3353 847 3406 vero
862 3331 953 3424 jovis
969 3331 1047 3404 Xlll
1061 3332 1189 3403 mensis
1203 3331 1294 3424 junii
1313 3330 1475 3403 dominus
1491 3329 1706 3402 Reimuudus
1722 3330 1768 3404 do
1783 3331 1865 3403 loco
1880 3330 2048 3402 Placentie

637 3467 807 3553 potestas,
828 3477 954 3549 magne
974 3455 1161 3528 nobilitatis
1182 3463 1218 3527 et
1238 3453 1422 3550 prudentie
1439 3455 1540 3528 miles
1556 3455 1768 3528 honorabilis
1782 3464 1818 3528 st
1833 3454 2047 3528 excellentis·

637 3581 747 3654 simus
769 3581 838 3671 vir,
861 3581 897 3651 iu
920 3579 1025 3652 armis
1047 3579 1180 3652 bellicis
1205 3578 1481 3672 potentissimus,
1502 3579 1646 3674 cupiens
1667 3579 1840 3652 affectanti
1861 3580 1978 3652 animo
2003 3577 2047 3651 ad

637 3705 898 3802 expeditionem
918 3702 1103 3795 accedere,
1130 3703 1251 3776 nolens
1273 3702 1487 3776 Placentinos
1509 3710 1544 3775 et
1560 3703 1655 3776 viros
1680 3701 1814 3776 nobiles
1829 3703 1891 3797 qui
1914 3703 1951 3775 in
1976 3704 2048 3799 ipso

637 3831 793 3904 exercitu
817 3827 962 3902 aderant
988 3827 1070 3899 belli
1095 3828 1270 3899 fortunam
1287 3828 1421 3920 absque
1441 3847 1484 3900 eo
1507 3836 1690 3922 temptare,
1710 3849 1792 3900 cum
1808 3827 1866 3898 LX
1884 3827 2047 3898 militibus

627 3954 808 4027 ¹Placentia
822 3953 938 4025 clectis
955 3972 1061 4022 causa
1078 3949 1317 4044 proficiscendi
1335 3950 1462 4045 inipso
1481 3949 1722 4046 expeditione,
1739 3972 1802 4046 per
1817 3960 1943 4024 terram
1960 3973 2047 4023 mar·

639 4079 772 4152 chionis
792 4077 984 4173 Malaspine
1004 4085 1038 4148 et
1060 4074 1216 4148 Terdoue
1239 4073 1332 4146 idem
1358 4074 1521 4147 dominus
1545 4074 1763 4148 Raimundus
1789 4075 1835 4148 ad
1862 4097 1946 4148 suas
1972 4095 2047 4170 pro·

638 4205 733 4302 prias
756 4222 928 4297 expensas
955 4222 1034 4272 cum
1061 4199 1146 4293 ipsis
1170 4199 1338 4272 militibus
1355 4197 1555 4272 festinanter
1579 4217 1722 4291 pergere
1746 4200 1899 4287 curavit,
1922 4199 2045 4292 ingenti

638 4327 748 4421 gloria
771 4336 806 4398 et
827 4325 956 4420 gaudio
980 4332 1015 4396 et
1039 4322 1147 4396 nimio
1171 4322 1345 4417 triumpho
1367 4321 1412 4395 ab
1434 4320 1596 4393 omnibus
1618 4329 1790 4414 receptus.
1810 4320 1853 4392 Et
1879 4319 1965 4392 dum
1986 4321 2047 4392 hoc

683 4503 724 4584 (α)
745 4503 781 4564 ln
798 4503 898 4564 codice
905 4505 1108 4581 proposuerat.

677 4797 714 4871 lt)
733 4797 769 4854 le
781 4793 883 4853 semodi
894 4796 930 4850 ab
943 4791 1005 4849 mni.
1017 4791 1085 4848 Date
1097 4793 1198 4845 exacte.
