4594 6066
812 607 855 668 lu
878 605 1020 668 trabib
1043 604 1194 666 GESTIS.
1650 597 1709 660 lte

295 741 568 834 Mutinensibus,
586 740 729 836 Reginis
748 749 853 838 atque
868 741 1036 815 militibus
1059 741 1195 829 Tuscis,
1212 737 1339 834 Apulis
1357 745 1392 810 et
1405 735 1481 808 aliis
1508 733 1648 808 intravit
1672 735 1708 806 iu

294 867 536 964 episcopatum
550 865 719 958 Bononia,
734 873 769 938 et
781 866 919 939 castella
935 865 1101 938 Plumacii
1114 873 1149 938 et
1161 860 1358 936 Crevacoris
1371 861 1461 953 cepit
1479 867 1514 931 et
1530 859 1710 932 combuxit

294 1000 331 1064 ct
345 989 489 1064 circaM
511 989 668 1086 captivos
692 990 729 1060 in
754 989 838 1085 ipsis
856 990 1004 1064 castellis
1022 988 1114 1084 cepit
1130 1009 1217 1082 quus
1238 986 1408 1060 Mutinam
1434 991 1469 1056 et
1491 982 1650 1054 Parmam
1675 991 1711 1054 et

294 1115 442 1209 Regium
465 1113 548 1188 duci
565 1113 656 1187 lecit.
683 1113 815 1187 Interea
830 1113 984 1187 marchio
999 1115 1133 1186 Lancea
1155 1132 1234 1184 cnm
1256 1107 1502 1205 Papiensibus,
1515 1107 1710 1180 vercellen·

293 1238 408 1327 sibus,
427 1237 717 1326 Novaniensibns,
739 1237 1018 1311 l'erdonensibus
1037 1245 1071 1310 et
1092 1235 1169 1308 aliis
1189 1255 1269 1307 cnm
1289 1232 1467 1306 trabuchis
1488 1241 1522 1304 et
1538 1231 1710 1304 hedificiis

295 1371 331 1434 et
344 1362 496 1434 naribus
509 1369 682 1435 venerunt
701 1360 749 1434 ad
768 1361 1005 1435 ossiditionem
1022 1358 1096 1456 (cic)
1117 1357 1231 1455 pontis
1251 1357 1335 1430 novi
1359 1355 1543 1428 Placentia.
1560 1355 1603 1427 Et
1625 1355 1709 1426 Cre-

294 1507 478 1560 monenses
491 1485 736 1582 equitaverunt
750 1483 917 1558 landam.
933 1489 977 1558 ut
988 1483 1172 1580 Papienses
1185 1483 1339 1554 lecerunt
1350 1492 1487 1574 pontem
1501 1478 1545 1552 de
1559 1479 1710 1552 navibus

294 1609 447 1707 desuper
468 1619 607 1706 pontem
629 1609 866 1683 Placentinum
885 1617 921 1682 et
939 1609 976 1681 in
1001 1609 1086 1682 testo
1108 1608 1207 1682 beate
1231 1605 1414 1700 Margarita
1432 1603 1603 1678 dederunt
1621 1614 1710 1680 stur·

294 1757 393 1807 mum
411 1735 550 1808 castello
562 1744 597 1807 et
613 1734 712 1830 ponti
728 1754 788 1830 per
800 1741 927 1806 terram
937 1740 972 1804 et
987 1753 1127 1826 aquam,
1148 1729 1382 1825 permittentes
1395 1728 1516 1802 venire
1534 1732 1710 1804 castellnm

293 1879 461 1952 magnum
484 1857 715 1950 lignaminnm
741 1858 870 1930 factum
896 1855 933 1927 in
959 1853 1110 1928 nauibus
1139 1874 1315 1928 accessum
1335 1851 1386 1950 (a)
1409 1862 1449 1926 nt
1471 1854 1712 1927 comburerent

293 1991 455 2078 pontem,
477 1981 541 2056 sed
560 1981 748 2054 Placentini
772 1989 958 2074 antequam
982 1977 1028 2052 ad
1043 1986 1184 2074 pontem
1207 1975 1401 2068 accederet,
1423 1975 1510 2050 illud
1534 1979 1712 2052 metellum

294 2127 378 2178 cnm
397 2105 552 2200 graphiis
576 2103 694 2176 terreis
716 2113 904 2200 ceperunt,
921 2104 1034 2198 ipsum
1053 2102 1089 2174 in
1106 2103 1233 2174 bucam
1248 2100 1387 2174 Lambri
1408 2101 1651 2176 conducentes.
1669 2102 1712 2174 Et

293 2237 380 2301 tunc
405 2229 533 2302 milicia
555 2227 721 2302 Cremona
742 2237 816 2302 erat
837 2237 922 2324 aput
945 2225 1212 2300 Mambrionum.
1238 2227 1303 2298 Die
1328 2227 1506 2320 sequenti,
1526 2227 1712 2322 Papienses

293 2353 389 2448 passi
411 2354 521 2426 multa
535 2351 688 2447 dampna
708 2359 744 2424 et
760 2352 932 2425 vulnerati
947 2360 983 2424 et
998 2350 1124 2423 mamni
1139 2351 1257 2446 plnres
1270 2359 1501 2442 recesserunt,
1521 2360 1556 2424 et
1579 2351 1712 2426 Medio·

293 2477 454 2552 lunenses
480 2485 565 2550 tnnc
581 2477 788 2550 Placentinis
805 2477 942 2549 nullum
958 2475 1129 2548 auxilinm
1152 2474 1375 2571 prestiterunt
1392 2497 1457 2548 nec
1476 2484 1627 2570 prestare
1650 2499 1713 2550 vo·

293 2601 448 2674 luerunt.
462 2601 527 2675 Die
545 2601 719 2674 dominico
733 2599 797 2673 Xll
812 2599 977 2674 kalendas
994 2598 1211 2696 septembris,
1227 2599 1412 2694 imperator
1428 2621 1509 2672 cum
1524 2609 1596 2673 toto
1609 2623 1712 2674 exer·

294 2725 368 2800 citn
383 2746 448 2798 suo
471 2725 568 2797 venit
590 2725 771 2817 Parmam,
791 2722 919 2798 deinde
935 2745 1015 2798 cnm
1034 2723 1108 2796 suis
1126 2721 1294 2796 militibus
1306 2723 1476 2818 equdtavb
1495 2724 1710 2800 Cremonam.

293 2848 428 2922 Interea
450 2847 634 2941 Gregorius
658 2847 705 2921 de
731 2847 952 2942 Montelongo
980 2869 1060 2920 cnm
1086 2846 1404 2922 Mediolanensibus
1432 2869 1559 2923 cavum
1585 2847 1713 2924 Adduo

293 2973 477 3064 ludebant,
498 2979 664 3045 conantes
685 2971 866 3046 extrahere
884 2981 918 3044 et
939 2971 1133 3044 conducere
1156 2993 1283 3066 aquam
1304 2971 1433 3046 Addua
1451 2973 1487 3045 in
1510 2973 1709 3048 lambrum.

343 3098 406 3170 Die
425 3097 564 3170 veneris
584 3095 662 3168 xvi
685 3096 814 3168 mensis
834 3095 1057 3192 septembris,
1090 3095 1276 3190 imperator
1300 3098 1518 3192 congregatis
1544 3098 1714 3172 militibus

294 3221 514 3296 Theotonicis
536 3231 642 3316 atquc
666 3219 971 3310 Cremonensibus,
993 3220 1236 3293 laudensibus
1257 3229 1292 3293 et
1314 3221 1414 3296 CCCC
1439 3223 1605 3307 militibus
1624 3226 1713 3298 Per-

294 3346 388 3441 gami
418 3354 453 3420 et
478 3345 504 3419 C
529 3344 698 3417 militibus
725 3345 884 3434 Mantus,
915 3343 1161 3439 Papiensibus,
1191 3343 1488 3435 Terdoneneibus,
1517 3347 1711 3424 Vercellen-

294 3471 413 3562 sibus,
438 3467 445 3568 l
466 3469 757 3561 Novariensibus,
777 3467 1000 3559 Astansibns,
1031 3468 1298 3561 Tnnimaschis,
1318 3470 1516 3544 marchione
1536 3473 1711 3549 Mentissa-

294 3595 380 3683 rati,
405 3593 605 3666 marchione
628 3591 820 3687 Malaspina
845 3600 880 3664 et
906 3591 982 3665 aliis
1011 3591 1179 3664 militibus
1205 3593 1344 3685 Tnsoie,
1365 3593 1493 3690 Apulis
1517 3606 1552 3670 ct
1572 3599 1712 3673 Marche

295 3740 376 3792 cnm
394 3717 538 3791 carociis
554 3715 721 3789 Cremone
733 3724 768 3788 et
784 3713 891 3812 Papie
908 3714 1005 3812 apud
1021 3715 1181 3789 Landnm
1198 3716 1347 3811 Vegium
1366 3729 1625 3796 castrametatus
1642 3735 1707 3798 est.

293 3843 338 3916 Et
356 3842 441 3915 inde
459 3851 574 3915 amoto
596 3839 751 3914 exercitu
774 3861 839 3913 suo
862 3841 959 3914 venit
982 3839 1029 3914 ud
1055 3841 1185 3914 tlnmen
1207 3842 1360 3914 Lambri.
1379 3845 1463 3917 Mox
1490 3855 1607 3921 antem
1631 3849 1712 3922 tecit

293 3967 472 4064 preparari
489 3975 612 4062 pontes
631 3987 736 4061 super
757 3964 844 4037 illud
861 3964 991 4038 flumen
1014 3975 1049 4038 et
1072 3965 1211 4040 intravit
1231 3967 1430 4040 comitatum
1448 3969 1654 4064 Mediolani,
1676 3983 1711 4046 et

294 4113 376 4165 cnm
393 4090 573 4162 transisset
598 4097 632 4162 et
648 4091 725 4182 ejus
744 4087 919 4162 exercitus
943 4109 1023 4161 cnm
1041 4111 1102 4182 eo,
1126 4099 1384 4164 castrametatus
1404 4101 1468 4165 est.
1492 4095 1612 4168 Statim
1633 4097 1708 4170 Me-

295 4215 514 4288 diolanenses
535 4212 648 4308 posita
670 4233 762 4306 aqua
782 4211 819 4284 in
839 4233 927 4286 cavo
950 4212 1046 4308 qnod
1066 4213 1239 4286 iaciebant
1260 4223 1294 4286 et
1318 4214 1444 4290 dimise
1464 4239 1529 4310 eo,
1556 4219 1603 4291 ad
1622 4219 1709 4294 civi·

294 4347 398 4410 tatem
417 4337 548 4411 reversi
565 4345 666 4430 sunt,
687 4345 901 4432 acceptoque
924 4336 1033 4411 vetari
1052 4337 1187 4412 canucio
1207 4359 1346 4431 eorum,
1376 4349 1461 4436 aput
1485 4341 1708 4418 Claravallem

294 4483 414 4536 eornm
441 4461 622 4558 temptoria
659 4459 860 4535 infixerunt.
890 4445 1074 4558 Imperator
1103 4471 1218 4536 autem
1247 4465 1418 4539 combusit
1446 4467 1706 4564 Melegnanum,

336 4701 378 4782 (a)
399 4701 498 4766 Locus
510 4710 545 4766 ut
560 4705 677 4769 rtdctnr
689 4707 822 4812 mutilus.
