4534 6074
687 670 928 733 clluoltlcou
952 670 1256 731 unsuuuulltuu.
1640 668 1681 732 ’19

303 806 426 904 ideC.
441 807 594 898 XXVlll,
617 805 677 878 die
687 807 849 878 mercurii
860 805 935 880 Vlll
951 806 1080 878 mensis
1095 807 1248 878 octubris
1263 803 1331 900 (l),
1348 804 1581 878 Bononienses
1600 827 1680 878 cum

255 931 390 1004 carocio
415 939 451 1003 et
479 951 559 1004 cum
581 929 745 1001 universa
766 939 869 1022 gente
892 949 1013 1002 eorum
1036 929 1203 1020 militum,
1230 927 1406 1022 peditum,
1427 927 1680 1019 sagittariorum

255 1063 291 1127 ct
315 1054 579 1128 halestariorum
603 1063 744 1126 etcum
769 1053 891 1126 amicis
915 1073 1035 1125 eorum
1058 1051 1279 1142 Florentinis,
1304 1050 1498 1142 Faentinis,
1524 1053 1681 1126 llavena-

256 1177 369 1270 tibus,
391 1178 623 1252 imolensibus
643 1185 680 1250 et
696 1177 774 1249 aliis
791 1179 929 1250 illarum
945 1177 1115 1272 partium,
1133 1177 1348 1248 intraverunt
1368 1175 1405 1246 in
1430 1184 1554 1247 terram
1569 1177 1682 1248 bluti-

256 1303 420 1376 nsnsium
445 1303 666 1374 inimicorum
694 1319 836 1394 eorum;
858 1311 982 1374 terram
1008 1321 1149 1395 quoque
1168 1321 1288 1374 eorum
1314 1298 1518 1394 depopulari
1543 1309 1577 1372 et
1600 1300 1682 1394 igne

256 1449 409 1500 cremare
431 1447 643 1523 proposuere
660 1424 724 1520 (a).
756 1424 991 1498 Castramelati
1016 1423 1156 1495 luerunt
1177 1445 1327 1517 namquo
1349 1425 1440 1496 circe
1463 1434 1614 1496 castrum
1637 1424 1682 1497 de

255 1551 404 1642 Bamno,
423 1549 513 1622 illud
530 1549 676 1643 quidem
694 1549 876 1643 manganis
889 1557 924 1620 et
939 1547 1107 1642 predariis
1124 1546 1282 1640 undique
1297 1547 1517 1639 obsidentes,
1535 1557 1570 1620 et
1585 1548 1684 1642 equi·

256 1681 368 1745 tanus
391 1693 455 1768 per
481 1673 702 1745 inimicorum
723 1681 846 1744 terram
866 1671 947 1764 igne
969 1671 1079 1765 ipsam
1098 1679 1340 1742 cremaverunt
1363 1681 1398 1742 et
1421 1671 1679 1744 combuserunt,

255 1797 320 1868 Die
335 1805 451 1869 autem
471 1795 609 1870 veneris
623 1805 658 1869 et
671 1795 729 1869 die
744 1795 878 1868 sabbati
895 1796 1055 1890 proximo
1066 1795 1273 1866 Parmexaui
1289 1815 1371 1865 cum
1388 1795 1522 1868 carocio
1539 1795 1683 1868 alumni

255 1929 360 2014 gente
384 1939 507 1992 eorum
532 1920 680 1992 militum
706 1929 742 1992 et
767 1918 926 2015 peditum
950 1917 1112 1992 exierunt
1135 1918 1330 2008 civitatem,
1356 1921 1392 1990 iu
1421 1939 1623 1991 succursum
1649 1929 1684 1992 et

255 2045 431 2116 auxilium
452 2044 701 2118 Mutinensium
719 2043 909 2117 amicorum
927 2063 1070 2138 pergere
1089 2043 1300 2114 festinantes.
1321 2042 1386 2114 Die
1403 2063 1486 2114 vero
1509 2041 1684 2116 dominica

257 2169 389 2241 mensis
407 2171 586 2261 veniente,
607 2170 774 2243 Cremona
791 2169 917 2242 milites
934 2176 970 2241 et
992 2170 1067 2260 ejus
1083 2167 1231 2242 civitatis
1247 2167 1433 2262 populares
1450 2166 1488 2238 in
1509 2167 1683 2240 auxilium

256 2289 505 2364 Mutinensium
516 2291 687 2388 proficisci
700 2291 967 2382 festinaverunt3
985 2299 1021 2364 et
1031 2313 1073 2363 eo
1088 2289 1483 2384 temporeBononienses
1492 2299 1602 2364 castra
1612 2292 1684 2364 duo

258 2413 508 2486 Mutinensium
526 2423 702 2509 ceperunt,
720 2414 846 2486 milites
866 2423 900 2486 et
921 2411 927 2510 Ι
950 2413 1084 2508 pedites
1106 2413 1167 2508 qui
1186 2411 1404 2486 custodiendi
1422 2434 1528 2486 causa
1546 2413 1582 2486 in
1600 2414 1684 2509 ipsis

259 2533 405 2606 aderant
419 2535 629 2607 babuerunt.
652 2537 716 2608 Die
737 2535 912 2610 dominica
936 2536 1011 2609 Vlll
1028 2535 1186 2630 ejusdem
1208 2536 1337 2608 mensis
1355 2535 1541 2609 Mediolani
1560 2538 1685 2613 milites

260 2659 417 2730 volentes
429 2658 626 2732 subsidium
635 2659 912 2732 Bononiensibus
923 2659 1044 2732 amicis
1060 2680 1180 2732 eorum
1194 2668 1396 2754 prestarent
1411 2660 1458 2733 ed
1469 2661 1684 2756 propositum

260 2803 321 2854 ecs
335 2781 471 2876 possint
487 2803 668 2874 revocare,
683 2783 748 2856 iter
764 2804 886 2858 eorum
904 2803 1027 2858 versus
1044 2785 1198 2856 Cremam
1217 2781 1390 2874 direxere,
1404 2791 1529 2855 terram
1541 2805 1684 2880 quoque

261 2905 544 2978 Cremonensium
560 2907 741 2980 devastare
760 2917 794 2980 ct
816 2901 1019 2980 comburere
1039 2907 1260 3002 proposuisse
1275 2906 1364 3001 (sic).
1385 2906 1449 2978 Die
1470 2909 1632 2980 mercurii
1649 2921 1685 2982 et

260 3027 319 3102 die
334 3029 431 3122 jovis
453 3029 614 3125 proxima
635 3029 804 3126 impetum
826 3031 863 3102 in
887 3039 1012 3104 terram
1035 3029 1315 3102 Cremonensium
1337 3030 1513 3122 iacientes,
1532 3032 1634 3105 villus
1647 3043 1683 3106 el
1773 3045 1781 3063 ·

260 3154 336 3226 loca
362 3155 473 3226 multa
500 3153 763 3246 combuserunt,
784 3152 927 3249 predam
951 3175 1114 3248 magnam
1140 3163 1349 3226 armatorum
1381 3151 1464 3226 inde
1494 3154 1678 3248 ducentes;

259 3275 418 3349 similiter
440 3276 498 3350 die
520 3277 671 3367 veneris,
691 3277 750 3351 die
767 3277 916 3369 sabbati,
935 3277 993 3350 die
1008 3277 1195 3368 dominico,
1213 3277 1270 3350 dia
1288 3278 1382 3367 lune,
1401 3275 1459 3348 dia
1473 3279 1603 3369 martis,
1624 3280 1682 3354 die

261 3398 424 3471 mercurii
440 3409 475 3470 et
490 3397 548 3472 die
560 3399 655 3491 jovis
670 3419 732 3494 per
745 3398 938 3472 districtum
953 3399 1118 3472 Cremone
1134 3399 1342 3492 equitantes,
1353 3397 1453 3471 villas
1468 3407 1503 3471 et
1519 3401 1595 3472 loca
1611 3404 1682 3476 lere

261 3519 432 3616 usquead
445 3521 622 3594 civitatem
640 3521 972 3596 combuseruntllie
990 3542 1073 3595 vero
1091 3522 1218 3595 luneX
1234 3518 1401 3592 kalendas
1418 3523 1616 3596 novembris
1627 3525 1681 3621 (2)

262 3667 342 3718 cum
357 3645 622 3737 Cremonenses,
641 3645 841 3720 Parmensss
863 3653 898 3719 et
914 3645 1126 3720 Mutinenses
1147 3644 1194 3717 ad
1211 3645 1483 3716 combustionem
1499 3648 1681 3738 enjusdam

261 3769 328 3843 loci
352 3769 623 3843 bononiensium
644 3768 832 3861 redissent,
854 3769 1083 3865 percipientes
1098 3769 1331 3842 bononienses
1348 3769 1474 3845 milites
1492 3779 1527 3844 et
1542 3772 1602 3844 alii
1619 3773 1681 3868 qui

262 3893 300 3966 in
318 3915 440 3966 eorum
461 3893 617 3965 exercitu
636 3892 800 3982 aderant,
817 3893 906 3966 inter
922 3913 1047 3965 nonam
1068 3902 1102 3966 et
1127 3914 1288 3988 vesperas
1312 3892 1436 3966 armati
1465 3903 1499 3966 et
1524 3897 1679 3971 asclerati

262 4039 385 4090 versus
399 4017 558 4089 inimicos
571 4016 766 4110 equitantes
779 4027 813 4088 et
826 4017 992 4110 impetum
1005 4015 1338 4110 euperoosviriliter
1347 4017 1523 4109 iacientes,
1534 4019 1681 4114 prelium

263 4150 487 4234 magnumst
509 4139 768 4232 iniquissimum
790 4139 954 4234 incipitur
975 4165 983 4210 ε
1007 4139 1172 4234 preliator
1189 4148 1223 4212 et
1242 4147 1389 4212 oemtur
1415 4141 1617 4233 gravissime
1634 4146 1680 4218 ab

263 4273 412 4356 utraque
428 4269 539 4358 parte,
560 4261 660 4332 multi
675 4281 721 4334 ex
741 4271 888 4356 utruque
906 4269 1003 4356 parte
1018 4271 1099 4334 sunt
1121 4262 1212 4358 capti
1228 4272 1262 4336 et
1278 4283 1325 4334 ex
1341 4262 1626 4338 Cremonensibus
1645 4275 1681 4340 el

302 4682 338 4756 (1)
355 4683 420 4740 Leo
433 4682 544 4741 octobre
557 4683 624 4740 dtait
635 4698 672 4738 un
683 4681 826 4739 dimaoche
839 4699 874 4739 en
888 4686 968 4742 ⁴22⁸.
984 4683 1119 4742 Parcere
1133 4683 1220 4741 lant-il
1233 4683 1281 4742 lire
1294 4686 1359 4744 1111
1372 4701 1407 4744 au
1419 4685 1474 4744 lieu
1486 4686 1520 4744 de
1533 4689 1608 4746 Vlll.

303 4777 339 4850 (2)
357 4777 395 4834 Le
406 4776 482 4834 lundi
494 4781 529 4837 2³
541 4775 662 4836 octobre.
676 4778 743 4835 Date
755 4785 858 4837 exacte.
