4568 6064
799 677 841 738 lul
866 677 1006 738 lTALlA
1031 678 1183 778 etnsvls.
1643 674 1701 736 351

282 815 413 909 quibus
429 815 551 888 vivere
566 835 609 887 ac
626 813 714 886 mori
732 814 833 888 uobis
848 815 884 886 in
909 813 1050 887 laudem
1070 823 1105 887 et
1120 816 1265 910 gloriam
1282 813 1471 886 maximam
1489 821 1701 907 reputamus.

283 937 358 1021 Qua
374 945 514 1033 propter
530 935 613 1010 fidei
631 945 744 1009 vestre
766 939 1000 1010 constanciam
1020 937 1064 1011 de
1083 961 1154 1034 qua
1171 938 1368 1035 plenissime
1382 933 1589 1009 confidimus
1606 946 1641 1007 et
1659 935 1705 1007 ab

282 1071 431 1157 experto
445 1081 638 1156 speramus,
658 1069 812 1134 ortamur
825 1061 1013 1135 affectuoso
1027 1072 1189 1155 rogantes
1209 1073 1381 1157 quatenus
1398 1058 1567 1156 quiequid
1582 1067 1653 1130 tam
1669 1059 1705 1130 iu

284 1185 353 1258 biis
368 1207 474 1280 quam
493 1184 570 1258 aliis
587 1184 759 1257 discretus
775 1184 830 1256 vir
842 1183 1016 1258 Jordanus
1041 1185 1086 1258 de
1103 1185 1211 1258 Podio
1229 1185 1439 1258 camerarius
1457 1192 1492 1256 et
1509 1190 1707 1277 procurator

284 1309 418 1403 imperii
432 1309 603 1402 generalis
622 1307 769 1381 dilectus
784 1307 895 1382 fidelis
913 1317 1029 1382 noster
1042 1309 1232 1383 voluntatis
1243 1319 1358 1384 nostre
1373 1309 1475 1405 plene
1495 1307 1654 1380 conscius
1673 1314 1708 1378 et

283 1433 473 1506 instructus
489 1433 589 1510 vobis
608 1454 670 1528 pro
689 1445 786 1528 parte
799 1443 916 1505 nostra
939 1432 1088 1525 dixerit,
1107 1431 1247 1506 firmiter
1263 1432 1404 1506 eredere
1421 1441 1590 1524 tanquam
1606 1430 1707 1502 nobie

283 1557 410 1629 vellitis
442 1566 479 1629 et
516 1555 699 1630 efficaciter
729 1564 767 1627 ot
802 1555 1011 1630 confidimus
1040 1557 1245 1654 adimplere.
1278 1559 1404 1630 Datum
1431 1555 1468 1627 iu
1495 1554 1704 1647 bellicadro,

283 1681 364 1753 XXl
383 1680 514 1752 mensis
533 1679 659 1769 madii,
675 1680 720 1752 lll
739 1679 938 1754 indictione.
965 1705 983 1750 »
1691 1762 1695 1770 ¹

359 1801 367 1900 Ι
388 1806 439 1876 lla
455 1824 574 1876 mense
588 1803 678 1894 junii
695 1803 880 1898 Papiensos
892 1789 972 1875 cum
987 1803 1172 1899 Spaguolis
1191 1811 1226 1876 ct
1248 1803 1520 1878 Novariensibus
1536 1811 1571 1874 et
1588 1823 1709 1874 eorum
1734 1821 1899 1866 rot-vtem·

286 1929 409 2002 amieis
424 1927 625 2000 habuerunt
642 1935 794 2000 castrum
809 1926 947 2000 Galiaro
964 1925 1014 2023 (ci
1025 1949 1087 2023 per
1101 1927 1174 1999 vim
1189 1927 1285 2022 qood
1302 1926 1484 1999 tenebatur
1499 1947 1561 2022 per
1578 1925 1708 2000 Medio-

285 2054 446 2125 lanenses
461 2061 496 2124 et
507 2052 616 2124 multa
633 2052 702 2126 alia
717 2063 827 2124 castra
841 2052 1002 2125 Novarie.
1017 2053 1102 2124 ltem
1112 2053 1158 2126 M.
1177 2051 1241 2124 CC.
1260 2051 1394 2124 LXXV.

334 2178 385 2248 De
402 2197 522 2248 mense
538 2175 678 2270 augusti
694 2175 859 2249 Astenses
880 2187 915 2248 et
934 2173 1085 2248 marchio
1101 2175 1325 2248 Montislerati
1342 2173 1532 2247 exereitum
1554 2174 1710 2247 lecerunt

286 2321 395 2394 super
418 2300 594 2372 civitatem
617 2299 704 2372 Albe
721 2309 757 2374 et
778 2300 814 2372 in
829 2300 1048 2374 Pedemontis
1065 2321 1176 2393 usque
1195 2297 1241 2372 ad
1264 2298 1411 2370 Cunium
1437 2297 1653 2372 devastando
1675 2309 1710 2372 et

285 2423 458 2518 capiendo
477 2425 586 2497 multa
600 2423 675 2498 loca
694 2433 813 2498 contra
831 2425 1003 2518 vigeriam
1020 2423 1152 2496 domiui
1170 2423 1262 2514 regis
1284 2423 1399 2494 Karoli
1418 2433 1453 2494 et
1478 2422 1525 2494 ibi
1542 2432 1709 2495 steterunt

285 2567 349 2640 per
366 2567 477 2617 uuum
495 2567 648 2618 mensem
664 2557 698 2619 et
712 2549 803 2641 plus.
819 2549 869 2620 De
886 2569 1004 2620 mense
1022 2546 1229 2642 septembris
1243 2546 1426 2640 Papienses
1443 2547 1610 2618 hostiliter
1628 2571 1708 2620 cum

286 2689 407 2741 eorum
421 2670 593 2760 exercitu,
610 2671 735 2743 milites
749 2670 915 2764 Novaria,
933 2671 1178 2758 vercellarum,
1195 2691 1311 2743 comes
1327 2670 1513 2744 Ubertiuns
1527 2669 1572 2742 de
1590 2671 1709 2746 Laudo

286 2812 367 2863 cum
384 2801 522 2865 centum
550 2794 715 2866 militibus
732 2793 777 2868 de
800 2795 971 2868 Placentia
996 2795 1102 2890 partis
1124 2793 1337 2884 extrinsece,
1360 2795 1480 2865 Bosius
1499 2792 1544 2866 de
1562 2795 1708 2868 Dovaria

282 2936 368 2986 cum
386 2917 554 2990 militibus
569 2929 605 2990 et
619 2917 797 3014 peditibus
817 2919 923 3015 partis
941 2919 1137 2992 extrinseca
1157 2917 1203 2991 de
1220 2917 1405 3008 Cremona,
1433 2917 1630 2991 laudenses
1643 2940 1709 2991 ex-

286 3038 426 3112 trinseci
444 3051 480 3112 et
498 3041 736 3116 Terdouenscs
753 3043 938 3114 extrinseci
962 3063 1041 3114 cum
1062 3041 1254 3136 quingintis
1277 3043 1444 3114 militibus
1463 3043 1644 3138 Spagnolis
1662 3043 1710 3117 ad

286 3165 491 3240 instanciam
513 3177 547 3240 et
571 3167 831 3262 requisitionem
849 3167 1105 3261 capitaneorum
1129 3175 1164 3238 et
1187 3167 1408 3238 valvasorum
1433 3167 1708 3240 extrinsecorum

287 3291 332 3364 de
347 3290 543 3365 Mediolano
569 3291 631 3386 qui
658 3291 820 3364 dicebant
844 3314 882 3364 se
907 3291 1036 3364 babere
1061 3297 1245 3362 tractatum
1273 3290 1309 3361 iu
1335 3290 1474 3363 civitate
1498 3291 1706 3385 Mediolani,

287 3415 478 3487 exercitum
497 3416 652 3488 lecerunt
665 3436 769 3510 super
784 3414 1060 3488 Mediolanenses
1076 3414 1111 3486 in
1128 3414 1285 3510 partibus
1303 3413 1469 3485 Tioiuelli.
1490 3415 1618 3486 Tamen
1638 3438 1708 3488 non

287 3540 496 3612 transierunt
509 3541 710 3613 Tioiuollum
731 3551 869 3638 propter
885 3541 1158 3614 Mediolanenses
1172 3541 1374 3614 intrinsecos
1388 3561 1467 3612 cum
1482 3561 1600 3613 eorum
1617 3545 1709 3614 ami-

286 3665 338 3736 eis
353 3663 399 3736 do
412 3663 618 3738 [embadis
635 3665 696 3760 qui
711 3664 913 3758 adstabant,
932 3675 966 3739 et
981 3675 1150 3739 steterunt
1162 3665 1211 3738 ibi
1229 3687 1291 3760 per
1305 3665 1353 3736 Xl
1368 3665 1442 3738 dies
1460 3675 1494 3738 et
1507 3665 1710 3740 reddiernut

287 3787 334 3860 ad
351 3789 492 3882 propria
506 3789 763 3883 uuusquisque.

335 3913 387 3984 De
403 3933 521 3984 mense
543 3912 696 3985 octubris
721 3914 873 4008 populus
896 3913 1000 4007 Papio
1018 3913 1065 3986 ad
1080 3934 1204 3986 vocem
1228 3913 1344 4004 allegit
1365 3911 1548 3985 dominum
1567 3914 1708 3987 Guillel·

287 4057 384 4106 mum
408 4037 453 4110 de
471 4036 597 4109 Sancto
615 4037 759 4109 Nazario
782 4059 901 4110 eorum
920 4049 1085 4110 rectorem
1105 4047 1140 4110 et
1152 4047 1374 4132 potestatem;
1397 4039 1458 4132 qui
1478 4047 1555 4132 post
1580 4061 1710 4133 paucos

287 4157 364 4230 dies
382 4159 514 4230 scilicet
533 4157 593 4232 die
615 4159 750 4232 sabbati
770 4161 847 4232 XVl
866 4162 1066 4233 novembris
1091 4159 1283 4232 introduxit
1306 4161 1506 4256 episcopum
1530 4162 1635 4256 Papie
1651 4163 1710 4256 (de

288 4281 386 4354 Zazis
400 4279 493 4376 erat)
510 4283 546 4354 in
567 4283 709 4378 Papiam
729 4295 847 4357 contra
872 4286 1084 4357 voluntatem
1101 4283 1232 4356 domini
1251 4285 1373 4357 lenoni
1398 4285 1443 4358 de
1464 4285 1624 4358 Beoearia
1647 4288 1709 4380 qui

286 4414 360 4477 erat
383 4415 533 4500 potestas
546 4407 664 4501 pupuli
687 4407 792 4503 Papio
816 4419 850 4480 el
869 4419 987 4481 contra
1004 4411 1216 4481 voluntatem
1236 4408 1368 4481 domini
1389 4408 1536 4481 Conradi
1560 4409 1605 4481 de
1622 4411 1711 4504 Be07

287 4528 380 4601 caria
391 4528 454 4623 qui
470 4543 543 4602 arat
555 4531 685 4602 electus
696 4531 815 4626 Papio,
827 4541 861 4604 et
873 4533 924 4603 sio
935 4531 1049 4604 dictus
1060 4529 1435 4604 dominusGuillelmus
1448 4555 1527 4604 cum
1543 4534 1711 4607 militibus

287 4653 827 4750 etpopuloPapieqniFallabrini
838 4643 1718 4754 dicunturhabetlotumdominiumcivitatisPapie.'

331 4799 372 4880 (a)
394 4803 430 4864 lu
444 4805 598 4882 marglnall
611 4813 682 4866 nota
698 4801 823 4865 Gallula.
