4534 6074
600 647 658 708 100
1018 651 1258 713 efluoulcon
1282 651 1582 715 auscultamus.

662 902 864 997 Colloqmbm
881 917 1044 977 rectorum
1070 905 1259 978 lombardie
1280 918 1311 978 et
1332 905 1553 978 cardinalium
1569 907 1606 977 iu
1626 907 1760 979 ciuitate
1783 911 1941 982 Bononia

643 1103 761 1176 Mense
779 1126 863 1178 vero
884 1108 1043 1200 proximo
1065 1106 1244 1196 februarii,
1269 1105 1463 1178 cardinales
1482 1115 1600 1178 sancte
1617 1107 1770 1182 Ecclesie
1789 1110 1837 1202 (a)
1859 1083 2006 1184 lacobus

592 1227 811 1300 Penestrinus
840 1229 1024 1325 episcopus
1050 1231 1179 1302 electus
1205 1239 1240 1302 et
1265 1230 1342 1302 Otto
1365 1230 1455 1302 tituli
1482 1231 1597 1302 Sancti
1621 1230 1776 1305 Nioholai
1805 1234 1842 1304 iu
1869 1256 2005 1308 carcere

592 1351 749 1424 Tulliano
768 1352 895 1422 summi
920 1351 1090 1448 pontificis
1114 1354 1216 1446 legati
1236 1374 1340 1446 super
1359 1351 1541 1424 eoncordia
1569 1353 1778 1447 inquirenda
1805 1367 1839 1428 et
1860 1378 2000 1452 compo-

591 1473 708 1548 nenda
734 1473 822 1545 inter
844 1474 1045 1548 Foderioum
1071 1477 1303 1548 Romanorum
1330 1477 1571 1570 imperatorem
1601 1485 1637 1548 et
1658 1478 1869 1552 Lombardos
1892 1481 2003 1552 Bono·

590 1598 683 1670 niam
713 1609 944 1670 accesserunt.
968 1599 1036 1684 Qui
1055 1622 1135 1672 oum
1159 1600 1348 1672 rectoribus
1373 1601 1544 1672 societatis
1561 1601 1766 1674 Lombardie
1788 1603 1825 1672 in
1845 1603 2003 1677 kalendis

590 1721 700 1793 martii
724 1722 934 1815 colloquium
961 1723 996 1794 in
1026 1723 1100 1817 ipsa
1125 1733 1317 1795 statuerunt
1341 1725 1498 1811 civitate,
1530 1723 1651 1797 dantes
1678 1722 1714 1795 in
1742 1725 1913 1799 mandatis
1940 1749 2002 1822 per

588 1843 727 1916 nuutios
751 1865 833 1916 suos
857 1845 1046 1916 rectoribus
1071 1846 1344 1938 uuiuscujusque
1364 1846 1512 1918 civitatis
1535 1847 1709 1920 societatis
1733 1847 1939 1920 Lombardie
1962 1861 2001 1920 ut

587 1966 623 2038 in
652 1965 775 2038 eodem
803 1967 949 2040 termino
976 1967 1023 2040 ad
1050 1968 1137 2042 illud
1164 1990 1243 2040 oum
1276 1968 1360 2040 viris
1388 1969 1618 2064 prudentibus
1642 1969 1807 2044 deberent
1834 1973 2001 2044 aceedere

585 2090 809 2184 colloquium.
829 2089 885 2164 Ad
901 2093 1018 2184 quod,
1037 2103 1140 2187 prout
1156 2093 1193 2162 in
1217 2092 1390 2164 mandatis
1405 2093 1613 2182 habuerant,
1634 2094 1833 2166 festinanter
1854 2115 1999 2188 perexe-

584 2223 683 2298 ruut,
701 2214 830 2288 ibidem
853 2215 1066 2287 adinvicem
1091 2238 1170 2287 oum
1193 2217 1245 2288 eis
1267 2216 1313 2290 de
1339 2217 1415 2310 ipsa
1441 2239 1525 2312 pace
1553 2227 1587 2290 et
1610 2218 1792 2290 eoncordia
1817 2217 1999 2312 diligenter

583 2345 781 2410 tractantes.
801 2339 1037 2432 Responsione
1054 2361 1137 2410 voro
1159 2341 1247 2410 saeta
1268 2341 1313 2410 ab
1338 2341 1421 2434 ipsis
1438 2342 1647 2430 rectoribus,
1669 2341 1734 2412 iter
1759 2362 1878 2414 eorum
1904 2343 1998 2413 sesti-

581 2467 703 2530 nauter
722 2461 897 2530 Raveuam
921 2460 967 2532 ad
986 2460 1118 2532 domiui
1145 2462 1359 2553 imperatoris
1384 2464 1590 2552 presentiam
1614 2461 1764 2552 dirigere
1788 2472 1993 2530 statuerunt.

581 2579 736 2674 Cumque
752 2591 866 2652 esseut
884 2582 919 2651 in
941 2582 1078 2668 itinere,
1098 2582 1191 2654 idem
1209 2582 1372 2654 domiuus
1390 2582 1575 2676 imperator
1596 2583 1641 2654 de
1667 2603 1787 2654 eorum
1803 2581 1997 2676 intelligens

581 2703 755 2791 adventu,
782 2703 841 2776 die
866 2702 1040 2776 dominico
1061 2706 1120 2775 vll
1136 2705 1264 2776 mensis
1284 2705 1396 2778 martii
1416 2705 1505 2776 inter
1529 2727 1657 2778 nouam
1676 2714 1710 2776 et
1728 2726 1891 2798 vesperas
1915 2727 1995 2777 oum

580 2847 687 2920 parva
704 2826 806 2896 turba
823 2825 969 2896 militum
986 2825 1031 2898 de
1049 2825 1123 2920 ipsa
1138 2827 1298 2920 privatim
1315 2825 1436 2898 exiens
1448 2827 1607 2916 civitate,
1623 2825 1812 2920 equitando
1828 2826 1875 2898 ad
1891 2829 1995 2900 maris

578 2951 736 3043 pervenit
764 2949 891 3037 littora3
922 2947 1050 3021 deinde
1079 2971 1220 3020 cursum
1249 2948 1451 3042 navigando
1476 2971 1537 3044 per
1561 2948 1646 3020 Padi
1675 2947 1789 3020 undas
1812 2949 1994 3021 Loeretum

580 3072 725 3162 direxit,
750 3072 797 3142 ibi
827 3093 959 3144 moram
986 3073 1115 3144 iaciens
1133 3082 1167 3144 et
1191 3093 1270 3142 cum
1296 3072 1580 3145 ambasiatoribus
1603 3073 1746 3144 venetie
1770 3051 1834 3142 luit
1858 3073 1994 3144 loeutus

578 3196 698 3268 diceus
715 3205 750 3267 et
768 3195 819 3264 eis
838 3216 1038 3288 proponens
1059 3196 1179 3266 limina
1197 3196 1288 3266 beati
1306 3196 1436 3265 Marobi
1459 3195 1600 3265 visitare
1621 3193 1856 3286 proposuisse3
1874 3203 1994 3286 postu·

577 3321 652 3392 laus
670 3328 710 3389 ut
727 3318 764 3388 in
779 3317 903 3388 eadem
923 3317 1061 3390 civitate
1086 3318 1200 3412 ipsum
1223 3338 1302 3390 num
1323 3317 1422 3388 turba
1442 3337 1504 3388 sua
1531 3316 1684 3412 recipere
1702 3314 1881 3388 deberent.
1906 3319 1993 3389 Cum

576 3451 691 3514 autem
724 3441 966 3534 cognovissent
993 3441 1131 3512 oracula
1158 3441 1273 3512 Sancti
1303 3439 1433 3511 Marobi
1460 3439 1599 3510 visitare
1623 3439 1803 3526 statuisse,
1829 3441 1993 3514 conscilio

576 3567 827 3637 communicato
851 3563 897 3636 ad
918 3564 1075 3636 eamdem
1099 3573 1343 3636 concesserunt
1363 3562 1529 3636 accedere
1547 3563 1738 3655 civitatem,
1760 3585 1890 3636 moram
1909 3587 1992 3636 vero

575 3690 622 3760 ibi
641 3689 770 3760 iaciens
790 3709 850 3782 per
869 3697 1019 3782 quatuor
1036 3689 1091 3759 vel
1110 3688 1265 3782 quinque
1291 3687 1377 3760 dies.
1397 3686 1531 3759 Deinde
1548 3687 1594 3758 de
1614 3708 1657 3758 ea
1679 3688 1804 3759 exiens
1827 3688 1987 3777 civitate,

574 3833 637 3907 per
655 3811 759 3882 maris
777 3811 890 3884 undas
903 3812 953 3882 sic
971 3811 1171 3903 navigando
1183 3810 1403 3904 Aquileginm
1417 3810 1582 3884 accedere
1598 3811 1789 3900 festinavit,
1813 3812 1991 3884 locuturus

575 3959 655 4008 cum
676 3936 855 4007 Alamanie
874 3935 1104 4030 principibus.
1129 3937 1258 4008 Verum
1283 3935 1367 4028 quia
1387 3935 1579 4008 cardinales
1600 3935 1715 4029 ipsum
1741 3935 1897 4008 invenire
1919 3935 1990 4006 mi-

574 4059 667 4130 nime
684 4068 868 4153 potueruut
890 4070 924 4131 et
946 4058 1015 4131 fide
1038 4059 1153 4130 relicta
1180 4057 1380 4130 indecenter
1404 4081 1425 4130 a
1455 4059 1592 4130 Ravene
1618 4058 1759 4130 civitate
1784 4069 1985 4148 secesserat,

573 4182 668 4276 quod
682 4192 734 4254 est
753 4190 870 4254 contra
889 4181 1015 4254 summi
1034 4180 1207 4276 pontificis
1223 4181 1386 4254 bonorem
1403 4181 1532 4276 pariter
1548 4189 1583 4252 et
1601 4181 1862 4271 excellentiam,
1883 4181 1988 4254 valde

572 4317 655 4379 sunt
670 4307 769 4378 mesti
787 4315 821 4376 et
838 4305 1023 4398 plurimum
1038 4304 1179 4376 turbati.
1201 4304 1268 4390 Qui
1287 4303 1332 4376 ad
1352 4305 1505 4376 Bonome
1522 4303 1696 4376 civitatem
1722 4303 1894 4376 redientes
1912 4325 1987 4376 rec·

571 4430 705 4502 toribus
720 4439 754 4500 et
771 4426 1053 4500 ambasiatoribus
1079 4428 1250 4498 societatis
1273 4425 1479 4500 Lombardie
1499 4427 1535 4497 in
1554 4425 1727 4499 mandatis
1749 4425 1920 4500 dederuut
1947 4437 1988 4498 ut

571 4553 717 4647 quilibet
742 4549 787 4624 ad
815 4572 878 4622 sua
903 4549 1054 4622 debebat
1075 4549 1188 4622 redire
1207 4549 1357 4646 propria.
1377 4551 1462 4622 Cum
1485 4559 1599 4622 autem
1631 4551 1695 4622 bec
1721 4559 1797 4622 acm
1821 4551 1982 4640 luissent,

613 4753 655 4834 (a)
678 4755 713 4816 lu
727 4753 826 4814 codlce
835 4748 995 4812 cardinalis
1008 4748 1120 4814 Scicilic
1134 4757 1173 4813 ct.
