<?xml version="1.0" encoding="UTF-8"?>
<!DOCTYPE html PUBLIC "-//W3C//DTD XHTML 1.0 Transitional//EN"
    "http://www.w3.org/TR/xhtml1/DTD/xhtml1-transitional.dtd">
<html xmlns="http://www.w3.org/1999/xhtml" xml:lang="en" lang="en">
 <head>
  <title>
</title>
<meta http-equiv="Content-Type" content="text/html;charset=utf-8" />
  <meta name='ocr-system' content='tesseract 3.04.00' />
  <meta name='ocr-capabilities' content='ocr_page ocr_carea ocr_par ocr_line ocrx_word'/>
</head>
<body>
  <div class='ocr_page' id='page_1' title='image "./chroniconplacen00huilgoog_0336.png"; bbox 0 0 4554 6080; ppageno 0'>
   <div class='ocr_carea' id='block_1_1' title="bbox 770 702 1671 766">
    <p class='ocr_par' dir='ltr' id='par_1_1' title="bbox 770 702 1671 766">
     <span class='ocr_line' id='line_1_1' title="bbox 770 702 1671 766; baseline -0.002 0"><span class='ocrx_word' id='word_1_1' title='bbox 770 705 812 766; x_wconf 73' lang='lat' dir='ltr'><strong>lb</strong></span> <span class='ocrx_word' id='word_1_2' title='bbox 836 702 976 766; x_wconf 75' lang='lat' dir='ltr'><strong>{Tanta</strong></span> <span class='ocrx_word' id='word_1_3' title='bbox 1000 703 1152 765; x_wconf 79' lang='lat' dir='ltr'><strong>cusrts.</strong></span> <span class='ocrx_word' id='word_1_4' title='bbox 1610 705 1671 764; x_wconf 76' lang='lat' dir='ltr'><strong>alt</strong></span> 
     </span>
    </p>
   </div>
   <div class='ocr_carea' id='block_1_2' title="bbox 242 835 1744 4890">
    <p class='ocr_par' dir='ltr' id='par_1_2' title="bbox 242 835 1744 4890">
     <span class='ocr_line' id='line_1_2' title="bbox 304 835 1669 932; baseline 0 -20"><span class='ocrx_word' id='word_1_5' title='bbox 304 867 323 912; x_wconf 85' lang='lat' dir='ltr'><strong>u</strong></span> <span class='ocrx_word' id='word_1_6' title='bbox 340 842 500 932; x_wconf 88' lang='lat' dir='ltr'><strong>Karolus‚</strong></span> <span class='ocrx_word' id='word_1_7' title='bbox 520 839 583 912; x_wconf 90' lang='lat' dir='ltr'><strong>Dei</strong></span> <span class='ocrx_word' id='word_1_8' title='bbox 603 839 716 932; x_wconf 77' lang='lat' dir='ltr'><strong>gratia</strong></span> <span class='ocrx_word' id='word_1_9' title='bbox 733 861 798 912; x_wconf 84' lang='lat' dir='ltr'><strong>rex</strong></span> <span class='ocrx_word' id='word_1_10' title='bbox 816 839 963 930; x_wconf 89' lang='lat' dir='ltr'><strong>Scicilie,</strong></span> <span class='ocrx_word' id='word_1_11' title='bbox 983 839 1130 912; x_wconf 78' lang='lat' dir='ltr'><strong>ducatus</strong></span> <span class='ocrx_word' id='word_1_12' title='bbox 1151 835 1291 932; x_wconf 81' lang='lat' dir='ltr'><strong>Apulia,</strong></span> <span class='ocrx_word' id='word_1_13' title='bbox 1309 835 1524 932; x_wconf 79' lang='lat' dir='ltr'><strong>principatus</strong></span> <span class='ocrx_word' id='word_1_14' title='bbox 1539 837 1669 932; x_wconf 85' lang='lat' dir='ltr'><strong>Capua,</strong></span> 
     </span>
     <span class='ocr_line' id='line_1_3' title="bbox 250 961 1672 1060; baseline -0.002 -22"><span class='ocrx_word' id='word_1_15' title='bbox 250 965 467 1060; x_wconf 68' lang='lat' dir='ltr'><strong>andegavii‚</strong></span> <span class='ocrx_word' id='word_1_16' title='bbox 484 963 666 1037; x_wconf 86' lang='lat' dir='ltr'><strong>Provincia</strong></span> <span class='ocrx_word' id='word_1_17' title='bbox 683 971 718 1036; x_wconf 88' lang='lat' dir='ltr'><strong>et</strong></span> <span class='ocrx_word' id='word_1_18' title='bbox 736 961 985 1036; x_wconf 82' lang='lat' dir='ltr'><strong>Fulcbalcberii</strong></span> <span class='ocrx_word' id='word_1_19' title='bbox 1004 984 1137 1054; x_wconf 89' lang='lat' dir='ltr'><strong>comes,</strong></span> <span class='ocrx_word' id='word_1_20' title='bbox 1158 961 1285 1034; x_wconf 89' lang='lat' dir='ltr'><strong>dilecto</strong></span> <span class='ocrx_word' id='word_1_21' title='bbox 1297 982 1362 1034; x_wconf 91' lang='lat' dir='ltr'><strong>suo</strong></span> <span class='ocrx_word' id='word_1_22' title='bbox 1380 961 1561 1033; x_wconf 85' lang='lat' dir='ltr'><strong>Guillelmo</strong></span> <span class='ocrx_word' id='word_1_23' title='bbox 1573 963 1672 1035; x_wconf 90' lang='lat' dir='ltr'><strong>Sten-</strong></span> 
     </span>
     <span class='ocr_line' id='line_1_4' title="bbox 252 1085 1672 1176; baseline -0.003 -14"><span class='ocrx_word' id='word_1_24' title='bbox 252 1087 364 1162; x_wconf 88' lang='lat' dir='ltr'><strong>dardo</strong></span> <span class='ocrx_word' id='word_1_25' title='bbox 383 1087 599 1162; x_wconf 89' lang='lat' dir='ltr'><strong>senescalsco</strong></span> <span class='ocrx_word' id='word_1_26' title='bbox 619 1107 684 1160; x_wconf 91' lang='lat' dir='ltr'><strong>suo</strong></span> <span class='ocrx_word' id='word_1_27' title='bbox 700 1086 881 1160; x_wconf 84' lang='lat' dir='ltr'><strong>Provincia</strong></span> <span class='ocrx_word' id='word_1_28' title='bbox 898 1095 932 1159; x_wconf 89' lang='lat' dir='ltr'><strong>et</strong></span> <span class='ocrx_word' id='word_1_29' title='bbox 947 1085 1206 1176; x_wconf 86' lang='lat' dir='ltr'><strong>Fulcbacberii,</strong></span> <span class='ocrx_word' id='word_1_30' title='bbox 1225 1085 1355 1158; x_wconf 89' lang='lat' dir='ltr'><strong>tenenti</strong></span> <span class='ocrx_word' id='word_1_31' title='bbox 1372 1085 1487 1156; x_wconf 92' lang='lat' dir='ltr'><strong>locum</strong></span> <span class='ocrx_word' id='word_1_32' title='bbox 1505 1108 1608 1157; x_wconf 92' lang='lat' dir='ltr'><strong>sunm</strong></span> <span class='ocrx_word' id='word_1_33' title='bbox 1635 1087 1672 1158; x_wconf 92' lang='lat' dir='ltr'><strong>in</strong></span> 
     </span>
     <span class='ocr_line' id='line_1_5' title="bbox 252 1195 1744 1305; baseline -0.002 -21"><span class='ocrx_word' id='word_1_34' title='bbox 252 1209 480 1302; x_wconf 89' lang='lat' dir='ltr'><strong>Lombardia,</strong></span> <span class='ocrx_word' id='word_1_35' title='bbox 504 1210 649 1305; x_wconf 80' lang='lat' dir='ltr'><strong>gratiam</strong></span> <span class='ocrx_word' id='word_1_36' title='bbox 674 1231 775 1283; x_wconf 91' lang='lat' dir='ltr'><strong>suam</strong></span> <span class='ocrx_word' id='word_1_37' title='bbox 804 1221 838 1282; x_wconf 89' lang='lat' dir='ltr'><strong>et</strong></span> <span class='ocrx_word' id='word_1_38' title='bbox 863 1211 992 1282; x_wconf 91' lang='lat' dir='ltr'><strong>bonam</strong></span> <span class='ocrx_word' id='word_1_39' title='bbox 1016 1209 1242 1282; x_wconf 88' lang='lat' dir='ltr'><strong>voluntatem.</strong></span> <span class='ocrx_word' id='word_1_40' title='bbox 1270 1207 1452 1281; x_wconf 88' lang='lat' dir='ltr'><strong>Intellectis</strong></span> <span class='ocrx_word' id='word_1_41' title='bbox 1475 1230 1545 1302; x_wconf 93' lang='lat' dir='ltr'><strong>que</strong></span> <span class='ocrx_word' id='word_1_42' title='bbox 1571 1208 1672 1282; x_wconf 89' lang='lat' dir='ltr'><strong>nobis</strong></span> <span class='ocrx_word' id='word_1_43' title='bbox 1740 1195 1744 1200; x_wconf 44' lang='lat'>¹</span> 
     </span>
     <span class='ocr_line' id='line_1_6' title="bbox 251 1331 1671 1429; baseline -0.003 -21"><span class='ocrx_word' id='word_1_44' title='bbox 251 1333 461 1410; x_wconf 87' lang='lat' dir='ltr'><strong>venerabilis</strong></span> <span class='ocrx_word' id='word_1_45' title='bbox 477 1343 576 1428; x_wconf 90' lang='lat' dir='ltr'><strong>pater</strong></span> <span class='ocrx_word' id='word_1_46' title='bbox 593 1333 874 1429; x_wconf 78' lang='lat' dir='ltr'><strong>archiepiscopus</strong></span> <span class='ocrx_word' id='word_1_47' title='bbox 890 1334 1088 1406; x_wconf 85' lang='lat' dir='ltr'><strong>Ravanatus</strong></span> <span class='ocrx_word' id='word_1_48' title='bbox 1103 1331 1298 1427; x_wconf 84' lang='lat' dir='ltr'><strong>Apostolice</strong></span> <span class='ocrx_word' id='word_1_49' title='bbox 1315 1331 1416 1404; x_wconf 90' lang='lat' dir='ltr'><strong>Sedis</strong></span> <span class='ocrx_word' id='word_1_50' title='bbox 1435 1333 1588 1425; x_wconf 82' lang='lat' dir='ltr'><strong>legatus,</strong></span> <span class='ocrx_word' id='word_1_51' title='bbox 1609 1332 1671 1405; x_wconf 80' lang='lat' dir='ltr'><strong>lra-</strong></span> 
     </span>
     <span class='ocr_line' id='line_1_7' title="bbox 250 1455 1668 1548; baseline -0.001 -18"><span class='ocrx_word' id='word_1_52' title='bbox 250 1457 411 1530; x_wconf 75' lang='lat' dir='ltr'><strong>tissimus</strong></span> <span class='ocrx_word' id='word_1_53' title='bbox 427 1457 561 1532; x_wconf 90' lang='lat' dir='ltr'><strong>amicus</strong></span> <span class='ocrx_word' id='word_1_54' title='bbox 580 1468 709 1546; x_wconf 88' lang='lat' dir='ltr'><strong>nester,</strong></span> <span class='ocrx_word' id='word_1_55' title='bbox 726 1467 761 1531; x_wconf 89' lang='lat' dir='ltr'><strong>et</strong></span> <span class='ocrx_word' id='word_1_56' title='bbox 775 1468 813 1530; x_wconf 93' lang='lat' dir='ltr'><strong>tu</strong></span> <span class='ocrx_word' id='word_1_57' title='bbox 832 1457 1036 1531; x_wconf 83' lang='lat' dir='ltr'><strong>excellentie</strong></span> <span class='ocrx_word' id='word_1_58' title='bbox 1057 1465 1172 1530; x_wconf 90' lang='lat' dir='ltr'><strong>nostre</strong></span> <span class='ocrx_word' id='word_1_59' title='bbox 1192 1456 1316 1528; x_wconf 86' lang='lat' dir='ltr'><strong>vestris</strong></span> <span class='ocrx_word' id='word_1_60' title='bbox 1333 1455 1453 1528; x_wconf 90' lang='lat' dir='ltr'><strong>litteris</strong></span> <span class='ocrx_word' id='word_1_61' title='bbox 1472 1455 1668 1548; x_wconf 88' lang='lat' dir='ltr'><strong>intimastis,</strong></span> 
     </span>
     <span class='ocr_line' id='line_1_8' title="bbox 250 1579 1671 1676; baseline -0.001 -23"><span class='ocrx_word' id='word_1_62' title='bbox 250 1581 315 1654; x_wconf 86' lang='lat' dir='ltr'><strong>tibi</strong></span> <span class='ocrx_word' id='word_1_63' title='bbox 335 1581 482 1655; x_wconf 73' lang='lat' dir='ltr'><strong>scimus</strong></span> <span class='ocrx_word' id='word_1_64' title='bbox 500 1582 721 1656; x_wconf 78' lang='lat' dir='ltr'><strong>manifestum</strong></span> <span class='ocrx_word' id='word_1_65' title='bbox 743 1581 839 1676; x_wconf 89' lang='lat' dir='ltr'><strong>quod</strong></span> <span class='ocrx_word' id='word_1_66' title='bbox 860 1603 924 1655; x_wconf 91' lang='lat' dir='ltr'><strong>nos</strong></span> <span class='ocrx_word' id='word_1_67' title='bbox 947 1581 1087 1676; x_wconf 90' lang='lat' dir='ltr'><strong>dirupto</strong></span> <span class='ocrx_word' id='word_1_68' title='bbox 1112 1579 1266 1653; x_wconf 80' lang='lat' dir='ltr'><strong>fonditus</strong></span> <span class='ocrx_word' id='word_1_69' title='bbox 1284 1589 1395 1652; x_wconf 91' lang='lat' dir='ltr'><strong>castro</strong></span> <span class='ocrx_word' id='word_1_70' title='bbox 1416 1579 1509 1651; x_wconf 90' lang='lat' dir='ltr'><strong>Porti</strong></span> <span class='ocrx_word' id='word_1_71' title='bbox 1531 1579 1671 1652; x_wconf 89' lang='lat' dir='ltr'><strong>Pisauni</strong></span> 
     </span>
     <span class='ocr_line' id='line_1_9' title="bbox 250 1701 1668 1796; baseline -0.004 -18"><span class='ocrx_word' id='word_1_72' title='bbox 250 1715 287 1778; x_wconf 90' lang='lat' dir='ltr'><strong>ot</strong></span> <span class='ocrx_word' id='word_1_73' title='bbox 300 1704 450 1778; x_wconf 88' lang='lat' dir='ltr'><strong>incensis</strong></span> <span class='ocrx_word' id='word_1_74' title='bbox 470 1705 633 1778; x_wconf 88' lang='lat' dir='ltr'><strong>omnibus</strong></span> <span class='ocrx_word' id='word_1_75' title='bbox 653 1703 730 1777; x_wconf 90' lang='lat' dir='ltr'><strong>aliis</strong></span> <span class='ocrx_word' id='word_1_76' title='bbox 757 1705 899 1778; x_wconf 87' lang='lat' dir='ltr'><strong>lorticiis</strong></span> <span class='ocrx_word' id='word_1_77' title='bbox 924 1704 1126 1776; x_wconf 88' lang='lat' dir='ltr'><strong>Pisancrnm</strong></span> <span class='ocrx_word' id='word_1_78' title='bbox 1151 1702 1382 1775; x_wconf 82' lang='lat' dir='ltr'><strong>existentibus</strong></span> <span class='ocrx_word' id='word_1_79' title='bbox 1404 1702 1494 1775; x_wconf 86' lang='lat' dir='ltr'><strong>ultra</strong></span> <span class='ocrx_word' id='word_1_80' title='bbox 1515 1701 1668 1796; x_wconf 87' lang='lat' dir='ltr'><strong>Arnum,</strong></span> 
     </span>
     <span class='ocr_line' id='line_1_10' title="bbox 250 1824 1671 1922; baseline -0.002 -22"><span class='ocrx_word' id='word_1_81' title='bbox 250 1827 489 1902; x_wconf 83' lang='lat' dir='ltr'><strong>intelleximus</strong></span> <span class='ocrx_word' id='word_1_82' title='bbox 505 1825 738 1900; x_wconf 91' lang='lat' dir='ltr'><strong>Conradinom</strong></span> <span class='ocrx_word' id='word_1_83' title='bbox 757 1827 896 1900; x_wconf 88' lang='lat' dir='ltr'><strong>vonisse</strong></span> <span class='ocrx_word' id='word_1_84' title='bbox 917 1826 1059 1922; x_wconf 89' lang='lat' dir='ltr'><strong>Papiam</strong></span> <span class='ocrx_word' id='word_1_85' title='bbox 1080 1847 1161 1898; x_wconf 90' lang='lat' dir='ltr'><strong>oum</strong></span> <span class='ocrx_word' id='word_1_86' title='bbox 1185 1825 1245 1898; x_wconf 93' lang='lat' dir='ltr'><strong>illo</strong></span> <span class='ocrx_word' id='word_1_87' title='bbox 1260 1825 1408 1898; x_wconf 84' lang='lat' dir='ltr'><strong>exfortio</strong></span> <span class='ocrx_word' id='word_1_88' title='bbox 1423 1824 1519 1920; x_wconf 92' lang='lat' dir='ltr'><strong>quod</strong></span> <span class='ocrx_word' id='word_1_89' title='bbox 1542 1824 1671 1898; x_wconf 89' lang='lat' dir='ltr'><strong>babere</strong></span> 
     </span>
     <span class='ocr_line' id='line_1_11' title="bbox 251 1948 1671 2048; baseline -0.001 -24"><span class='ocrx_word' id='word_1_90' title='bbox 251 1952 381 2048; x_wconf 88' lang='lat' dir='ltr'><strong>potnit,</strong></span> <span class='ocrx_word' id='word_1_91' title='bbox 406 1950 589 2025; x_wconf 88' lang='lat' dir='ltr'><strong>intendens</strong></span> <span class='ocrx_word' id='word_1_92' title='bbox 609 1951 730 2024; x_wconf 86' lang='lat' dir='ltr'><strong>venire</strong></span> <span class='ocrx_word' id='word_1_93' title='bbox 750 1951 787 2022; x_wconf 93' lang='lat' dir='ltr'><strong>in</strong></span> <span class='ocrx_word' id='word_1_94' title='bbox 802 1949 972 2023; x_wconf 81' lang='lat' dir='ltr'><strong>auxilium</strong></span> <span class='ocrx_word' id='word_1_95' title='bbox 989 1948 1204 2022; x_wconf 88' lang='lat' dir='ltr'><strong>Pisanorum.</strong></span> <span class='ocrx_word' id='word_1_96' title='bbox 1226 1949 1393 2035; x_wconf 88' lang='lat' dir='ltr'><strong>Quamvis</strong></span> <span class='ocrx_word' id='word_1_97' title='bbox 1410 1957 1491 2021; x_wconf 85' lang='lat' dir='ltr'><strong>aute</strong></span> <span class='ocrx_word' id='word_1_98' title='bbox 1512 1949 1671 2022; x_wconf 89' lang='lat' dir='ltr'><strong>auditum</strong></span> 
     </span>
     <span class='ocr_line' id='line_1_12' title="bbox 250 2072 1671 2170; baseline 0 -22"><span class='ocrx_word' id='word_1_99' title='bbox 250 2074 442 2148; x_wconf 82' lang='lat' dir='ltr'><strong>adventum</strong></span> <span class='ocrx_word' id='word_1_100' title='bbox 461 2077 538 2168; x_wconf 84' lang='lat' dir='ltr'><strong>ejus</strong></span> <span class='ocrx_word' id='word_1_101' title='bbox 563 2075 861 2170; x_wconf 84' lang='lat' dir='ltr'><strong>proposuissemus</strong></span> <span class='ocrx_word' id='word_1_102' title='bbox 879 2095 1000 2147; x_wconf 88' lang='lat' dir='ltr'><strong>versus</strong></span> <span class='ocrx_word' id='word_1_103' title='bbox 1017 2072 1198 2146; x_wconf 93' lang='lat' dir='ltr'><strong>dominum</strong></span> <span class='ocrx_word' id='word_1_104' title='bbox 1217 2094 1344 2167; x_wconf 90' lang='lat' dir='ltr'><strong>papam</strong></span> <span class='ocrx_word' id='word_1_105' title='bbox 1364 2081 1400 2144; x_wconf 91' lang='lat' dir='ltr'><strong>et</strong></span> <span class='ocrx_word' id='word_1_106' title='bbox 1418 2094 1563 2166; x_wconf 82' lang='lat' dir='ltr'><strong>regnum</strong></span> <span class='ocrx_word' id='word_1_107' title='bbox 1589 2095 1671 2148; x_wconf 88' lang='lat' dir='ltr'><strong>nos·</strong></span> 
     </span>
     <span class='ocr_line' id='line_1_13' title="bbox 251 2195 1670 2290; baseline 0.001 -21"><span class='ocrx_word' id='word_1_108' title='bbox 251 2207 342 2269; x_wconf 73' lang='lat' dir='ltr'><strong>uum</strong></span> <span class='ocrx_word' id='word_1_109' title='bbox 360 2195 511 2290; x_wconf 80' lang='lat' dir='ltr'><strong>dirigere</strong></span> <span class='ocrx_word' id='word_1_110' title='bbox 527 2217 666 2290; x_wconf 80' lang='lat' dir='ltr'><strong>gressus</strong></span> <span class='ocrx_word' id='word_1_111' title='bbox 679 2207 831 2289; x_wconf 88' lang='lat' dir='ltr'><strong>nostros,</strong></span> <span class='ocrx_word' id='word_1_112' title='bbox 850 2207 964 2270; x_wconf 63' lang='lat' dir='ltr'><strong>umen</strong></span> <span class='ocrx_word' id='word_1_113' title='bbox 979 2197 1136 2269; x_wconf 87' lang='lat' dir='ltr'><strong>volentes</strong></span> <span class='ocrx_word' id='word_1_114' title='bbox 1155 2195 1220 2289; x_wconf 91' lang='lat' dir='ltr'><strong>ipsi</strong></span> <span class='ocrx_word' id='word_1_115' title='bbox 1241 2195 1436 2268; x_wconf 87' lang='lat' dir='ltr'><strong>Conradinc</strong></span> <span class='ocrx_word' id='word_1_116' title='bbox 1456 2205 1492 2268; x_wconf 91' lang='lat' dir='ltr'><strong>et</strong></span> <span class='ocrx_word' id='word_1_117' title='bbox 1507 2197 1670 2270; x_wconf 88' lang='lat' dir='ltr'><strong>omnibus</strong></span> 
     </span>
     <span class='ocr_line' id='line_1_14' title="bbox 250 2318 1670 2416; baseline 0.001 -25"><span class='ocrx_word' id='word_1_118' title='bbox 250 2341 339 2414; x_wconf 88' lang='lat' dir='ltr'><strong>qnos</strong></span> <span class='ocrx_word' id='word_1_119' title='bbox 363 2341 483 2392; x_wconf 92' lang='lat' dir='ltr'><strong>secum</strong></span> <span class='ocrx_word' id='word_1_120' title='bbox 510 2319 638 2393; x_wconf 88' lang='lat' dir='ltr'><strong>ducere</strong></span> <span class='ocrx_word' id='word_1_121' title='bbox 659 2330 775 2416; x_wconf 88' lang='lat' dir='ltr'><strong>posset</strong></span> <span class='ocrx_word' id='word_1_122' title='bbox 798 2339 974 2414; x_wconf 89' lang='lat' dir='ltr'><strong>opponere</strong></span> <span class='ocrx_word' id='word_1_123' title='bbox 995 2318 1211 2392; x_wconf 84' lang='lat' dir='ltr'><strong>obstaculum</strong></span> <span class='ocrx_word' id='word_1_124' title='bbox 1245 2319 1424 2414; x_wconf 91' lang='lat' dir='ltr'><strong>preliando</strong></span> <span class='ocrx_word' id='word_1_125' title='bbox 1445 2328 1562 2392; x_wconf 89' lang='lat' dir='ltr'><strong>contra</strong></span> <span class='ocrx_word' id='word_1_126' title='bbox 1588 2343 1670 2394; x_wconf 91' lang='lat' dir='ltr'><strong>eum</strong></span> 
     </span>
     <span class='ocr_line' id='line_1_15' title="bbox 249 2442 1669 2542; baseline 0.004 -28"><span class='ocrx_word' id='word_1_127' title='bbox 249 2443 395 2516; x_wconf 82' lang='lat' dir='ltr'><strong>viriliter</strong></span> <span class='ocrx_word' id='word_1_128' title='bbox 415 2452 451 2516; x_wconf 89' lang='lat' dir='ltr'><strong>et</strong></span> <span class='ocrx_word' id='word_1_129' title='bbox 472 2452 641 2538; x_wconf 86' lang='lat' dir='ltr'><strong>potenter,</strong></span> <span class='ocrx_word' id='word_1_130' title='bbox 658 2443 820 2516; x_wconf 85' lang='lat' dir='ltr'><strong>venimus</strong></span> <span class='ocrx_word' id='word_1_131' title='bbox 840 2443 985 2534; x_wconf 89' lang='lat' dir='ltr'><strong>Lucam,</strong></span> <span class='ocrx_word' id='word_1_132' title='bbox 1021 2442 1184 2515; x_wconf 90' lang='lat' dir='ltr'><strong>omnibus</strong></span> <span class='ocrx_word' id='word_1_133' title='bbox 1205 2442 1303 2515; x_wconf 89' lang='lat' dir='ltr'><strong>terris</strong></span> <span class='ocrx_word' id='word_1_134' title='bbox 1328 2443 1529 2516; x_wconf 89' lang='lat' dir='ltr'><strong>Pisanorum</strong></span> <span class='ocrx_word' id='word_1_135' title='bbox 1562 2466 1669 2542; x_wconf 84' lang='lat' dir='ltr'><strong>supro</strong></span> 
     </span>
     <span class='ocr_line' id='line_1_16' title="bbox 248 2563 1669 2662; baseline 0.003 -24"><span class='ocrx_word' id='word_1_136' title='bbox 248 2563 382 2638; x_wconf 79' lang='lat' dir='ltr'><strong>Arnum</strong></span> <span class='ocrx_word' id='word_1_137' title='bbox 405 2567 528 2662; x_wconf 88' lang='lat' dir='ltr'><strong>positis</strong></span> <span class='ocrx_word' id='word_1_138' title='bbox 545 2567 637 2660; x_wconf 77' lang='lat' dir='ltr'><strong>ignis</strong></span> <span class='ocrx_word' id='word_1_139' title='bbox 657 2565 819 2638; x_wconf 89' lang='lat' dir='ltr'><strong>incendio</strong></span> <span class='ocrx_word' id='word_1_140' title='bbox 846 2567 1083 2638; x_wconf 83' lang='lat' dir='ltr'><strong>concrematis.</strong></span> <span class='ocrx_word' id='word_1_141' title='bbox 1111 2565 1154 2638; x_wconf 80' lang='lat' dir='ltr'><strong>llt</strong></span> <span class='ocrx_word' id='word_1_142' title='bbox 1176 2565 1390 2638; x_wconf 90' lang='lat' dir='ltr'><strong>intendimus</strong></span> <span class='ocrx_word' id='word_1_143' title='bbox 1412 2567 1448 2638; x_wconf 94' lang='lat' dir='ltr'><strong>in</strong></span> <span class='ocrx_word' id='word_1_144' title='bbox 1469 2567 1567 2642; x_wconf 87' lang='lat' dir='ltr'><strong>brevi</strong></span> <span class='ocrx_word' id='word_1_145' title='bbox 1590 2571 1669 2642; x_wconf 83' lang='lat' dir='ltr'><strong>aul·</strong></span> 
     </span>
     <span class='ocr_line' id='line_1_17' title="bbox 249 2687 1669 2787; baseline 0.005 -27"><span class='ocrx_word' id='word_1_146' title='bbox 249 2689 338 2762; x_wconf 83' lang='lat' dir='ltr'><strong>terre</strong></span> <span class='ocrx_word' id='word_1_147' title='bbox 351 2699 478 2761; x_wconf 91' lang='lat' dir='ltr'><strong>terram</strong></span> <span class='ocrx_word' id='word_1_148' title='bbox 493 2689 626 2762; x_wconf 88' lang='lat' dir='ltr'><strong>Pisanis</strong></span> <span class='ocrx_word' id='word_1_149' title='bbox 639 2709 745 2782; x_wconf 91' lang='lat' dir='ltr'><strong>quam</strong></span> <span class='ocrx_word' id='word_1_150' title='bbox 761 2687 891 2761; x_wconf 90' lang='lat' dir='ltr'><strong>babent</strong></span> <span class='ocrx_word' id='word_1_151' title='bbox 911 2689 999 2762; x_wconf 91' lang='lat' dir='ltr'><strong>inter</strong></span> <span class='ocrx_word' id='word_1_152' title='bbox 1011 2690 1138 2762; x_wconf 93' lang='lat' dir='ltr'><strong>Lucam</strong></span> <span class='ocrx_word' id='word_1_153' title='bbox 1155 2699 1190 2761; x_wconf 94' lang='lat' dir='ltr'><strong>et</strong></span> <span class='ocrx_word' id='word_1_154' title='bbox 1202 2689 1486 2782; x_wconf 87' lang='lat' dir='ltr'><strong>Pontremullum,</strong></span> <span class='ocrx_word' id='word_1_155' title='bbox 1508 2691 1555 2764; x_wconf 88' lang='lat' dir='ltr'><strong>ita</strong></span> <span class='ocrx_word' id='word_1_156' title='bbox 1572 2693 1669 2787; x_wconf 91' lang='lat' dir='ltr'><strong>quod</strong></span> 
     </span>
     <span class='ocr_line' id='line_1_18' title="bbox 248 2810 1669 2910; baseline 0.004 -26"><span class='ocrx_word' id='word_1_157' title='bbox 248 2833 373 2906; x_wconf 91' lang='lat' dir='ltr'><strong>passus</strong></span> <span class='ocrx_word' id='word_1_158' title='bbox 396 2811 442 2885; x_wconf 92' lang='lat' dir='ltr'><strong>de</strong></span> <span class='ocrx_word' id='word_1_159' title='bbox 462 2813 553 2884; x_wconf 90' lang='lat' dir='ltr'><strong>Luca</strong></span> <span class='ocrx_word' id='word_1_160' title='bbox 574 2811 609 2882; x_wconf 93' lang='lat' dir='ltr'><strong>in</strong></span> <span class='ocrx_word' id='word_1_161' title='bbox 632 2810 837 2884; x_wconf 84' lang='lat' dir='ltr'><strong>lombardia</strong></span> <span class='ocrx_word' id='word_1_162' title='bbox 855 2821 889 2884; x_wconf 88' lang='lat' dir='ltr'><strong>et</strong></span> <span class='ocrx_word' id='word_1_163' title='bbox 907 2811 990 2885; x_wconf 90' lang='lat' dir='ltr'><strong>inde</strong></span> <span class='ocrx_word' id='word_1_164' title='bbox 1012 2813 1159 2885; x_wconf 87' lang='lat' dir='ltr'><strong>lanuam</strong></span> <span class='ocrx_word' id='word_1_165' title='bbox 1183 2813 1229 2885; x_wconf 93' lang='lat' dir='ltr'><strong>sit</strong></span> <span class='ocrx_word' id='word_1_166' title='bbox 1255 2823 1373 2910; x_wconf 87' lang='lat' dir='ltr'><strong>aperte</strong></span> <span class='ocrx_word' id='word_1_167' title='bbox 1398 2836 1541 2888; x_wconf 88' lang='lat' dir='ltr'><strong>securus</strong></span> <span class='ocrx_word' id='word_1_168' title='bbox 1567 2817 1669 2890; x_wconf 88' lang='lat' dir='ltr'><strong>nobis</strong></span> 
     </span>
     <span class='ocr_line' id='line_1_19' title="bbox 248 2931 1667 3032; baseline 0.001 -24"><span class='ocrx_word' id='word_1_169' title='bbox 248 2931 310 3032; x_wconf 85' lang='lat' dir='ltr'><strong>[et]</strong></span> <span class='ocrx_word' id='word_1_170' title='bbox 331 2935 457 3008; x_wconf 91' lang='lat' dir='ltr'><strong>nostris</strong></span> <span class='ocrx_word' id='word_1_171' title='bbox 481 2933 703 3010; x_wconf 87' lang='lat' dir='ltr'><strong>uenientibus</strong></span> <span class='ocrx_word' id='word_1_172' title='bbox 726 2943 761 3006; x_wconf 91' lang='lat' dir='ltr'><strong>et</strong></span> <span class='ocrx_word' id='word_1_173' title='bbox 783 2933 1011 3008; x_wconf 88' lang='lat' dir='ltr'><strong>redeuntibus</strong></span> <span class='ocrx_word' id='word_1_174' title='bbox 1033 2945 1235 3031; x_wconf 87' lang='lat' dir='ltr'><strong>pronastro</strong></span> <span class='ocrx_word' id='word_1_175' title='bbox 1256 2937 1396 3010; x_wconf 86' lang='lat' dir='ltr'><strong>seruitio</strong></span> <span class='ocrx_word' id='word_1_176' title='bbox 1419 2947 1454 3010; x_wconf 91' lang='lat' dir='ltr'><strong>ot</strong></span> <span class='ocrx_word' id='word_1_177' title='bbox 1474 2947 1667 3011; x_wconf 89' lang='lat' dir='ltr'><strong>nostrorum</strong></span> 
     </span>
     <span class='ocr_line' id='line_1_20' title="bbox 248 3057 1667 3154; baseline 0.003 -24"><span class='ocrx_word' id='word_1_178' title='bbox 248 3057 405 3132; x_wconf 84' lang='lat' dir='ltr'><strong>bdelium</strong></span> <span class='ocrx_word' id='word_1_179' title='bbox 421 3057 626 3132; x_wconf 78' lang='lat' dir='ltr'><strong>bombardie</strong></span> <span class='ocrx_word' id='word_1_180' title='bbox 643 3069 679 3132; x_wconf 89' lang='lat' dir='ltr'><strong>et</strong></span> <span class='ocrx_word' id='word_1_181' title='bbox 695 3059 836 3146; x_wconf 85' lang='lat' dir='ltr'><strong>Tuscis,</strong></span> <span class='ocrx_word' id='word_1_182' title='bbox 853 3069 888 3132; x_wconf 92' lang='lat' dir='ltr'><strong>et</strong></span> <span class='ocrx_word' id='word_1_183' title='bbox 902 3057 998 3153; x_wconf 91' lang='lat' dir='ltr'><strong>quod</strong></span> <span class='ocrx_word' id='word_1_184' title='bbox 1016 3081 1078 3154; x_wconf 93' lang='lat' dir='ltr'><strong>per</strong></span> <span class='ocrx_word' id='word_1_185' title='bbox 1094 3059 1187 3132; x_wconf 88' lang='lat' dir='ltr'><strong>viam</strong></span> <span class='ocrx_word' id='word_1_186' title='bbox 1205 3059 1345 3132; x_wconf 87' lang='lat' dir='ltr'><strong>brevem</strong></span> <span class='ocrx_word' id='word_1_187' title='bbox 1363 3058 1483 3134; x_wconf 87' lang='lat' dir='ltr'><strong>fideles</strong></span> <span class='ocrx_word' id='word_1_188' title='bbox 1500 3063 1607 3134; x_wconf 89' lang='lat' dir='ltr'><strong>nostri</strong></span> <span class='ocrx_word' id='word_1_189' title='bbox 1622 3061 1667 3134; x_wconf 89' lang='lat' dir='ltr'><strong>de</strong></span> 
     </span>
     <span class='ocr_line' id='line_1_21' title="bbox 247 3181 1667 3278; baseline 0.003 -24"><span class='ocrx_word' id='word_1_190' title='bbox 247 3181 372 3254; x_wconf 86' lang='lat' dir='ltr'><strong>Tuscia</strong></span> <span class='ocrx_word' id='word_1_191' title='bbox 391 3181 535 3276; x_wconf 92' lang='lat' dir='ltr'><strong>qnando</strong></span> <span class='ocrx_word' id='word_1_192' title='bbox 555 3203 645 3278; x_wconf 90' lang='lat' dir='ltr'><strong>opus</strong></span> <span class='ocrx_word' id='word_1_193' title='bbox 661 3182 762 3256; x_wconf 88' lang='lat' dir='ltr'><strong>luerit</strong></span> <span class='ocrx_word' id='word_1_194' title='bbox 778 3183 920 3256; x_wconf 90' lang='lat' dir='ltr'><strong>veniant</strong></span> <span class='ocrx_word' id='word_1_195' title='bbox 938 3183 974 3254; x_wconf 92' lang='lat' dir='ltr'><strong>in</strong></span> <span class='ocrx_word' id='word_1_196' title='bbox 999 3183 1239 3256; x_wconf 89' lang='lat' dir='ltr'><strong>Lombardiam</strong></span> <span class='ocrx_word' id='word_1_197' title='bbox 1257 3192 1292 3256; x_wconf 88' lang='lat' dir='ltr'><strong>et</strong></span> <span class='ocrx_word' id='word_1_198' title='bbox 1312 3185 1497 3257; x_wconf 89' lang='lat' dir='ltr'><strong>Lombardi</strong></span> <span class='ocrx_word' id='word_1_199' title='bbox 1515 3185 1551 3256; x_wconf 92' lang='lat' dir='ltr'><strong>in</strong></span> <span class='ocrx_word' id='word_1_200' title='bbox 1575 3187 1667 3258; x_wconf 84' lang='lat' dir='ltr'><strong>Tus-</strong></span> 
     </span>
     <span class='ocr_line' id='line_1_22' title="bbox 246 3305 1667 3402; baseline 0.004 -25"><span class='ocrx_word' id='word_1_201' title='bbox 246 3305 337 3378; x_wconf 86' lang='lat' dir='ltr'><strong>ciam</strong></span> <span class='ocrx_word' id='word_1_202' title='bbox 361 3327 424 3400; x_wconf 93' lang='lat' dir='ltr'><strong>pro</strong></span> <span class='ocrx_word' id='word_1_203' title='bbox 447 3305 614 3379; x_wconf 84' lang='lat' dir='ltr'><strong>faciendis</strong></span> <span class='ocrx_word' id='word_1_204' title='bbox 630 3305 788 3380; x_wconf 90' lang='lat' dir='ltr'><strong>serviciis</strong></span> <span class='ocrx_word' id='word_1_205' title='bbox 808 3307 960 3379; x_wconf 81' lang='lat' dir='ltr'><strong>Romane</strong></span> <span class='ocrx_word' id='word_1_206' title='bbox 977 3307 1131 3378; x_wconf 87' lang='lat' dir='ltr'><strong>Ecclesia</strong></span> <span class='ocrx_word' id='word_1_207' title='bbox 1147 3315 1253 3400; x_wconf 89' lang='lat' dir='ltr'><strong>atquc</strong></span> <span class='ocrx_word' id='word_1_208' title='bbox 1273 3308 1410 3378; x_wconf 89' lang='lat' dir='ltr'><strong>nostris.</strong></span> <span class='ocrx_word' id='word_1_209' title='bbox 1430 3307 1473 3378; x_wconf 87' lang='lat' dir='ltr'><strong>Et</strong></span> <span class='ocrx_word' id='word_1_210' title='bbox 1484 3309 1556 3399; x_wconf 91' lang='lat' dir='ltr'><strong>jam</strong></span> <span class='ocrx_word' id='word_1_211' title='bbox 1581 3331 1667 3402; x_wconf 79' lang='lat' dir='ltr'><strong>gens</strong></span> 
     </span>
     <span class='ocr_line' id='line_1_23' title="bbox 245 3429 1667 3525; baseline 0.004 -25"><span class='ocrx_word' id='word_1_212' title='bbox 245 3438 362 3502; x_wconf 92' lang='lat' dir='ltr'><strong>nostra</strong></span> <span class='ocrx_word' id='word_1_213' title='bbox 393 3438 544 3524; x_wconf 91' lang='lat' dir='ltr'><strong>quatuor</strong></span> <span class='ocrx_word' id='word_1_214' title='bbox 572 3441 683 3502; x_wconf 89' lang='lat' dir='ltr'><strong>castra</strong></span> <span class='ocrx_word' id='word_1_215' title='bbox 708 3429 898 3504; x_wconf 83' lang='lat' dir='ltr'><strong>existencia</strong></span> <span class='ocrx_word' id='word_1_216' title='bbox 926 3429 963 3502; x_wconf 91' lang='lat' dir='ltr'><strong>in</strong></span> <span class='ocrx_word' id='word_1_217' title='bbox 991 3451 1096 3525; x_wconf 89' lang='lat' dir='ltr'><strong>passu</strong></span> <span class='ocrx_word' id='word_1_218' title='bbox 1126 3429 1257 3502; x_wconf 88' lang='lat' dir='ltr'><strong>Pisanis</strong></span> <span class='ocrx_word' id='word_1_219' title='bbox 1280 3429 1422 3503; x_wconf 90' lang='lat' dir='ltr'><strong>abstulit</strong></span> <span class='ocrx_word' id='word_1_220' title='bbox 1445 3441 1480 3504; x_wconf 88' lang='lat' dir='ltr'><strong>et</strong></span> <span class='ocrx_word' id='word_1_221' title='bbox 1505 3454 1548 3506; x_wconf 92' lang='lat' dir='ltr'><strong>ea</strong></span> <span class='ocrx_word' id='word_1_222' title='bbox 1574 3443 1667 3506; x_wconf 88' lang='lat' dir='ltr'><strong>tenet</strong></span> 
     </span>
     <span class='ocr_line' id='line_1_24' title="bbox 245 3553 1667 3648; baseline 0.001 -20"><span class='ocrx_word' id='word_1_223' title='bbox 245 3574 431 3628; x_wconf 89' lang='lat' dir='ltr'><strong>commune</strong></span> <span class='ocrx_word' id='word_1_224' title='bbox 457 3555 654 3644; x_wconf 88' lang='lat' dir='ltr'><strong>Lucanum,</strong></span> <span class='ocrx_word' id='word_1_225' title='bbox 682 3554 814 3628; x_wconf 88' lang='lat' dir='ltr'><strong>scilicet</strong></span> <span class='ocrx_word' id='word_1_226' title='bbox 838 3563 986 3627; x_wconf 90' lang='lat' dir='ltr'><strong>castrum</strong></span> <span class='ocrx_word' id='word_1_227' title='bbox 1011 3553 1136 3626; x_wconf 89' lang='lat' dir='ltr'><strong>Leonis</strong></span> <span class='ocrx_word' id='word_1_228' title='bbox 1159 3553 1255 3648; x_wconf 92' lang='lat' dir='ltr'><strong>quod</strong></span> <span class='ocrx_word' id='word_1_229' title='bbox 1280 3553 1388 3626; x_wconf 90' lang='lat' dir='ltr'><strong>estin</strong></span> <span class='ocrx_word' id='word_1_230' title='bbox 1412 3555 1603 3628; x_wconf 89' lang='lat' dir='ltr'><strong>Petrascam</strong></span> <span class='ocrx_word' id='word_1_231' title='bbox 1632 3565 1667 3630; x_wconf 93' lang='lat' dir='ltr'><strong>et</strong></span> 
     </span>
     <span class='ocr_line' id='line_1_25' title="bbox 245 3675 1665 3753; baseline 0.002 -4"><span class='ocrx_word' id='word_1_232' title='bbox 245 3686 397 3750; x_wconf 87' lang='lat' dir='ltr'><strong>castrum</strong></span> <span class='ocrx_word' id='word_1_233' title='bbox 428 3677 554 3749; x_wconf 92' lang='lat' dir='ltr'><strong>montis</strong></span> <span class='ocrx_word' id='word_1_234' title='bbox 578 3675 722 3748; x_wconf 81' lang='lat' dir='ltr'><strong>Persecti</strong></span> <span class='ocrx_word' id='word_1_235' title='bbox 743 3685 778 3749; x_wconf 90' lang='lat' dir='ltr'><strong>at</strong></span> <span class='ocrx_word' id='word_1_236' title='bbox 799 3685 950 3748; x_wconf 88' lang='lat' dir='ltr'><strong>castrum</strong></span> <span class='ocrx_word' id='word_1_237' title='bbox 979 3675 1179 3748; x_wconf 86' lang='lat' dir='ltr'><strong>Castalionis</strong></span> <span class='ocrx_word' id='word_1_238' title='bbox 1198 3687 1233 3748; x_wconf 90' lang='lat' dir='ltr'><strong>et</strong></span> <span class='ocrx_word' id='word_1_239' title='bbox 1254 3687 1402 3750; x_wconf 87' lang='lat' dir='ltr'><strong>castrum</strong></span> <span class='ocrx_word' id='word_1_240' title='bbox 1431 3681 1556 3752; x_wconf 91' lang='lat' dir='ltr'><strong>montis</strong></span> <span class='ocrx_word' id='word_1_241' title='bbox 1583 3679 1665 3753; x_wconf 87' lang='lat' dir='ltr'><strong>Cor-</strong></span> 
     </span>
     <span class='ocr_line' id='line_1_26' title="bbox 244 3796 1666 3898; baseline 0.002 -24"><span class='ocrx_word' id='word_1_242' title='bbox 244 3801 324 3874; x_wconf 91' lang='lat' dir='ltr'><strong>naci</strong></span> <span class='ocrx_word' id='word_1_243' title='bbox 346 3809 382 3873; x_wconf 90' lang='lat' dir='ltr'><strong>et</strong></span> <span class='ocrx_word' id='word_1_244' title='bbox 398 3801 516 3896; x_wconf 89' lang='lat' dir='ltr'><strong>plures</strong></span> <span class='ocrx_word' id='word_1_245' title='bbox 534 3799 619 3874; x_wconf 88' lang='lat' dir='ltr'><strong>alias</strong></span> <span class='ocrx_word' id='word_1_246' title='bbox 637 3800 751 3874; x_wconf 89' lang='lat' dir='ltr'><strong>villas.</strong></span> <span class='ocrx_word' id='word_1_247' title='bbox 776 3801 821 3872; x_wconf 82' lang='lat' dir='ltr'><strong>Et</strong></span> <span class='ocrx_word' id='word_1_248' title='bbox 838 3799 907 3874; x_wconf 93' lang='lat' dir='ltr'><strong>cito</strong></span> <span class='ocrx_word' id='word_1_249' title='bbox 927 3796 1181 3898; x_wconf 92' lang='lat' dir='ltr'><strong>[proponimus]</strong></span> <span class='ocrx_word' id='word_1_250' title='bbox 1204 3801 1323 3874; x_wconf 88' lang='lat' dir='ltr'><strong>venire</strong></span> <span class='ocrx_word' id='word_1_251' title='bbox 1337 3801 1606 3876; x_wconf 90' lang='lat' dir='ltr'><strong>Pontremullum</strong></span> <span class='ocrx_word' id='word_1_252' title='bbox 1631 3815 1666 3877; x_wconf 90' lang='lat' dir='ltr'><strong>ct</strong></span> 
     </span>
     <span class='ocr_line' id='line_1_27' title="bbox 244 3922 1666 4022; baseline 0.004 -26"><span class='ocrx_word' id='word_1_253' title='bbox 244 3923 295 3996; x_wconf 91' lang='lat' dir='ltr'><strong>ibi</strong></span> <span class='ocrx_word' id='word_1_254' title='bbox 314 3922 586 3998; x_wconf 84' lang='lat' dir='ltr'><strong>deliberabimus</strong></span> <span class='ocrx_word' id='word_1_255' title='bbox 606 3923 801 3998; x_wconf 88' lang='lat' dir='ltr'><strong>secundum</strong></span> <span class='ocrx_word' id='word_1_256' title='bbox 820 3925 917 4018; x_wconf 91' lang='lat' dir='ltr'><strong>quod</strong></span> <span class='ocrx_word' id='word_1_257' title='bbox 939 3924 1154 3999; x_wconf 88' lang='lat' dir='ltr'><strong>conditiones</strong></span> <span class='ocrx_word' id='word_1_258' title='bbox 1169 3934 1259 3998; x_wconf 91' lang='lat' dir='ltr'><strong>terre</strong></span> <span class='ocrx_word' id='word_1_259' title='bbox 1275 3935 1358 3998; x_wconf 92' lang='lat' dir='ltr'><strong>tunc</strong></span> <span class='ocrx_word' id='word_1_260' title='bbox 1376 3936 1496 4016; x_wconf 86' lang='lat' dir='ltr'><strong>arunt,</strong></span> <span class='ocrx_word' id='word_1_261' title='bbox 1516 3929 1666 4022; x_wconf 90' lang='lat' dir='ltr'><strong>qualiter</strong></span> 
     </span>
     <span class='ocr_line' id='line_1_28' title="bbox 243 4047 1665 4144; baseline 0.006 -24"><span class='ocrx_word' id='word_1_262' title='bbox 243 4048 370 4120; x_wconf 90' lang='lat' dir='ltr'><strong>melius</strong></span> <span class='ocrx_word' id='word_1_263' title='bbox 402 4049 576 4144; x_wconf 88' lang='lat' dir='ltr'><strong>possimus</strong></span> <span class='ocrx_word' id='word_1_264' title='bbox 602 4047 837 4122; x_wconf 86' lang='lat' dir='ltr'><strong>Conradinum</strong></span> <span class='ocrx_word' id='word_1_265' title='bbox 873 4057 909 4120; x_wconf 90' lang='lat' dir='ltr'><strong>ct</strong></span> <span class='ocrx_word' id='word_1_266' title='bbox 936 4049 1120 4144; x_wconf 86' lang='lat' dir='ltr'><strong>Pupienses</strong></span> <span class='ocrx_word' id='word_1_267' title='bbox 1147 4057 1183 4120; x_wconf 88' lang='lat' dir='ltr'><strong>ct</strong></span> <span class='ocrx_word' id='word_1_268' title='bbox 1211 4049 1297 4122; x_wconf 91' lang='lat' dir='ltr'><strong>alios</strong></span> <span class='ocrx_word' id='word_1_269' title='bbox 1325 4049 1483 4123; x_wconf 86' lang='lat' dir='ltr'><strong>infideles</strong></span> <span class='ocrx_word' id='word_1_270' title='bbox 1515 4053 1665 4128; x_wconf 86' lang='lat' dir='ltr'><strong>Ecclesia</strong></span> 
     </span>
     <span class='ocr_line' id='line_1_29' title="bbox 242 4171 1664 4271; baseline 0.006 -27"><span class='ocrx_word' id='word_1_271' title='bbox 242 4171 403 4244; x_wconf 92' lang='lat' dir='ltr'><strong>inimicos</strong></span> <span class='ocrx_word' id='word_1_272' title='bbox 422 4182 557 4246; x_wconf 88' lang='lat' dir='ltr'><strong>nostros</strong></span> <span class='ocrx_word' id='word_1_273' title='bbox 573 4171 695 4246; x_wconf 86' lang='lat' dir='ltr'><strong>lortius</strong></span> <span class='ocrx_word' id='word_1_274' title='bbox 712 4193 882 4267; x_wconf 81' lang='lat' dir='ltr'><strong>agravare</strong></span> <span class='ocrx_word' id='word_1_275' title='bbox 904 4171 1105 4245; x_wconf 90' lang='lat' dir='ltr'><strong>ossiditions</strong></span> <span class='ocrx_word' id='word_1_276' title='bbox 1129 4173 1186 4244; x_wconf 89' lang='lat' dir='ltr'><strong>vel</strong></span> <span class='ocrx_word' id='word_1_277' title='bbox 1204 4172 1273 4246; x_wconf 90' lang='lat' dir='ltr'><strong>alio</strong></span> <span class='ocrx_word' id='word_1_278' title='bbox 1295 4173 1415 4262; x_wconf 88' lang='lat' dir='ltr'><strong>modo,</strong></span> <span class='ocrx_word' id='word_1_279' title='bbox 1444 4176 1554 4248; x_wconf 89' lang='lat' dir='ltr'><strong>taliter</strong></span> <span class='ocrx_word' id='word_1_280' title='bbox 1568 4179 1664 4271; x_wconf 91' lang='lat' dir='ltr'><strong>quod</strong></span> 
     </span>
     <span class='ocr_line' id='line_1_30' title="bbox 243 4295 1664 4392; baseline 0.003 -24"><span class='ocrx_word' id='word_1_281' title='bbox 243 4295 347 4368; x_wconf 88' lang='lat' dir='ltr'><strong>amici</strong></span> <span class='ocrx_word' id='word_1_282' title='bbox 381 4297 629 4370; x_wconf 83' lang='lat' dir='ltr'><strong>exaltabuntur</strong></span> <span class='ocrx_word' id='word_1_283' title='bbox 659 4307 695 4370; x_wconf 86' lang='lat' dir='ltr'><strong>et</strong></span> <span class='ocrx_word' id='word_1_284' title='bbox 723 4297 854 4370; x_wconf 89' lang='lat' dir='ltr'><strong>inimici</strong></span> <span class='ocrx_word' id='word_1_285' title='bbox 888 4295 1043 4392; x_wconf 87' lang='lat' dir='ltr'><strong>depressi</strong></span> <span class='ocrx_word' id='word_1_286' title='bbox 1073 4295 1313 4370; x_wconf 88' lang='lat' dir='ltr'><strong>remanebunt.</strong></span> <span class='ocrx_word' id='word_1_287' title='bbox 1354 4298 1405 4368; x_wconf 85' lang='lat' dir='ltr'><strong>Tu</strong></span> <span class='ocrx_word' id='word_1_288' title='bbox 1436 4309 1552 4372; x_wconf 90' lang='lat' dir='ltr'><strong>autem</strong></span> <span class='ocrx_word' id='word_1_289' title='bbox 1582 4311 1664 4372; x_wconf 91' lang='lat' dir='ltr'><strong>stu-</strong></span> 
     </span>
     <span class='ocr_line' id='line_1_31' title="bbox 243 4416 1664 4516; baseline 0.004 -26"><span class='ocrx_word' id='word_1_290' title='bbox 243 4416 330 4492; x_wconf 92' lang='lat' dir='ltr'><strong>deas</strong></span> <span class='ocrx_word' id='word_1_291' title='bbox 348 4439 444 4491; x_wconf 87' lang='lat' dir='ltr'><strong>more</strong></span> <span class='ocrx_word' id='word_1_292' title='bbox 467 4419 568 4492; x_wconf 91' lang='lat' dir='ltr'><strong>solito</strong></span> <span class='ocrx_word' id='word_1_293' title='bbox 595 4419 769 4494; x_wconf 88' lang='lat' dir='ltr'><strong>custodire</strong></span> <span class='ocrx_word' id='word_1_294' title='bbox 789 4431 894 4494; x_wconf 86' lang='lat' dir='ltr'><strong>terras</strong></span> <span class='ocrx_word' id='word_1_295' title='bbox 911 4430 947 4494; x_wconf 93' lang='lat' dir='ltr'><strong>et</strong></span> <span class='ocrx_word' id='word_1_296' title='bbox 964 4441 1087 4516; x_wconf 91' lang='lat' dir='ltr'><strong>passos</strong></span> <span class='ocrx_word' id='word_1_297' title='bbox 1108 4443 1198 4514; x_wconf 91' lang='lat' dir='ltr'><strong>quos</strong></span> <span class='ocrx_word' id='word_1_298' title='bbox 1220 4429 1315 4494; x_wconf 88' lang='lat' dir='ltr'><strong>tenes</strong></span> <span class='ocrx_word' id='word_1_299' title='bbox 1333 4420 1398 4514; x_wconf 90' lang='lat' dir='ltr'><strong>ipsi</strong></span> <span class='ocrx_word' id='word_1_300' title='bbox 1417 4421 1610 4496; x_wconf 89' lang='lat' dir='ltr'><strong>Conradino</strong></span> <span class='ocrx_word' id='word_1_301' title='bbox 1627 4425 1664 4496; x_wconf 92' lang='lat' dir='ltr'><strong>in</strong></span> 
     </span>
     <span class='ocr_line' id='line_1_32' title="bbox 242 4543 1664 4640; baseline 0.006 -26"><span class='ocrx_word' id='word_1_302' title='bbox 242 4552 414 4636; x_wconf 89' lang='lat' dir='ltr'><strong>quantum</strong></span> <span class='ocrx_word' id='word_1_303' title='bbox 445 4544 574 4637; x_wconf 89' lang='lat' dir='ltr'><strong>potoris</strong></span> <span class='ocrx_word' id='word_1_304' title='bbox 608 4543 790 4638; x_wconf 88' lang='lat' dir='ltr'><strong>impedire.</strong></span> <span class='ocrx_word' id='word_1_305' title='bbox 826 4547 869 4615; x_wconf 86' lang='lat' dir='ltr'><strong>Et</strong></span> <span class='ocrx_word' id='word_1_306' title='bbox 904 4543 935 4615; x_wconf 91' lang='lat' dir='ltr'><strong>si</strong></span> <span class='ocrx_word' id='word_1_307' title='bbox 966 4543 1142 4638; x_wconf 76' lang='lat' dir='ltr'><strong>contingat</strong></span> <span class='ocrx_word' id='word_1_308' title='bbox 1170 4566 1251 4617; x_wconf 89' lang='lat' dir='ltr'><strong>cum</strong></span> <span class='ocrx_word' id='word_1_309' title='bbox 1283 4543 1329 4618; x_wconf 86' lang='lat' dir='ltr'><strong>dc</strong></span> <span class='ocrx_word' id='word_1_310' title='bbox 1360 4544 1466 4640; x_wconf 86' lang='lat' dir='ltr'><strong>Papia</strong></span> <span class='ocrx_word' id='word_1_311' title='bbox 1499 4547 1597 4620; x_wconf 85' lang='lat' dir='ltr'><strong>exire</strong></span> <span class='ocrx_word' id='word_1_312' title='bbox 1629 4560 1664 4622; x_wconf 92' lang='lat' dir='ltr'><strong>et</strong></span> 
     </span>
     <span class='ocr_line' id='line_1_33' title="bbox 242 4667 1662 4766; baseline 0.004 -28"><span class='ocrx_word' id='word_1_313' title='bbox 242 4667 363 4740; x_wconf 89' lang='lat' dir='ltr'><strong>venire</strong></span> <span class='ocrx_word' id='word_1_314' title='bbox 388 4687 513 4739; x_wconf 86' lang='lat' dir='ltr'><strong>versos</strong></span> <span class='ocrx_word' id='word_1_315' title='bbox 540 4667 716 4760; x_wconf 87' lang='lat' dir='ltr'><strong>Tusciam,</strong></span> <span class='ocrx_word' id='word_1_316' title='bbox 748 4667 921 4740; x_wconf 89' lang='lat' dir='ltr'><strong>credimus</strong></span> <span class='ocrx_word' id='word_1_317' title='bbox 950 4676 984 4740; x_wconf 87' lang='lat' dir='ltr'><strong>et</strong></span> <span class='ocrx_word' id='word_1_318' title='bbox 1012 4667 1225 4740; x_wconf 88' lang='lat' dir='ltr'><strong>intendimus</strong></span> <span class='ocrx_word' id='word_1_319' title='bbox 1248 4667 1391 4740; x_wconf 86' lang='lat' dir='ltr'><strong>firmiter</strong></span> <span class='ocrx_word' id='word_1_320' title='bbox 1409 4679 1527 4743; x_wconf 91' lang='lat' dir='ltr'><strong>contra</strong></span> <span class='ocrx_word' id='word_1_321' title='bbox 1548 4671 1662 4766; x_wconf 91' lang='lat' dir='ltr'><strong>ipsum</strong></span> 
     </span>
     <span class='ocr_line' id='line_1_34' title="bbox 242 4771 1663 4890; baseline 0.002 -26"><span class='ocrx_word' id='word_1_322' title='bbox 242 4797 277 4864; x_wconf 87' lang='lat' dir='ltr'><strong>et</strong></span> <span class='ocrx_word' id='word_1_323' title='bbox 312 4797 451 4882; x_wconf 75' lang='lat' dir='ltr'><strong>gentem</strong></span> <span class='ocrx_word' id='word_1_324' title='bbox 488 4812 589 4864; x_wconf 90' lang='lat' dir='ltr'><strong>suam</strong></span> <span class='ocrx_word' id='word_1_325' title='bbox 619 4791 766 4886; x_wconf 89' lang='lat' dir='ltr'><strong>prelium</strong></span> <span class='ocrx_word' id='word_1_326' title='bbox 798 4789 911 4864; x_wconf 87' lang='lat' dir='ltr'><strong>lacere</strong></span> <span class='ocrx_word' id='word_1_327' title='bbox 945 4791 1090 4865; x_wconf 87' lang='lat' dir='ltr'><strong>viriliter</strong></span> <span class='ocrx_word' id='word_1_328' title='bbox 1120 4803 1155 4864; x_wconf 89' lang='lat' dir='ltr'><strong>ct</strong></span> <span class='ocrx_word' id='word_1_329' title='bbox 1171 4771 1357 4888; x_wconf 64' lang='lat' dir='ltr'><strong>&#39;potentem</strong></span> <span class='ocrx_word' id='word_1_330' title='bbox 1391 4791 1526 4888; x_wconf 91' lang='lat' dir='ltr'><strong>inquo</strong></span> <span class='ocrx_word' id='word_1_331' title='bbox 1554 4795 1663 4890; x_wconf 91' lang='lat' dir='ltr'><strong>prelio</strong></span> 
     </span>
    </p>
   </div>
   <div class='ocr_carea' id='block_1_3' title="bbox 0 0 2282 6080">
    <p class='ocr_par' dir='ltr' id='par_1_3' title="bbox 0 0 2282 6080">
     <span class='ocr_line' id='line_1_35' title="bbox 0 0 2282 6080; baseline 0 5"><span class='ocrx_word' id='word_1_332' title='bbox 0 0 2282 6080; x_wconf 95' lang='lat' dir='ltr'><strong> </strong></span> 
     </span>
    </p>
   </div>
  </div>
 </body>
</html>
