4594 6066
612 653 675 716 236
1090 652 1332 716 cusculcolt
1355 653 1407 716 DE
1432 651 1560 714 REBUS

613 787 745 862 dictum
768 795 918 862 castrum
940 796 976 860 at
994 788 1086 884 capti
1103 797 1186 861 sunt
1203 809 1324 862 omnes
1346 797 1382 864 et
1405 788 1520 884 ipsum
1543 793 1709 860 castrum.
1728 785 1812 860 Erat
1833 786 1928 862 enim
1950 788 2031 861 lon-

614 911 709 987 ditus
732 921 906 984 muratum
926 920 1076 1008 excepte
1095 912 1142 985 ab
1157 933 1229 986 uno
1245 913 1369 1000 latere,
1389 919 1425 987 et
1439 919 1561 1008 captus
1577 919 1630 984 est
1648 909 1743 985 intus
1763 909 1970 984 iredencins
1987 908 2031 985 de

611 1033 769 1108 Funtana
794 1043 830 1108 et
845 1033 1024 1108 Abiaticus
1052 1044 1088 1108 et
1109 1032 1320 1108 Fredencius
1342 1036 1530 1110 Bucamata
1555 1043 1591 1108 at
1615 1033 1675 1108 alii
1699 1035 1839 1132 plures,
1863 1044 1899 1107 at
1918 1035 2030 1130 ipsum

612 1167 764 1232 castrum
790 1157 887 1252 quod
915 1157 1114 1234 edificatum
1137 1168 1212 1234 erat
1235 1181 1299 1255 pro
1324 1158 1375 1256 (α)
1401 1157 1608 1234 detrimento
1630 1158 1751 1256 populi
1774 1167 1810 1232 et
1839 1159 2031 1232 communie

612 1281 718 1379 Papia
733 1282 872 1377 penitus
886 1280 1147 1358 destruxerunt.

660 1406 709 1480 M.
724 1405 843 1496 ccttl,
858 1406 1046 1483 indictione
1058 1409 1104 1500 X,
1120 1407 1167 1484 de
1180 1429 1300 1482 manse
1311 1405 1404 1504 julii,
1419 1405 1580 1481 Ferocius
1591 1405 1693 1480 Canis
1703 1415 1854 1502 potestus
1861 1407 2031 1481 Placentia

612 1549 692 1602 cum
714 1529 883 1602 militibus
905 1540 940 1605 et
964 1533 1093 1629 populo
1120 1531 1320 1606 Placentino
1347 1530 1518 1626 equitavit
1543 1530 1591 1604 ad
1617 1529 1840 1604 osiditionem
1859 1531 1964 1604 castri
1987 1530 2032 1606 de

611 1651 777 1726 Fontana.
799 1653 849 1727 lbi
865 1654 959 1728 anim
978 1656 1118 1728 luerunt
1132 1655 1320 1752 Papienses
1343 1655 1380 1728 in
1404 1675 1532 1751 magna
1553 1654 1747 1750 quantitate
1766 1653 1890 1727 militie
1912 1663 1948 1728 et
1964 1675 2030 1751 po-

611 1776 696 1872 puli.
714 1777 895 1871 Papigerat
916 1777 1009 1850 enim
1026 1776 1176 1852 Ubartus
1192 1777 1238 1853 de
1252 1779 1429 1874 Niquitete
1445 1787 1597 1875 potestas
1618 1785 1705 1851 tunc
1726 1777 1847 1874 populi
1868 1799 1949 1850 cum
1966 1779 2029 1852 Pa·

609 1899 789 1994 piensibus
804 1909 839 1974 ct
852 1899 998 1976 dederat
1013 1901 1081 1974 illis
1096 1902 1254 1996 quinque
1265 1912 1391 1991 cestra,
1408 1911 1443 1976 st
1459 1901 1526 1998 ipsi
1540 1901 1715 1976 dehebant
1727 1901 1842 1999 ipsum
1862 1903 2028 1998 populum

609 2022 779 2116 adjuvare
798 2032 917 2096 contre
937 2024 1064 2098 militas
1080 2024 1310 2099 Placentinos.
1330 2025 1374 2102 Et
1394 2025 1614 2100 steterentin
1632 2025 1708 2121 ipsa
1726 2024 1935 2099 ossidicione
1954 2025 2029 2098 lor-

611 2147 690 2220 titer
712 2167 774 2243 per
795 2146 940 2220 xxxllt
962 2145 1058 2240 dies,
1080 2156 1116 2222 at
1142 2145 1281 2222 alidatis
1310 2148 1561 2244 personisque
1588 2147 1683 2220 inlus
1709 2155 1808 2220 erant
1832 2147 2029 2220 habuerunt

610 2266 743 2342 dictum
759 2278 925 2344 castrum.
943 2267 1026 2342 Erat
1040 2269 1133 2344 enim
1150 2270 1375 2344 lentissimum
1390 2269 1512 2362 ralde3
1529 2270 1593 2345 sad
1614 2279 1795 2344 cavatores
1805 2281 1973 2346 uenerant
1984 2271 2027 2346 de

609 2391 776 2486 Bergamo
791 2402 827 2466 et
845 2392 1035 2466 timuerunt
1051 2413 1112 2466 eos
1130 2393 1308 2468 intrinseci
1324 2395 1404 2468 licet
1428 2414 1498 2468 non
1520 2403 1675 2490 oportet,
1696 2403 1731 2467 et
1755 2393 1845 2466 lecta
1860 2395 2027 2468 concione

608 2535 672 2610 per
694 2515 858 2588 Ubartum
881 2515 1114 2589 marchionem
1134 2516 1372 2592 Palavicinnm
1392 2525 1596 2612 potestatam
1613 2515 1781 2590 Cremona
1794 2517 1858 2610 qui
1879 2515 1930 2587 ibi
1956 2526 2028 2589 erat

608 2658 688 2710 cum
711 2638 866 2712 maxima
889 2639 1081 2733 quantitate
1105 2640 1254 2712 militum
1279 2641 1467 2731 Cremona,
1491 2639 1733 2713 concionatum
1754 2647 1790 2713 et
1809 2637 1944 2712 dictum
1964 2639 2027 2711 luit

609 2761 645 2832 in
666 2761 743 2857 ipsa
761 2763 930 2836 concione
951 2782 1014 2857 per
1030 2761 1207 2856 Allegrum
1226 2762 1273 2836 de
1289 2763 1464 2856 blagnano
1484 2763 1657 2837 notarium
1679 2759 1778 2857 qnod
1799 2761 1916 2837 lulcba
1943 2760 2026 2836 fica·

608 2893 729 2958 rantur
744 2903 806 2980 per
821 2884 936 2977 girum
961 2892 997 2958 et
1022 2882 1119 2979 quod
1141 2883 1372 2977 iurareturin
1396 2885 1513 2960 anima
1538 2885 1748 2960 marchionis
1771 2893 1807 2960 et
1830 2884 1968 2958 consilii
1993 2885 2023 2958 si

609 3027 722 3101 usqne
742 3005 789 3080 ad
811 3007 856 3080 lll
881 3005 959 3082 dies
981 3027 1051 3082 noo
1068 3005 1229 3082 rederent
1253 3008 1369 3104 ipsum
1392 3017 1561 3101 castrum,
1581 3007 1679 3104 quod
1703 3027 1826 3082 omnes
1849 3007 1913 3103 qni
1933 3009 2026 3081 intus

609 3139 707 3204 erant
724 3129 1032 3227 suspenderentur.
1047 3131 1125 3218 Quo
1139 3131 1227 3206 scito
1243 3141 1278 3204 at
1289 3128 1410 3206 audito
1424 3153 1487 3227 par
1505 3131 1582 3206 illos
1595 3130 1643 3206 de
1657 3139 1783 3222 castro,
1803 3131 1927 3206 timore
1943 3151 2025 3226 per-

609 3253 719 3328 territi
739 3263 775 3328 at
790 3255 948 3328 timentes
971 3253 1018 3328 de
1044 3263 1154 3328 morte
1172 3252 1260 3328 illud
1284 3263 1437 3326 castrum
1458 3253 1662 3328 rediderunt
1681 3251 1812 3350 populo
1827 3250 2025 3326 Placentino

609 3374 706 3472 quod
718 3375 879 3448 funditus
891 3374 1152 3452 destruxerunt.
1164 3375 1271 3450 lirant
1284 3375 1426 3450 enimin
1444 3376 1521 3472 ipso
1537 3385 1650 3452 castm
1659 3375 1760 3450 multi
1776 3376 1823 3449 de
1837 3375 2024 3472 capitaneis

609 3498 656 3574 da
669 3499 815 3576 Fontine
832 3499 922 3574 inter
939 3520 1029 3595 qnos
1044 3508 1120 3576 erat
1139 3499 1290 3574 Iacobus
1306 3499 1352 3574 da
1370 3497 1507 3576 Acarbo
1523 3500 1584 3596 qui
1602 3519 1663 3574 eos
1680 3498 1786 3574 nimis
1801 3495 2020 3574 formidabat.

608 3622 752 3697 Dicebat
769 3623 862 3696 anim
879 3643 997 3696 coram
1020 3623 1183 3698 omnibus
1202 3649 1211 3694 ε
1229 3647 1247 3693 α
1263 3623 1385 3698 blurus
1399 3624 1544 3698 tracinat
1560 3621 1630 3718 (ric)
1646 3632 1681 3696 et
1698 3623 1867 3695 terminus
1882 3623 2020 3714 transit,

608 3747 764 3842 egonolo
775 3745 862 3820 mori
876 3771 894 3816 n
909 3755 944 3820 at
960 3746 1029 3820 alia
1043 3744 1172 3822 debilia
1186 3747 1304 3822 rerba
1319 3745 1364 3822 Et
1376 3747 1499 3821 babuit
1513 3747 1664 3844 populus
1679 3755 1796 3820 umen
1812 3746 2023 3820 tormentum

607 3869 794 3944 etblavam
809 3876 844 3944 at
856 3866 980 3965 ren(t›)
994 3867 1031 3942 in
1043 3867 1109 3944 isto
1120 3879 1251 3962 castro,
1270 3868 1461 3966 dequibus
1476 3869 1855 3944 tacoetueruntomnee
1870 3888 2024 3965 expense

609 3992 797 4068 exercitus.
820 3991 864 4066 st
878 3991 1104 4068 incontinenti
1124 3991 1203 4090 ipso
1225 4001 1336 4070 castro
1351 3993 1471 4069 babitu
1488 3993 1627 4068 iverunt
1651 3992 1743 4067 circa
1762 3992 1964 4089 Olumpram
1987 3991 2022 4064 in

607 4137 680 4213 qno
700 4126 775 4192 erat
798 4116 966 4193 Ricardns
990 4113 1037 4192 de
1060 4116 1218 4192 Funbna
1242 4139 1354 4215 nepos
1375 4118 1494 4194 Ubsrtl
1515 4117 1562 4194 de
1587 4117 1779 4213 Niqnitete‚
1800 4125 1836 4190 et
1862 4118 1953 4191 lacta
1973 4115 2023 4188 illi

608 4253 720 4316 castro
733 4241 948 4316 obsidioione
962 4251 998 4316 st
1016 4241 1106 4316 lacto
1121 4249 1270 4318 tractatu
1287 4263 1368 4318 cum
1383 4263 1427 4316 eo
1443 4249 1478 4316 et
1494 4239 1586 4318 datis
1597 4240 1665 4314 sibi
1680 4239 1706 4313 C
1721 4239 1820 4313 libris
1841 4238 1931 4313 illud
1945 4259 2023 4314 ocs-

608 4371 700 4438 trum
718 4364 807 4438 intra
823 4365 868 4438 lll
884 4363 960 4438 diss
975 4361 1075 4440 dedit
1092 4372 1128 4440 at
1143 4362 1284 4439 tradidit
1304 4363 1432 4460 popolo
1451 4361 1637 4454 Placentia,
1658 4363 1719 4456 qui
1742 4359 1830 4436 illud
1849 4383 1931 4436 cum
1952 4361 2022 4436 Pr·

606 4487 788 4582 piensibue
810 4487 949 4583 penitus
969 4485 1230 4563 destruxerunt.
1256 4485 1299 4559 Et
1320 4484 1406 4558 dum
1431 4493 1560 4558 sterent
1584 4485 1676 4558 circa
1696 4483 1924 4560 osidioionsm
1944 4481 2021 4558 dio-

650 4635 693 4718 (e)
713 4639 750 4699 In
764 4635 865 4698 oodloe
878 4635 963 4718 qued.

648 4741 899 4824 mmmm
