4554 6080
624 645 684 706 2¹12
1098 651 1340 714 CllllONlGON
1363 651 1415 712 DE
1438 653 1567 714 nunus

623 800 686 852 sua
701 781 863 854 comitiva
879 781 1004 856 ducem
1017 785 1225 880 Bapguerie,
1240 787 1366 860 ducem
1384 788 1522 860 Auscis
1537 787 1614 880 ejus
1629 787 1857 878 avunculum,
1877 787 2035 860 comitem
2064 803 2067 810 ’

623 902 669 976 de
692 904 793 977 Tirali
816 915 850 979 et
870 905 957 980 alios
975 909 1160 1004 principes.
1181 911 1300 982 Fertur
1321 912 1416 984 enim
1438 909 1602 983 habuisse
1619 910 1667 981 ibi
1687 911 1750 982 llll
1770 911 1878 983 millia
1898 911 2034 984 milites.

622 1029 663 1100 Et
679 1037 763 1102 tunc
778 1051 842 1101 rex
862 1029 1041 1104 Conradus
1067 1033 1151 1106 dum
1166 1044 1258 1108 esset
1274 1034 1445 1127 Tridenti,
1469 1035 1632 1130 episcopo
1654 1032 1807 1107 Cumano
1825 1043 1861 1106 et
1876 1035 2036 1108 iratribus

622 1152 716 1224 misit
734 1151 863 1224 litteras
879 1154 1091 1228 continentes
1106 1156 1154 1229 ita
1171 1183 1181 1228 ε

676 1299 691 1342 c
714 1274 892 1348 Conradus
909 1278 1086 1352 secundus
1106 1281 1164 1351 Dei
1181 1280 1292 1373 gratia
1309 1279 1498 1352 Jerusalem
1514 1288 1549 1352 et
1561 1280 1677 1354 Sicilie
1695 1303 1775 1368 rex,
1798 1280 1873 1354 dux
1889 1282 2033 1372 Suevie‚

622 1398 811 1470 venerabili
841 1400 918 1472 viro
945 1401 1151 1497 Raymundo
1178 1402 1224 1475 dc
1252 1404 1376 1476 Lature
1411 1403 1575 1498 episcopo
1599 1404 1774 1493 Cumano,
1794 1405 1975 1500 Napolioni
2004 1415 2037 1478 et

622 1520 804 1594 Francisco
822 1523 898 1615 ejus
913 1525 1095 1616 iratribus,
1116 1526 1289 1598 universis
1307 1527 1411 1600 etiam
1430 1525 1476 1600 de
1493 1527 1689 1620 cognitione
1705 1527 1860 1623 predicta
1879 1529 2037 1624 spiritum

623 1646 758 1716 consilii
787 1647 945 1718 sanioris.
965 1649 1069 1720 Novit
1095 1650 1188 1722 enim
1210 1649 1365 1722 mundus
1383 1671 1449 1723 nec
1471 1660 1525 1724 est
1542 1659 1581 1722 ut
1606 1650 1781 1724 credimus
1796 1674 1818 1725 a
1836 1661 1951 1725 vestra
1975 1673 2037 1725 no·

623 1769 704 1840 tioia
713 1770 931 1864 peregrinum
946 1772 1164 1866 inquantum
1178 1774 1337 1847 Urbanus
1352 1775 1478 1848 tercius
1490 1773 1539 1870 (c)
1554 1779 1737 1870 episcopus
1748 1775 1959 1848 urbisllome
1977 1774 2035 1848 diu

622 1903 889 1990 preconcaptum
910 1895 1029 1968 odium
1056 1918 1139 1990 arga
1163 1907 1324 1992 parentes
1344 1909 1478 1970 nostros
1500 1906 1583 1970 tunc
1601 1898 1761 1970 effuderit
1779 1907 1896 1970 contra
1911 1897 1957 1994 (b)
1977 1899 2038 1971 be-

621 2015 802 2089 reditatem
820 2027 991 2110 nostram,
1007 2017 1172 2091 videlicet
1186 2040 1333 2114 regnum
1352 2021 1504 2111 Scicilie,
1523 2019 1604 2092 filiis
1621 2021 1804 2093 contulerit
1816 2020 1950 2093 alienis.
1971 2023 2036 2107 Qui

623 2161 692 2212 non
711 2142 821 2214 solum
841 2143 907 2216 hoc
926 2142 1048 2215 latiens
1062 2143 1237 2238 propriam
1254 2144 1362 2238 ipsius
1384 2145 1631 2217 conscientiam
1654 2144 1759 2234 laxit,
1786 2165 1909 2216 verum
1935 2145 2038 2218 etiam

622 2273 740 2338 contra
762 2266 974 2340 voluntatem
992 2266 1147 2338 omnium
1170 2267 1398 2340 cardinalium
1423 2278 1507 2340 tunc
1527 2268 1689 2363 temporis
1706 2269 1848 2339 fratrum
1867 2271 1944 2361 ejus
1968 2289 2037 2342 mc-

621 2398 793 2461 moratum
810 2390 1014 2484 perpetrarit
1036 2412 1232 2462 excessum.
1254 2391 1408 2464 Tandem
1428 2391 1629 2487 supervenit
1650 2391 1861 2464 novissimus
1883 2392 2038 2465 Clemens

622 2515 724 2604 cujus
749 2534 874 2585 nomen
902 2514 948 2584 ab
970 2513 1096 2586 ellectu
1120 2535 1190 2584 non
1213 2513 1350 2587 modice
1375 2513 1499 2604 distat,
1522 2515 1583 2608 qui
1614 2513 1817 2586 electionem
1844 2515 1969 2586 iactam
1995 2514 2038 2588 dc

621 2657 731 2730 regno
764 2658 825 2731 per
855 2636 1048 2731 predictum
1079 2637 1256 2710 Urbanum
1286 2639 1323 2709 in
1352 2657 1534 2732 personam
1550 2637 1670 2708 Karuli
1695 2636 1876 2710 Provincie
1905 2637 2038 2710 comitis

621 2760 711 2834 adeo
739 2760 896 2833 funditus
925 2761 1121 2834 executioni
1151 2761 1345 2834 mandavit.
1374 2762 1437 2834 Cui
1464 2759 1619 2856 predicto
1645 2760 1774 2832 Karulo
1800 2759 1912 2854 ipsius
1942 2762 2037 2855 regni

622 2884 787 2980 imposuit
810 2883 988 2974 diadema,
1009 2883 1125 2984 eidem
1141 2906 1331 2983 suggerens
1349 2883 1445 2979 quod
1468 2894 1540 2956 tam
1562 2883 1661 2978 regni
1680 2905 1788 2977 quam
1813 2905 1941 2958 comne
1962 2885 2037 2958 col-

622 3009 724 3082 lectio
748 3009 795 3082 ad
821 3010 1010 3082 Romanam
1036 2999 1223 3082 Ecclesiam
1251 3008 1456 3104 pertinebat.
1489 3009 1567 3104 lpse
1596 3029 1680 3081 vero
1708 3007 1849 3080 invasor
1877 3007 2037 3103 publicus

623 3133 660 3204 in
683 3133 834 3206 facinore
854 3133 1065 3206 confortatus
1088 3133 1123 3204 in
1147 3141 1277 3204 tantam
1303 3133 1461 3228 pervenit
1484 3131 1681 3205 audactiam
1702 3133 1828 3204 luroris
1849 3131 1948 3224 quod
1971 3153 2038 3204 non

622 3258 736 3330 solum
752 3278 900 3350 regnum
918 3256 1049 3350 Sicilie,
1071 3278 1195 3329 verum
1220 3256 1323 3328 etiam
1349 3256 1581 3352 principatum
1598 3255 1736 3328 Tarenti
1756 3255 1903 3346 invasit,
1927 3255 2039 3328 occiso

621 3379 801 3454 Manlredo
841 3379 1020 3474 quondam
1061 3379 1218 3475 principe
1247 3379 1441 3452 Tarentino.
1468 3379 1537 3464 Qui
1565 3379 1727 3474 princeps
1753 3379 1816 3452 etsi
1844 3377 2038 3472 predictum

622 3527 769 3598 regnum
789 3504 834 3578 de
855 3505 935 3598 jure
961 3525 1033 3578 non
1058 3503 1214 3596 tenebat,
1235 3503 1318 3598 quia
1346 3512 1461 3576 tamen
1482 3499 1489 3599 Ι
1512 3525 1574 3597 per
1596 3503 1712 3598 ipsum
1734 3503 1830 3574 nulla
1853 3500 1959 3576 tiebat
1981 3525 2039 3576 co·

623 3629 698 3703 miti
723 3629 865 3722 injuria,
885 3649 955 3702 non
977 3627 1154 3724 spectabat
1171 3626 1217 3700 ad
1235 3627 1349 3722 ipsum
1368 3625 1557 3700 vindictam
1570 3647 1707 3700 sumere
1728 3625 1775 3698 de
1790 3625 1928 3700 ecdem.
1956 3627 2039 3700 Cum

623 3757 730 3850 igitur
753 3753 862 3826 simus
877 3751 1032 3825 Tridenti
1055 3773 1135 3823 cum
1156 3751 1366 3846 quibusdam
1392 3751 1534 3844 regibus
1556 3761 1591 3822 et
1611 3750 1784 3824 nonnullis
1805 3750 2036 3846 principibus,

625 3879 793 3968 ducibus,
813 3875 1089 3965 marchionibus,
1114 3874 1297 3946 comitibus
1322 3883 1357 3946 ct
1380 3873 1457 3946 aliis
1472 3873 1640 3945 militibus
1662 3873 1820 3962 infinitis,
1841 3885 1877 3946 et
1902 3895 1966 3970 per
1983 3895 2040 3948 ecs

624 4002 685 4095 qui
698 4001 801 4090 jnxta
821 4006 975 4071 nostrum
990 3997 1079 4070 latus
1093 3996 1240 4068 militant
1253 3995 1354 4069 nobis
1370 3995 1511 4069 assidue
1529 3996 1728 4068 consulatur
1742 3996 1839 4089 quod
1855 4005 2040 4091 antequam

625 4123 889 4220 progrediamur
915 4120 961 4194 ad
988 4120 1283 4214 recuperationem
1310 4119 1408 4214 regni
1438 4120 1565 4212 nostri,
1595 4118 1808 4214 provinciam
1837 4119 2040 4193 Lombardie

623 4251 708 4342 jugo
740 4247 877 4343 imperii
907 4267 1163 4341 supponamus;
1192 4244 1323 4318 idcirco
1358 4244 1461 4317 vobis
1487 4243 1696 4318 mandamus
1729 4253 1763 4318 et
1789 4253 1861 4316 tam
1890 4245 2041 4340 corporis

625 4393 730 4465 quarn
759 4370 875 4442 anime
901 4369 1115 4441 consulimus
1140 4367 1186 4440 ad
1227 4367 1373 4440 salutem
1407 4378 1579 4462 quatenus
1614 4369 1739 4440 nostris
1768 4367 1894 4440 vellitis
1923 4389 2041 4462 parere

626 4493 810 4568 mandatis.
837 4490 939 4577 Quod
964 4491 1128 4564 iacientes
1150 4491 1240 4563 inter
1257 4490 1343 4564 alios
1368 4490 1581 4565 Lombardos
1607 4492 1795 4566 confratres
1819 4499 1951 4564 vestros
1977 4511 2040 4564 vos

669 4659 710 4732 (a)
732 4655 783 4716 stc
795 4657 826 4715 tn
839 4653 955 4730 ccdlcc3
971 4653 1129 4733 legendum
1142 4667 1214 4714 vcro
1225 4657 1359 4733 quartos.

669 4760 709 4842 (b)
730 4762 827 4824 Locus
840 4762 976 4838 mutilum
992 4760 1118 4823 tormen
1129 4765 1232 4822 contra
1243 4775 1297 4820 cca
1308 4756 1378 4820 dum
1390 4755 1587 4822 bodinum.
