4554 6080
785 642 826 702 ΙΝ
850 641 992 702 lTAblll
1015 638 1166 702 eusuls.
1621 634 1679 696 271

227 789 232 798 ’
265 791 301 853 et
312 779 490 852 Mantuani
508 778 544 849 in
560 798 686 870 magun
697 778 887 870 quantitate
902 797 1024 849 eornm
1047 773 1227 869 temptoria
1244 772 1334 844 ultra
1346 771 1476 844 llumen
1489 771 1568 865 Ogii
1586 770 1682 845 lixe-

266 911 362 974 rnut.
381 905 420 974 lu
440 901 596 974 custodia
613 921 697 974 vero
718 901 834 974 llocbe
853 909 951 973 erant
964 898 1040 972 CCC
1061 898 1185 969 milites
1202 905 1237 968 et
1254 895 1352 968 multi
1369 892 1503 990 pedites
1517 895 1683 968 Cremoue

265 1037 302 1099 et
322 1027 501 1100 ballisterii
522 1037 557 1098 et
581 1027 689 1098 multe
709 1025 801 1098 bone
819 1025 955 1098 balliste
968 1032 1003 1094 et
1017 1017 1182 1095 victualia
1200 1021 1320 1094 multa.
1338 1021 1376 1092 ln
1394 1018 1553 1115 proximo
1568 1039 1685 1091 mense

262 1151 340 1242 julli
357 1151 468 1244 posito
486 1149 583 1242 igue,
603 1170 728 1242 guerra
747 1158 782 1222 et
804 1147 979 1221 discordia
997 1147 1033 1217 in
1060 1145 1225 1218 Cremona
1244 1153 1279 1216 et
1303 1142 1474 1216 Placentia
1496 1143 1585 1214 sicut
1603 1144 1684 1237 plus

265 1281 444 1368 poterant,
466 1271 611 1368 predicti
630 1272 732 1365 legati
748 1294 828 1344 cum
842 1270 1126 1344 ambasiatoribus
1143 1268 1327 1358 Cremone,
1344 1266 1531 1358 Placentie,
1552 1265 1685 1339 ltledio·

264 1393 354 1486 lani,
378 1394 497 1467 Brixia
520 1405 556 1468 et
574 1395 720 1468 aliarum
742 1396 922 1469 civitatum
942 1393 989 1468 ad
1008 1394 1138 1466 curiam
1162 1389 1294 1464 domini
1320 1411 1410 1485 pape
1425 1389 1680 1484 equitaverunt.

264 1515 516 1590 Ambaxatores
543 1539 624 1591 vero
644 1519 824 1592 civitatum
839 1518 937 1591 ibant
948 1517 994 1591 ad
1013 1517 1143 1589 curiam
1156 1514 1202 1588 ad
1218 1513 1433 1588 laudandum
1446 1514 1539 1608 ipsos
1553 1515 1684 1606 legatos

265 1641 312 1713 de
331 1641 433 1714 bonis
448 1643 612 1736 operibus
629 1664 699 1737 que
725 1644 875 1716 fecerant
897 1642 934 1712 in
956 1641 1162 1714 lombardia
1183 1659 1299 1713 coram
1324 1637 1465 1712 domino
1489 1659 1601 1733 papa:
1623 1638 1684 1731 qui

265 1764 428 1838 dominus
445 1788 534 1861 papa
549 1769 625 1840 loeo
644 1767 795 1860 ipsorum
810 1765 926 1860 posuit
939 1765 1235 1859 archiepiscopum
1253 1764 1394 1836 Ravene
1407 1783 1469 1856 pro
1479 1762 1684 1857 complendo

265 1890 395 1963 malum
414 1889 510 1984 quod
531 1891 596 1986 ipsi
618 1891 722 1984 legati
745 1911 816 1962 non
832 1899 989 1984 poterant
1012 1888 1213 1983 adimplere.
1240 1887 1485 1959 Cremonenses
1503 1907 1585 1959 vero
1604 1895 1684 1960 ante

267 2013 510 2097 destruxerant
525 2014 695 2086 (libellum
726 2023 760 2086 et
784 2014 987 2108 Ragazolam
1008 2023 1043 2086 et
1062 2014 1128 2086 alia
1148 2023 1259 2084 castra
1282 2010 1414 2084 domini
1441 2011 1559 2084 Uberti
1586 2033 1684 2084 mar-

264 2137 400 2209 chionis
417 2138 604 2210 Pelavicini
621 2159 691 2230 qne
704 2137 856 2209 babebat
872 2138 907 2208 in
924 2137 1024 2209 sortia
1038 2137 1214 2209 Cremoue.
1236 2135 1366 2208 Eodem
1381 2145 1536 2230 tempore
1548 2136 1684 2209 Terdo-

265 2282 391 2334 nenses
407 2283 446 2334 se
459 2260 676 2334 tradiderunt
693 2261 887 2333 marchioni
903 2261 1128 2333 Montislerati
1144 2260 1347 2332 rebellantes
1365 2261 1539 2331 communi
1557 2261 1680 2354 Papio,

264 2393 467 2481 potestatem
483 2407 605 2458 eornm
618 2386 680 2479 qui
698 2395 773 2457 erat
785 2385 966 2479 Papiensis
981 2383 1026 2456 de
1044 2384 1213 2476 regimine
1230 2385 1462 2479 expellentes,
1481 2392 1625 2456 tractatu
1649 2395 1684 2458 et

263 2509 463 2603 operatione
493 2510 641 2580 militnm
675 2509 779 2604 Papie
804 2509 863 2602 qui
895 2508 1077 2580 Fallabrini
1108 2508 1283 2582 dicuutur.
1313 2509 1351 2579 ln
1379 2509 1538 2600 proximo
1565 2529 1684 2582 mense

264 2633 405 2726 angusti
422 2633 624 2705 Mantuanni
648 2643 682 2705 et
702 2633 935 2704 Ferrarienses
954 2633 1120 2705 hostiliter
1135 2653 1215 2704 cum
1237 2631 1387 2705 navibus
1413 2631 1634 2705 incastellatis
1650 2641 1684 2706 et

264 2755 411 2829 ediliclis
427 2755 659 2829 veneruntad
677 2755 920 2829 ossidicionem
937 2757 1002 2828 loci
1023 2757 1221 2830 Tezolarum
1247 2756 1284 2826 in
1309 2776 1380 2849 quo
1399 2765 1497 2828 erant
1514 2755 1539 2826 C
1557 2754 1684 2830 milites

263 2891 298 2954 et
316 2879 452 2976 pedites
467 2881 634 2953 Cremoue
650 2901 712 2975 pro
727 2890 823 2976 parte
841 2881 972 2953 domini
991 2881 1100 2972 Bosii,
1121 2890 1155 2952 et
1169 2900 1263 2952 mora
1282 2879 1331 2951 ibi
1350 2881 1439 2952 lacta
1453 2879 1606 2974 quadam
1624 2879 1682 2953 die

262 3005 379 3101 posito
402 3005 484 3098 igne
513 3005 549 3076 iu
578 3004 733 3099 quodam
759 3005 899 3078 castello
921 3004 1120 3099 lignauimis
1142 3004 1238 3097 quod
1267 3005 1437 3093 fecerant,
1464 3005 1682 3098 projicientes

261 3130 378 3224 ipsum
394 3129 572 3202 castellnm
583 3150 708 3202 versus
725 3130 858 3220 locum,
880 3149 1047 3202 accensus
1063 3137 1115 3200 est
1133 3125 1289 3220 undique
1306 3129 1420 3218 loeus;
1438 3127 1553 3222 ipsum
1567 3129 1681 3202 locum

260 3263 429 3348 ceperunt
446 3261 480 3324 et
498 3253 625 3326 multos
644 3275 692 3326 ex
708 3253 759 3326 eis
778 3251 1023 3326 detruncantes
1038 3261 1169 3324 ceteros
1185 3251 1221 3322 in
1240 3250 1437 3324 carceribus
1457 3249 1682 3325 deduxerunt

261 3377 454 3450 Mantuam.
476 3377 515 3448 ln
531 3397 602 3470 qno
626 3379 701 3449 loco
717 3377 818 3448 multi
838 3376 1034 3472 prexonerii
1049 3375 1230 3464 Cremone,
1251 3375 1422 3448 Placentia
1439 3385 1474 3448 et
1497 3377 1681 3450 Mediolani

262 3509 363 3574 erant
390 3500 481 3593 capti
510 3500 572 3593 qui
600 3522 621 3573 a
648 3500 749 3573 dictis
776 3501 974 3574 carceribus
1004 3511 1085 3572 sunt
1113 3498 1253 3594 penitus
1279 3500 1436 3573 relaxati.
1470 3499 1533 3573 Die
1561 3499 1682 3573 domi-

261 3623 343 3695 nico
356 3623 445 3696 Vllll
465 3623 593 3695 mensis
615 3624 768 3696 octubris
786 3625 876 3696 circa
891 3645 1054 3719 vesperas
1071 3623 1317 3696 Cremonenses
1332 3631 1367 3695 et
1382 3643 1502 3695 omnes
1517 3623 1578 3717 qni
1601 3646 1681 3698 cum

260 3747 313 3820 eis
327 3755 424 3820 erant
438 3746 474 3817 iu
486 3745 688 3818 ossiditione
699 3746 827 3836 Coche,
841 3746 970 3820 relictis
988 3747 1037 3818 ibi
1051 3747 1169 3835 carris,
1184 3746 1366 3838 vegetibus
1377 3769 1457 3818 cum
1468 3747 1564 3838 vino,
1576 3749 1681 3822 tensis

259 3877 297 3942 et
317 3869 495 3942 trabuobis
516 3877 550 3942 et
572 3879 676 3964 ponte
697 3869 839 3941 navium
862 3891 966 3964 quem
991 3889 1097 3963 super
1118 3870 1244 3963 Ogium
1267 3878 1546 3962 construxerant,
1569 3893 1682 3947 recee-

260 4002 397 4084 seruut,
413 3993 497 4088 quia
516 3993 757 4066 intellexerant
773 3992 868 4088 quod
887 4015 952 4066 rex
968 3993 1147 4066 Conradus
1166 3993 1343 4067 secundus
1356 4003 1429 4066 erat
1446 3995 1541 4089 apud
1562 3996 1681 4070 Bolza·

260 4139 347 4189 unm
371 4139 450 4190 com
472 4139 599 4212 magua
620 4120 811 4212 quantitate
833 4117 1029 4212 principum
1049 4127 1084 4190 et
1105 4117 1254 4188 militum
1281 4127 1315 4190 et
1335 4118 1419 4212 quia
1439 4119 1545 4190 nichil
1566 4121 1681 4192 lacere

259 4250 420 4336 poterant
435 4245 490 4316 vel
503 4263 627 4316 nocere
643 4241 785 4316 domino
799 4241 930 4314 Bossio.
947 4239 1193 4314 Cremonenses
1214 4261 1297 4314 vero
1313 4243 1474 4314 muniunt
1490 4242 1677 4332 civitatem,

259 4364 387 4438 fatiunt
402 4367 527 4438 fossata
540 4387 604 4463 per
619 4366 762 4460 burgos,
783 4367 908 4438 fatiunt
926 4365 1082 4461 spaldos,
1098 4365 1220 4437 timent
1234 4365 1281 4438 ad
1300 4375 1441 4438 mortem
1460 4365 1506 4438 de
1526 4366 1680 4440 adventu

259 4487 354 4581 regis
378 4487 537 4563 Conradi.
563 4489 625 4562 llie
652 4489 788 4562 veneris
814 4491 894 4560 Xlll
921 4489 1046 4562 mensis
1069 4490 1222 4562 octubris
1250 4511 1312 4561 rex
1339 4490 1515 4564 Conradus
1539 4491 1681 4564 intravit

260 4611 432 4684 Veronam
463 4634 543 4684 cum
572 4613 726 4686 maxima
759 4614 949 4707 quantitate
980 4614 1175 4710 principum
1206 4623 1241 4686 et
1279 4615 1440 4688 militum.
1475 4617 1557 4688 Erat
1586 4616 1680 4688 enim

262 4743 352 4808 etate
362 4737 441 4810 XVl
453 4759 637 4828 annorum,
655 4739 824 4810 formosus
842 4747 878 4812 et
892 4759 1040 4830 magnus
1056 4737 1101 4812 de
1119 4760 1266 4835 persona
1282 4737 1398 4828 valde,
1419 4749 1454 4813 et
1475 4739 1625 4813 habebat
1641 4741 1678 4810 in
