4594 6066
831 647 874 708 IN
898 647 1039 710 tracta
1063 645 1216 710 castis
1674 648 1732 711 165

311 783 358 856 de
383 781 655 856 lombardorum
686 783 833 876 negocio
859 805 923 856 nos
954 782 999 858 de
1023 793 1134 858 cetero
1158 779 1384 856 intromittere
1409 782 1610 858 debeamus.
1632 786 1731 858 Prin·
1819 819 1825 830 ·

311 907 408 1004 cipes
432 907 527 980 enirn
556 906 740 1006 Germanic
763 906 864 980 uobis
888 909 1026 1005 culpam
1052 909 1230 982 ascribunt
1256 906 1301 981 de
1333 907 1478 999 negocio
1506 909 1730 1002 Lombardie,

310 1031 468 1126 quinon
495 1029 547 1127 (c)
573 1025 664 1130 [per]
692 1031 951 1128 compositionis
976 1034 1141 1122 formam,
1165 1032 1229 1106 sed
1252 1033 1330 1104 fuso
1353 1032 1543 1125 sanguiue,
1566 1041 1670 1128 prout
1695 1033 1731 1104 iu

310 1177 407 1230 arma
434 1157 554 1230 furens
574 1153 760 1250 imperium
781 1155 910 1249 exigit,
931 1156 1062 1230 vellent
1084 1154 1297 1230 Lcmbardos
1322 1156 1468 1252 imperio
1489 1155 1601 1228 subici
1628 1165 1662 1228 et
1685 1156 1732 1229 ad

309 1279 499 1376 imperialis
520 1279 681 1352 culminis
706 1281 871 1354 mandata
894 1280 1022 1354 redire.
1047 1281 1117 1354 Vix
1143 1291 1259 1354 tamen
1276 1279 1324 1354 ad
1351 1280 1549 1354 instantiam
1580 1289 1732 1354 nostram

309 1403 355 1476 ab
390 1402 524 1476 eisdem
557 1402 721 1475 iratribus
747 1405 892 1497 nostris,
922 1413 1112 1478 asserentes
1142 1405 1193 1478 eis
1225 1403 1322 1500 quod
1355 1403 1401 1477 de
1434 1424 1520 1499 pace
1555 1403 1732 1478 tractanda

308 1524 410 1601 uobis
427 1548 449 1600 a
469 1525 613 1600 domino
631 1547 723 1622 papa
742 1526 862 1600 datum
888 1530 1002 1602 iuerat
1026 1528 1063 1602 in
1092 1527 1284 1616 mundatis,
1303 1527 1461 1600 obtinere
1487 1523 1535 1623 (b)
1563 1537 1601 1599 ut
1626 1527 1732 1602 modo

308 1661 443 1726 tantum
461 1651 646 1748 ¹redeundo
673 1651 720 1724 ud
746 1671 809 1724 vos
835 1653 1118 1746 compositionem
1144 1653 1255 1748 ipsam
1281 1660 1428 1724 tractare
1455 1651 1640 1745 possimus.
1661 1654 1732 1726 Vos

308 1797 392 1870 ergo
410 1778 440 1850 si
458 1777 619 1868 videritis
642 1775 742 1870 quod
760 1776 964 1872 compositio
982 1777 1058 1871 ipsa
1081 1774 1209 1848 deduci
1230 1777 1344 1848 valeat
1361 1776 1408 1849 ad
1423 1775 1601 1866 effectum,
1622 1777 1731 1849 Lom-

306 1901 436 1975 bardos
460 1903 490 1974 si
516 1902 629 1998 placet
657 1901 693 1971 in
718 1902 926 1996 competenti
944 1901 1019 1974 leco
1038 1901 1150 1973 taliter
1174 1899 1390 1992 convocetis,
1409 1909 1448 1972 ut
1469 1923 1549 1974 cum
1565 1903 1730 1974 veneritis

306 2024 377 2096 sint
394 2025 470 2118 ipsa
490 2020 536 2120 (c)
553 2031 744 2120 presentes.
762 2023 829 2096 Pro
859 2031 955 2096 certo
979 2023 1071 2096 euim
1095 2031 1213 2096 tenere
1238 2023 1380 2117 potestis
1396 2022 1491 2118 quod
1510 2026 1613 2097 Cesar
1634 2025 1730 2097 invi-

306 2147 462 2220 tissimus
485 2167 551 2221 uos
575 2145 677 2220 dictis
704 2147 876 2220 exercitui
898 2145 946 2242 (d)
971 2146 1246 2243 competentibus
1267 2147 1435 2240 sequitur.
1463 2148 1503 2220 ln
1529 2147 1636 2243 pratis
1657 2151 1726 2222 Ve-

304 2291 391 2344 roue
415 2270 506 2343 sicut
533 2291 626 2342 anno
653 2269 817 2365 preterito
845 2291 976 2364 moram
1004 2291 1075 2343 non
1102 2269 1280 2344 contrahet
1303 2291 1368 2342 nec
1393 2270 1538 2344 detineri
1565 2294 1634 2346 non
1658 2294 1729 2368 po-

304 2394 384 2466 terit
409 2392 529 2466 verbis
559 2401 596 2465 et
623 2391 766 2465 astuciis
797 2391 1093 2484 lombardorum,
1123 2393 1330 2467 vacantibus
1358 2395 1495 2468 interim
1523 2395 1666 2469 ensibus
1694 2406 1730 2470 et

304 2516 435 2590 lanceis
453 2514 714 2590 Germanorum.
734 2516 804 2590 Sed
822 2537 907 2588 mcx
924 2537 1005 2590 cum
1023 2517 1249 2612 applicuerit,
1269 2517 1300 2590 si
1321 2538 1390 2590 nou
1407 2515 1562 2590 extiterit
1587 2541 1728 2615 compo-

303 2639 384 2711 sitio
419 2650 624 2735 preparata,
653 2639 799 2736 incipiet
827 2648 946 2712 centra
977 2639 1121 2712 rebelles
1150 2639 1241 2711 vires
1269 2661 1352 2714 suas
1376 2648 1517 2713 strenue
1542 2662 1726 2735 exercere,

302 2762 591 2836 Theotcuicorum
618 2784 763 2836 suorum
792 2762 923 2835 fumoso
953 2761 1083 2856 impetu
1109 2759 1271 2834 disoluto.
1298 2761 1333 2832 Si
1362 2761 1507 2855 quidem
1529 2785 1592 2858 per
1617 2766 1727 2838 iuter-

303 2894 448 2960 veutum
467 2887 565 2982 pacis
581 2883 782 2980 hujusmodi
799 2899 917 2982 posset
931 2885 1062 2958 aboleri
1082 2883 1139 2980 (e)
1157 2905 1352 2980 processus,
1373 2885 1591 2960 crederemus
1605 2891 1726 2986 utique

302 3011 491 3106 gloriosum
517 3019 604 3107 aput
631 3011 743 3084 Deum
769 3017 804 3084 et
830 3008 987 3083 homines
1010 3009 1115 3083 laude
1144 3009 1302 3105 dignum.
1327 3011 1458 3084 Verum
1484 3011 1514 3083 si
1545 3011 1611 3084 bac
1646 3013 1726 3088 vioe

301 3135 405 3208 uobis
432 3144 568 3208 tantum
594 3133 726 3208 bouum
758 3133 950 3206 zelantibus
978 3153 1041 3227 pro
1068 3132 1294 3225 Lombardis,
1324 3134 1390 3230 ipsi
1410 3135 1627 3227 neglexerint
1648 3159 1724 3213 cre-

302 3256 404 3350 dere,
426 3259 584 3331 volentes
604 3258 641 3329 in
658 3255 823 3352 superbia
841 3265 1006 3330 consueta
1031 3256 1231 3350 persistere,
1258 3277 1323 3328 nos
1341 3255 1386 3329 de
1403 3257 1559 3353 ipsorum
1578 3261 1723 3354 negocio

301 3381 360 3454 vel
382 3382 501 3476 quiete
519 3389 666 3454 tractare
690 3388 808 3453 centm
824 3381 967 3452 fratrum
988 3388 1183 3454 nostrorum
1201 3377 1355 3452 omnium
1374 3381 1570 3454 voluntates
1587 3392 1623 3455 et
1640 3393 1723 3458 vota

300 3505 500 3601 principum
517 3527 588 3578 non
610 3503 727 3577 licebit
742 3502 810 3600 (s).
831 3504 920 3577 Ecce
945 3503 1058 3598 palam
1082 3523 1195 3576 coram
1215 3504 1286 3576 Deo
1305 3513 1339 3577 et
1361 3503 1562 3578 hominibus
1586 3527 1651 3579 nos
1676 3505 1722 3580 de

300 3629 464 3702 omnibus
483 3649 715 3720 excusamus,
734 3625 832 3723 quod
850 3627 895 3700 ad
911 3626 1160 3724 procreandam
1184 3648 1306 3723 pacem
1322 3627 1468 3700 libenter
1485 3628 1719 3722 intendimus,

299 3773 381 3824 narn
409 3750 596 3844 debemus,
619 3759 655 3824 et
686 3748 733 3823 ad
761 3749 944 3824 artaudum
975 3771 1157 3846 processus
1185 3749 1326 3824 bellicos
1359 3749 1583 3826 libentissime
1618 3753 1722 3826 labo-

299 3897 420 3949 ramus
448 3883 484 3948 et
509 3875 739 3969 inquantum
764 3895 949 3972 possumus
979 3874 1175 3948 satisfacere
1204 3875 1348 3946 nitimur
1368 3875 1569 3970 apostolicis
1585 3877 1722 3950 monitis

341 4234 385 4314 (α)
405 4235 441 4296 In
459 4233 563 4298 codice
575 4250 665 4298 cunc.

339 4339 382 4420 (b)
403 4341 461 4402 illc
472 4341 557 4403 deest
569 4341 695 4404 verbnm
703 4339 854 4422 potutmm
865 4339 913 4402 rel
926 4339 1105 4420 hujusmodl.

338 4445 379 4527 (c)
405 4448 503 4510 Locum
515 4448 640 4510 mutilat
652 4449 715 4509 slve
726 4447 805 4509 male
817 4449 1023 4524 transcriptus.

337 4549 384 4632 (d)
405 4553 503 4614 Locus
517 4553 653 4615 mutilus.

337 4657 381 4738 (e)
406 4659 442 4718 In
455 4659 557 4720 ccdtce
570 4656 689 4722 adoleri.

338 4761 441 4843 (s)1n
457 4765 559 4826 oodlce
572 4761 683 4828 tactu.
