4554 6080
587 672 648 734 298
1065 675 1305 738 efluourcott
1329 676 1382 736 DE
1406 675 1534 737 RERUS

587 827 734 880 uxorem
749 809 824 902 regi
841 811 1057 884 Tartarorum
1075 811 1165 882 sicut
1182 809 1320 905 publice
1333 811 1524 899 terebatur3
1543 809 1607 884 sed
1621 820 1761 907 propter
1777 814 2009 888 turbationem

587 931 694 1004 maris
713 953 874 1006 reversus
887 943 939 1006 est
956 934 1001 1007 ad
1016 935 1172 1030 propria,
1192 933 1290 1030 quod
1310 956 1380 1008 non
1398 934 1513 1028 potuit
1531 934 1594 1008 ire.

636 1055 769 1130 Eodem
799 1067 953 1153 tempore
976 1057 1021 1130 de
1044 1079 1164 1130 mense
1188 1059 1328 1153 augusti
1353 1059 1546 1130 tanuensee
1569 1079 1634 1154 pro
1658 1058 1834 1132 communi
1865 1061 2011 1134 federati

588 1191 670 1254 sunt
685 1204 766 1254 cum
782 1181 923 1254 domino
944 1182 1073 1256 Karulo
1092 1183 1217 1255 comite
1241 1181 1422 1254 Provincie
1441 1183 1504 1276 qui
1529 1203 1567 1254 se
1589 1203 1710 1277 regem
1737 1183 1873 1257 Scicilie
1893 1207 2012 1281 appe-

589 1307 700 1398 labat,
726 1307 951 1402 promitentcs
974 1307 1041 1378 sibi
1065 1307 1098 1378 X
1118 1307 1235 1400 galeas
1257 1315 1409 1378 armatas
1434 1327 1557 1379 eorum
1581 1308 1747 1403 expensis
1771 1308 1883 1381 tribus
1906 1331 2013 1382 men-

588 1430 686 1502 sibus
705 1430 788 1501 anni
806 1441 945 1526 propter
958 1430 1141 1526 penuriam
1163 1431 1267 1504 blave
1287 1451 1394 1525 mam
1419 1429 1612 1519 habebant,
1631 1430 1754 1504 dantes
1779 1433 1891 1505 eciam
1906 1433 2014 1507 codi-

589 1553 686 1648 gium
712 1554 758 1627 de
793 1553 950 1627 districtu
982 1557 1091 1627 lanue
1121 1556 1284 1628 omnibus
1311 1555 1446 1628 Pisanis
1477 1565 1512 1627 et
1543 1555 1755 1628 senensibus
1788 1565 1824 1630 et
1848 1558 2016 1630 omnibus

540 1686 543 1692 '
589 1678 748 1752 Gibilinis
773 1687 808 1750 et
827 1679 992 1750 omnibus
1018 1678 1063 1752 de
1089 1700 1199 1772 regno
1226 1679 1377 1752 inimicis
1403 1678 1488 1752 dicti
1512 1679 1647 1769 Karoli;
1673 1689 1708 1752 et
1731 1680 1800 1775 ipsi
1822 1683 2015 1756 lanuenses

590 1803 767 1876 intrinseci
788 1799 918 1902 [amici]
935 1803 1019 1875 dicti
1037 1804 1153 1876 Karoli
1169 1803 1299 1876 debent
1311 1825 1390 1877 esse
1403 1804 1503 1876 liberi
1520 1813 1555 1877 et
1568 1804 1698 1877 habere
1711 1804 1851 1877 blavam
1871 1805 2011 1902 precio,

591 1928 681 2000 sicut
698 1935 854 2024 tempore
875 1927 1022 2001 condam
1040 1929 1133 2022 regis
1151 1927 1322 2001 blaniredi
1339 1927 1529 2001 habebant.

639 2051 774 2126 Eodem
803 2061 957 2148 tempore
982 2052 1028 2125 de
1053 2075 1173 2126 meuse
1200 2053 1407 2149 septembris
1438 2073 1623 2125 commune
1654 2051 1871 2125 alexandrie
1894 2054 2015 2146 precio

590 2177 653 2248 XV
671 2175 779 2249 millia
794 2176 882 2250 libra
899 2177 1082 2273 Papiensia
1099 2178 1182 2250 emit
1199 2199 1221 2250 a
1238 2177 1379 2251 domino
1396 2175 1584 2249 Fallavellc
1601 2175 1647 2248 de
1662 2175 1859 2251 Fallavellis
1874 2177 1950 2249 cive
1969 2175 2017 2250 de

591 2300 750 2372 Terdona
775 2310 925 2373 castrum
952 2309 986 2372 et
1014 2299 1182 2374 forticiam
1211 2301 1393 2374 Seravallis
1426 2309 1547 2374 contra
1575 2301 1790 2374 voluntatem
1821 2301 2018 2374 communis

591 2423 748 2496 Terdone
766 2433 801 2496 et
819 2423 1028 2497 marchionis
1044 2425 1290 2516 Montisterati3
1313 2423 1568 2521 propterquod
1585 2423 1726 2497 videtur
1743 2423 1843 2497 orriri
1862 2425 2019 2498 maxima

593 2547 771 2620 discordia
791 2549 880 2620 inter
898 2548 1153 2621 Alexandrinos
1170 2559 1206 2622 et
1222 2549 1462 2622 ‘terdonenses
1484 2559 1519 2621 et
1535 2547 1772 2620 marchionem
1789 2549 2018 2621 Montislerati

592 2671 655 2767 qui
672 2681 759 2743 tunc
782 2683 855 2744 erat
870 2672 1034 2744 dominns
1051 2671 1223 2746 Terdone.

643 2795 776 2869 Eodem
796 2806 952 2892 tempore
974 2797 1161 2870 demensa
1184 2796 1389 2892 septembris
1414 2795 1587 2868 maximus
1616 2801 1819 2868 terremotus
1842 2803 1939 2867 ortus
1965 2807 2022 2868 est

598 2919 634 2992 in
654 2921 794 2993 civitate
810 2919 989 3010 Anchone,
1006 2921 1054 2994 ita
1072 2919 1169 3014 quod
1182 2929 1294 2994 turres
1313 2929 1348 2992 et
1363 2919 1454 2992 muri
1472 2927 1506 2992 et
1527 2917 1653 2992 domus
1668 2919 1762 2991 illius
1780 2919 1931 2992 civitatis
1956 2939 2023 2991 ca-

598 3045 689 3120 dunt
708 3056 742 3118 et
765 3047 928 3120 dirruunt
953 3046 1174 3132 mirabiliter,
1198 3053 1233 3117 et
1249 3045 1400 3118 timeret
1418 3055 1546 3116 tremor
1567 3043 1672 3116 valde
1692 3053 1745 3116 est
1767 3043 1803 3115 in
1828 3043 1959 3140 populo
1983 3051 2023 3117 et

599 3177 704 3264 gente
726 3171 821 3242 illius
838 3171 1006 3260 civitatis,
1025 3171 1072 3242 ita
1090 3169 1188 3264 quod
1209 3190 1330 3242 omnes
1350 3169 1445 3240 illius
1463 3167 1612 3240 civitatis
1631 3169 1750 3260 magni
1770 3177 1805 3242 et
1823 3170 1921 3264 parvi
1941 3169 2022 3241 exi-

602 3305 729 3368 verunt
747 3293 792 3367 de
811 3295 952 3368 civitate
968 3293 1015 3366 ad
1032 3293 1211 3366 travachas
1230 3303 1265 3366 et
1285 3293 1480 3388 pavilionos
1497 3291 1588 3362 sicut
1603 3301 1719 3364 essent
1736 3291 1773 3361 in
1794 3291 1967 3383 exercitu,
1986 3300 2025 3362 et

603 3428 672 3492 tam
691 3419 852 3491 terribilis
870 3429 923 3491 est
941 3419 998 3490 illc
1020 3427 1221 3491 terremotus
1240 3413 1335 3511 quod
1361 3437 1543 3508 nunquam
1565 3413 1630 3489 tuit
1654 3413 1795 3487 auditus
1818 3437 1839 3486 a
1861 3413 2025 3488 emeda

604 3545 696 3615 tione
712 3541 893 3614 bominum
910 3543 1008 3615 citra.

651 3665 785 3740 Eodem
804 3676 960 3762 tempore
977 3665 1024 3738 de
1043 3686 1161 3738 mense
1179 3663 1405 3760 septembris,
1427 3660 1538 3734 illido
1554 3661 1704 3734 Nuceria
1726 3669 1865 3756 propter
1881 3661 2025 3755 longam

604 3791 855 3866 obsidicionem
869 3813 975 3888 quam
991 3791 1137 3863 lierolus
1153 3789 1268 3863 dictus
1283 3809 1347 3860 rex
1363 3787 1502 3859 Scicilie
1517 3785 1569 3858 eis
1582 3785 1677 3877 lecit,
1696 3783 1939 3858 deficientibus
1954 3785 2026 3858 sibi

606 3917 817 3991 victualibus
834 3939 873 3991 se
896 3915 1114 3990 tradiderunt
1136 3916 1172 3985 in
1194 3915 1302 3987 torcia
1317 3922 1352 3986 et
1374 3912 1504 3984 virtute
1526 3909 1611 3984 dicti
1632 3905 1640 4007 Ι
1662 3909 1766 4003 regis.
1790 3911 1859 3994 Qui
1878 3909 2027 3983 Karolus

608 4045 785 4118 atrocitate
799 4041 939 4115 sceleris
956 4041 1154 4112 inllamatus
1168 4037 1402 4111 Conradinum
1426 4035 1537 4107 lilium
1552 4033 1745 4106 naturalem
1767 4031 1914 4106 condam
1933 4035 2029 4127 regis

608 4167 713 4265 primi
737 4165 885 4240 Conradi
909 4187 1015 4260 quem
1038 4163 1087 4235 ibi
1110 4163 1262 4253 invenit,
1283 4161 1341 4233 cui
1361 4161 1411 4232 illi
1432 4159 1477 4232 de
1497 4157 1647 4231 Nuceria
1672 4156 1863 4230 obedibant
1886 4165 2031 4253 propter

609 4314 763 4368 amorem
789 4291 915 4387 patris,
943 4289 1068 4362 lulclris
1093 4286 1291 4384 suspendit3
1321 4285 1524 4359 christianos
1549 4304 1655 4378 quem
1678 4281 1727 4354 ibi
1756 4281 1891 4356 invenit
1920 4283 2032 4355 uariis

610 4418 710 4516 penis
726 4415 893 4488 cruciavit
908 4411 974 4509 (t).

648 4620 683 4694 (t)
702 4619 837 4693 Al'appoi
850 4618 888 4675 du
903 4617 972 4675 recit
986 4617 1020 4674 de
1036 4621 1114 4673 nobe
1127 4614 1308 4687 chroniqueur
1325 4627 1393 4670 nous
1409 4627 1525 4687 croyons
1538 4611 1603 4668 utile
1616 4611 1650 4668 de
1662 4611 1729 4667 citer
1744 4625 1779 4666 en
1794 4608 1880 4666 enter
1896 4589 1933 4664 un
1945 4607 2032 4680 docu-

612 4724 688 4777 ment
700 4733 754 4792 peu
767 4732 855 4773 oonnu
867 4715 913 4790 qui
924 4731 955 4774 se
967 4719 1061 4772 trouve
1072 4713 1141 4769 dans
1154 4729 1191 4769 uu
1201 4712 1294 4767 ancien
1309 4710 1456 4768 manuscrit
1466 4710 1500 4766 de
1513 4707 1639 4782 l’abbaye
1651 4708 1701 4766 des
1710 4709 1815 4778 Dunes,
1830 4704 1998 4779 auiourd'lrui
2013 4705 2033 4764 tl

613 4817 640 4874 la
651 4813 832 4888 bibliotheque
841 4812 971 4888 publique
984 4811 1018 4868 de
1030 4812 1133 4882 Bruges
1147 4809 1217 4883 (coir
1229 4809 1256 4866 la
1268 4809 1355 4866 notice
1368 4808 1401 4865 de
1415 4807 1451 4866 bl.
1470 4808 1582 4880 llere-yn
1595 4805 1630 4862 de
1643 4804 1817 4874 bettenhore,
1833 4803 1900 4860 dans
1915 4802 1955 4860 les
1968 4802 2032 4859 ltd-
