4568 6064
622 653 683 716 ato
1096 652 1336 716 cfluoutcou
1361 655 1413 714 ott
1436 655 1566 718 lllilillS

669 790 717 862 lt.
733 788 794 862 CC.
809 789 977 876 LXXllll,
1008 787 1197 862 indictione
1223 789 1394 882 secunda,
1423 791 1535 864 littere
1559 789 1765 864 destinates
1790 790 1932 865 domino
1956 813 2038 885 rege

619 915 851 986 Romanorum
866 913 1099 986 cardinalibus
1112 914 1264 986 Ecclesia
1280 915 1493 988 continentes
1510 915 1599 988 banc
1618 917 1759 988 formam
1780 942 1789 986 r

672 1066 690 1104 a
708 1037 974 1111 venerabilibus
988 1037 1022 1107 iu
1034 1038 1167 1111 Christo
1182 1039 1338 1134 patribus
1354 1039 1526 1112 universis
1541 1039 1661 1113 diviua
1676 1039 1906 1114 Providencia
1921 1061 2036 1112 sacro·

618 1171 735 1236 sancte
752 1163 904 1234 Romane
921 1163 1072 1235 Ecclesia
1092 1164 1325 1236 cardinalibus
1341 1163 1509 1236 Rodullus
1526 1164 1586 1238 Dei
1601 1164 1711 1258 gratia
1724 1165 1956 1236 Romanorum
1971 1185 2037 1236 rex

618 1307 754 1381 semper
765 1295 933 1378 augustus
944 1295 1101 1382 prontam
1118 1297 1152 1360 et
1165 1297 1319 1382 paratam
1333 1309 1453 1377 eorum
1466 1287 1689 1382 beneplacitis
1701 1289 1926 1360 voluntatem.
1940 1287 2037 1358 Prin·

618 1411 757 1506 cipesin
771 1411 915 1482 llomaui
926 1411 1093 1484 electione
1106 1411 1197 1505 regis
1215 1411 1261 1484 ad
1282 1433 1370 1506 quos
1389 1411 1434 1484 de
1446 1412 1526 1504 jure
1539 1421 1573 1484 et
1583 1411 1772 1507 approbata
1785 1409 2037 1483 consuetudine

618 1527 792 1631 [pertinet]
803 1533 861 1626 jus
874 1533 1025 1628 eligendi
1043 1534 1087 1605 ab
1106 1535 1261 1628 antiquo,
1279 1557 1341 1629 per
1359 1537 1467 1608 multu
1484 1543 1638 1630 tempora
1654 1534 1793 1608 desides
1810 1545 1845 1608 et
1860 1533 2036 1608 discordes

616 1678 685 1729 non
696 1657 1079 1752 multisdiebuselapsis
1091 1658 1150 1731 die
1159 1668 1333 1752 noctuque
1340 1658 1591 1754 prolusis(l)ab
1602 1657 2036 1754 omnibusquidebuerunt

615 1789 802 1878 potueruut
823 1792 858 1853 et
875 1783 1060 1854 voluerunt
1085 1784 1269 1874 interesse,
1297 1783 1540 1855 convenientes
1563 1783 1599 1854 iu
1622 1804 1733 1856 uuum
1750 1791 1828 1877 post
1853 1782 1970 1854 varios
1992 1781 2036 1854 de

615 1905 722 1978 futuri
736 1905 828 1998 regis
843 1905 1009 1977 electione
1022 1917 1198 1997 tractatus,
1216 1905 1355 1978 taudem
1369 1908 1436 1978 sub
1451 1906 1709 1979 deliberationis
1725 1907 1861 2002 prolixe
1872 1906 2036 1978 conscilio

613 2051 683 2124 que
712 2029 847 2122 negocii
883 2029 1157 2123 magnitudinem
1184 2028 1416 2120 condecebat,
1450 2031 1532 2102 licet
1560 2032 1710 2126 poterint
1746 2031 1781 2101 in
1812 2031 2035 2124 quamplures

613 2152 699 2224 alios
725 2152 886 2224 claritatis
907 2153 1017 2224 meriti
1042 2151 1181 2224 dotibus
1206 2152 1386 2226 redimitos
1408 2163 1442 2226 et
1465 2154 1642 2248 amplioris
1665 2154 1857 2249 prestaucie
1880 2153 2033 2225 lumino·

614 2277 714 2348 situte
739 2277 946 2371 conspicuos
972 2275 1202 2366 consensisse3
1227 2277 1262 2347 in
1289 2299 1352 2350 uos
1373 2287 1487 2350 tamen
1514 2276 1560 2350 ad
1587 2287 1656 2350 um
1680 2277 1833 2372 precelse
1856 2275 2036 2369 dignitatis

614 2400 789 2495 fastigium
820 2402 916 2472 nullo
941 2423 1080 2495 prorsus
1102 2400 1233 2472 ambitu
1258 2402 1449 2497 aspirantes
1476 2403 1614 2474 occulos
1636 2423 1719 2475 suos
1740 2401 1957 2474 concorditer
1983 2401 2037 2474 di·

613 2536 790 2614 rexerunt,
812 2545 875 2596 nos
894 2523 941 2596 ad
961 2524 1095 2618 imperii
1112 2525 1267 2618 regimen
1291 2526 1473 2617 erigentes.
1496 2527 1565 2598 Nos
1584 2525 1702 2618 itaque
1717 2535 1883 2618 tanquam
1901 2522 2034 2621 stupidi

614 2644 728 2744 [dum]
741 2645 873 2741 trepido
885 2647 1136 2720 revolverimus
1150 2648 1184 2718 in
1201 2647 1317 2719 auimo
1328 2669 1398 2741 que
1414 2657 1448 2720 et
1460 2649 1573 2744 qualis
1590 2658 1680 2721 esset
1695 2647 1896 2742 hujusmodi
1914 2647 2033 2743 dispo·

613 2775 748 2846 sitionis
765 2773 884 2846 divine
900 2772 1054 2863 vocatio,
1077 2781 1191 2844 nostre
1208 2773 1451 2846 insuffitiencie
1468 2795 1537 2846 non
1561 2773 1692 2868 ignari,
1715 2783 1750 2844 et
1770 2772 2035 2867 iuspectadeor-

613 2920 690 2970 sum
711 2897 919 2990 subjacentis
939 2895 1045 2968 abissi
1069 2896 1157 2968 iacis
1182 2897 1400 2968 renuerimus
1418 2897 1505 2970 adeo
1530 2895 1798 2992 probemineutis
1822 2895 2035 2969 adscendere

613 3023 788 3116 speculam
809 3020 1004 3114 diguitatis;
1025 3019 1061 3090 in
1080 3041 1122 3092 eo
1140 3030 1261 3102 umen,
1276 3020 1337 3115 qni
1353 3020 1543 3114 indagabili
1561 3020 1825 3116 disponsationis
1843 3041 1907 3091 sue
1929 3041 2035 3093 cous-

613 3147 692 3218 cilio
710 3143 926 3217 conditiones
949 3153 1127 3237 statusque
1153 3145 1347 3216 terestrium
1365 3155 1467 3240 prout
1486 3145 1562 3216 vult
1585 3146 1730 3216 alternat
1748 3156 1783 3215 et
1797 3144 1926 3232 variat,
1946 3145 2034 3238 qui-

612 3293 683 3365 que
701 3270 796 3365 pouit
820 3269 970 3341 humiles
987 3268 1023 3338 in
1041 3267 1181 3339 sublimi
1201 3279 1236 3339 et
1258 3267 1395 3340 infirma
1411 3269 1627 3356 corroborat,
1645 3267 1803 3362 spiritum
1822 3267 2036 3341 fortitudinis

613 3403 839 3484 assumentes,
868 3392 913 3464 ad
936 3391 1076 3464 laudern
1098 3401 1134 3464 et
1156 3391 1300 3484 gloriam
1317 3393 1421 3482 Regis
1441 3413 1576 3483 regum,
1597 3391 1642 3463 ob
1667 3391 1894 3462 reverentiam
1914 3401 2034 3465 sancte

612 3519 730 3591 matris
747 3517 898 3589 Ecclesia
921 3527 953 3588 st
972 3515 1216 3588 exaltationem
1245 3515 1414 3587 catholice
1430 3514 1528 3607 fidei,
1555 3515 1621 3587 sub
1637 3515 1729 3586 illius
1745 3513 1873 3587 fiducia
1894 3515 2035 3608 quidet

613 3643 729 3716 omnia
748 3663 810 3737 per
826 3641 970 3735 gratiam
997 3639 1105 3712 forcia
1121 3661 1190 3734 que
1215 3653 1296 3710 suut
1312 3640 1442 3732 fragilia
1463 3661 1524 3735 per
1542 3649 1718 3730 naturam,
1739 3649 1808 3710 tam
1828 3637 2033 3732 inportabile

612 3767 727 3840 bonus
744 3765 781 3837 in
800 3765 932 3837 umeris
946 3765 1072 3837 nostris
1090 3787 1129 3836 as
1150 3761 1156 3860 Ι
1178 3763 1407 3859 sumpssimus
1425 3771 1460 3835 et
1476 3773 1544 3834 tam
1566 3761 1789 3834 formidabitis
1806 3783 1925 3833 curam
1941 3763 2034 3856 regi·

613 3891 716 3963 minis
742 3911 787 3962 ue
821 3889 1025 3983 contingerit
1054 3887 1219 3960 infirmari
1252 3897 1394 3981 ruptura
1422 3886 1657 3982 dispositionis
1687 3908 1792 3980 quam
1824 3885 1946 3958 divine
1969 3907 2033 3957 sa-

613 4015 742 4112 pientia
762 4013 907 4086 altitudo
929 4013 1146 4100 decreverat,
1166 4022 1282 4086 nostro
1301 4012 1491 4083 ministerio
1514 4011 1682 4083 duximus
1702 4008 1925 4100 alligandam.
1945 4009 2031 4104 Spe·

612 4149 746 4230 rantes,
768 4139 874 4211 immo
900 4159 961 4234 pro
985 4137 1084 4208 firmo
1107 4145 1261 4210 tenentes
1288 4134 1383 4229 quod
1406 4157 1470 4207 vos
1496 4135 1558 4229 qui
1589 4135 1671 4207 estis
1700 4133 1852 4205 Ecclesia
1875 4131 2033 4205 cardines

612 4277 646 4338 et
678 4263 861 4358 columpne
889 4263 1083 4356 mundique
1114 4263 1229 4334 lumen
1257 4271 1292 4334 et
1323 4261 1504 4355 speculum
1533 4259 1609 4331 sine
1640 4279 1742 4350 ruga,
1764 4257 1864 4328 nobis
1893 4255 2030 4328 fidelem

613 4411 751 4462 causam
770 4387 832 4459 Dei
857 4397 891 4459 et
916 4387 1070 4458 Ecclesia
1096 4409 1159 4459 sue
1182 4394 1299 4457 sancte
1326 4385 1526 4480 gerentibus
1555 4382 1730 4477 exoptatis
1756 4381 1910 4476 aspirare
1932 4381 2032 4452 lavo·

613 4513 711 4584 ribus
740 4523 774 4583 et
805 4511 1042 4583 benivolencia
1074 4509 1227 4602 graciose
1258 4509 1500 4582 dilectionibus
1529 4516 1646 4578 nostro
1675 4505 1848 4601 processui
1874 4502 2033 4577 debeatis

613 4636 748 4710 adesse.
776 4634 968 4720 Quocirca
995 4634 1233 4728 paternitatem
1259 4644 1408 4705 vestram
1429 4631 1618 4728 piissimam
1639 4629 1733 4702 omni
1758 4651 1830 4722 qua
1858 4627 2034 4721 possimus

614 4783 754 4858 precum
776 4758 945 4832 instancia
965 4757 1132 4832 duximus
1155 4757 1368 4832 exorandam
1390 4769 1562 4854 quatenus
1584 4753 1732 4852 provida
1756 4751 2031 4826 consideratione
