4554 6080
778 679 821 738 IN
845 677 984 738 l'l'ALlll
1009 677 1162 741 (tuscis
1615 678 1676 742 263

262 811 320 882 cui
343 811 530 882 Placentini
549 818 726 902 magnates
750 811 953 885 insistebant
973 820 1013 884 nt
1033 813 1197 886 1011110101
1217 810 1411 886 (1011111111
1437 811 1586 886 civitatis
1600 815 1678 888 Pla·

261 933 374 1006 centia
388 960 398 1005 :
413 933 510 1028 qnod
525 933 688 1006 refutavit
700 934 736 1006 in
753 955 877 1008 manns
891 934 1023 1009 domini
1043 937 1194 1032 episcopi
1206 936 1378 1010 Placentia
1391 937 1529 1010 nomine
1548 936 1678 1011 domini

260 1079 371 1152 pape;
396 1057 458 1152 qui
483 1059 573 1130 lacta
599 1058 664 1130 ista
691 1059 898 1132 refutatione
924 1059 961 1130 in
991 1061 1176 1134 concordia
1199 1083 1278 1134 cnm
1301 1061 1507 1134 Placentinis
1525 1064 1679 1156 Burgum

261 1180 339 1254 ivit.
361 1181 405 1252 llt
419 1180 509 1254 circa
526 1180 680 1254 medinm
697 1180 790 1256 diam
804 1205 885 1255 eum
901 1183 1106 1256 Bonelacius
1125 1183 1171 1258 de
1188 1185 1386 1258 Peoooraria
1408 1184 1472 1257 iret
1491 1185 1578 1256 ultra
1597 1186 1679 1258 Tre-

260 1305 370 1393 viam,
392 1303 550 1377 obviavit
565 1306 765 1401 capitaneos
781 1304 826 1379 de
843 1307 1010 1396 Fontana,
1026 1307 1102 1382 illos
1118 1307 1164 1381 de
1181 1307 1328 1399 Arcillis,
1346 1307 1679 1404 archipresbyterum

262 1425 308 1499 de
334 1427 567 1523 Campaguola
590 1450 671 1500 cum
692 1451 819 1523 magna
843 1431 1035 1523 quantitate
1058 1431 1261 1504 rusticorum
1282 1429 1327 1502 de
1349 1429 1565 1502 Valletidono
1591 1430 1679 1502 ami·

260 1571 382 1622 corum
403 1551 584 1626 venientes
602 1573 726 1625 versus
747 1553 954 1626 Placentiam
979 1575 1025 1626 ex
1049 1563 1213 1650 precepto
1236 1555 1427 1648 legatorum
1458 1560 1498 1623 ut
1519 1563 1681 1648 caperent

261 1673 404 1746 forciam
422 1675 534 1746 tocius
548 1674 699 1748 civitatis
715 1675 907 1767 Placentie;
925 1685 960 1749 et
975 1697 1137 1750 reversus
1153 1676 1217 1749 luit
1235 1675 1328 1749 idem
1342 1675 1545 1748 Boneiaoins
1558 1697 1680 1748 versus

259 1797 470 1870 Placentiam
490 1796 676 1872 clamando
698 1807 733 1870 et
751 1797 901 1872 dicendo
923 1825 932 1870 ε
954 1825 972 1869 «
990 1800 1128 1872 Banniti
1146 1801 1274 1872 intrant
1290 1799 1483 1882 civitatem,
1502 1824 1519 1867 1
1534 1807 1569 1871 01
1585 1798 1681 1870 venit

260 1919 307 1992 ad
324 1921 488 2015 palatium
510 1923 572 1994 uhi
599 1921 783 1995 consilium
809 1923 1001 2018 predictum
1020 1932 1094 1995 erat
1112 1925 1292 1995 collectum
1313 1922 1491 1995 occasione
1511 1921 1676 2016 predicta.

260 2042 304 2116 Et
322 2043 374 2114 sic
388 2043 614 2116 incontinenti
635 2052 703 2118 tota
725 2045 849 2118 civitas
868 2045 932 2117 luit
947 2045 1014 2117 sub
1030 2045 1148 2119 armis.
1168 2046 1289 2116 Comes
1307 2044 1491 2118 Ubertinns
1512 2067 1592 2116 uum
1608 2065 1681 2138 po-

260 2174 384 2238 testate
399 2168 594 2239 commnnis
612 2179 646 2241 et
661 2190 740 2240 cnm
760 2190 824 2240 sna
842 2177 937 2263 parte
952 2167 1094 2241 reduxit
1108 2190 1145 2240 se
1158 2167 1195 2238 in
1208 2170 1355 2262 plateam
1368 2169 1507 2261 maj0ris
1522 2169 1676 2241 ecclesie.

261 2288 436 2362 lohannes
449 2291 670 2364 Palastrellns
684 2291 747 2385 qui
766 2300 819 2364 est
836 2291 1011 2364 secundus
1029 2312 1214 2385 germanus
1232 2290 1315 2362 dicti
1334 2291 1468 2362 comitis
1481 2301 1515 2362 et
1531 2291 1592 2385 qui
1607 2292 1680 2384 iam

261 2421 401 2487 steterat
426 2415 628 2510 capitaneus
647 2415 757 2510 partis
779 2436 842 2486 sue
863 2423 898 2486 et
920 2413 1032 2486 Guido
1054 2413 1100 2486 de
1122 2414 1274 2486 Fontana
1300 2415 1578 2508 consanguineus
1602 2435 1680 2508 ger-

261 2558 387 2610 manus
401 2535 485 2610 dicti
501 2539 637 2612 comitis
654 2547 689 2610 et
703 2538 841 2632 cagnus
858 2538 933 2630 ejus
947 2538 1050 2608 irater
1064 2537 1125 2631 qui
1139 2537 1326 2609 maximam
1342 2537 1522 2609 utilitatem
1541 2536 1682 2609 habue-

261 2669 341 2731 rant
357 2662 539 2734 occasione
557 2661 647 2734 dicte
663 2661 768 2756 partis
784 2670 854 2732 tam
876 2661 913 2731 in
933 2659 1072 2734 dotibus
1090 2681 1241 2733 uxorum
1256 2681 1377 2734 acrum
1398 2681 1502 2754 qnam
1519 2659 1555 2730 in
1574 2661 1681 2733 bene·

262 2781 351 2856 ficiis
372 2779 379 2882 Ι
401 2784 642 2877 ecclesiarum,
677 2805 723 2858 ox
750 2791 896 2856 tractatu
930 2783 1123 2877 legatorum
1163 2791 1281 2855 contra
1315 2783 1430 2876 ipsum
1462 2783 1618 2855 comitam
1648 2790 1683 2856 et
1721 2799 1887 2848 1010100.

262 2916 395 3002 partem
413 2929 513 2981 suam
534 2929 572 2982 se
590 2918 827 3004 opposuerunt
844 2930 925 2981 cum
943 2907 1065 3000 armis,
1090 2914 1338 3000 congregantes
1356 2927 1394 2978 se
1418 2906 1453 2978 in
1472 2906 1585 3000 burgo
1607 2907 1682 2979 Plu-

263 3031 476 3104 contiacum
491 3053 619 3126 magna
636 3033 827 3126 quantitate
851 3031 1068 3103 inimicorum
1088 3030 1194 3125 partis
1215 3029 1324 3124 ipsius
1347 3030 1495 3119 comitis,
1520 3029 1681 3104 introdu-

262 3162 380 3228 centes
398 3155 476 3228 illos
496 3153 542 3229 de
567 3155 774 3230 Valletidoni
796 3177 877 3228 cum
900 3155 977 3227 aliis
1003 3155 1039 3226 in
1068 3154 1242 3226 civitatem
1266 3153 1438 3225 Placentia
1466 3154 1681 3248 guarniendo

262 3285 392 3350 turrem
410 3276 606 3352 Gctenteste
621 3287 656 3351 et
674 3279 798 3352 Sancte
818 3276 959 3373 Brigide
977 3286 1013 3349 et
1036 3275 1204 3372 palatium
1231 3284 1471 3348 mercatorum.
1500 3279 1542 3348 Et
1567 3277 1681 3350 dictus

260 3398 437 3474 lohannes
452 3401 667 3476 Palastrellus
679 3410 714 3474 et
726 3399 841 3474 Guido
854 3399 899 3474 de
916 3399 1068 3473 Fontana
1084 3421 1147 3493 per
1164 3401 1295 3492 legatos
1314 3397 1394 3469 faeti
1414 3409 1496 3470 sunt
1511 3399 1680 3492 capitanei

262 3521 420 3596 fidelium
438 3525 589 3602 Ecclesia
615 3524 661 3597 (10
681 3525 873 3617 Placentia,
901 3521 1161 3596 introducentes
1189 3520 1368 3594 Albcrtum
1394 3520 1440 3594 de
1465 3521 1620 3594 Fontana
1647 3531 1682 3594 et

261 3646 351 3720 alios
368 3647 529 3722 bannitos
545 3647 582 3718 iu
597 3648 771 3720 civitatem
785 3647 846 3721 illa
864 3655 964 3720 nocte
980 3667 1042 3742 per
1059 3653 1220 3718 structam
1239 3643 1285 3716 (10
1302 3647 1427 3716 Sancto
1438 3645 1631 3736 Pronomae,
1646 3655 1682 3718 et

260 3779 335 3844 tota
353 3771 412 3843 illa
432 3780 533 3844 nocte
555 3770 702 3866 predicti
724 3770 922 3843 habuerunt
941 3777 1050 3841 totum
1068 3769 1217 3861 burgum
1234 3789 1347 3861 usque
1364 3768 1410 3842 ad
1426 3770 1589 3841 Sanctum
1604 3769 1680 3842 Sta·

260 3893 436 3990 phanum,
457 3893 582 3968 stando
600 3893 759 3968 homines
772 3893 893 3966 armati
909 3913 972 3988 per
985 3899 1108 3966 straus
1127 3913 1207 3964 cnm
1231 3891 1368 3984 magnis
1388 3891 1539 3984 ignibus.
1561 3891 1681 3966 Comes

260 4039 346 4091 vero
365 4017 550 4090 Ubertinns
568 4016 692 4092 stando
709 4038 789 4089 curn
803 4015 874 4088 suis
896 4015 1036 4088 miserat
1051 4015 1097 4088 ad
1114 4013 1265 4108 burgum
1281 4015 1395 4086 Sancti
1413 4015 1596 4108 Dompnini
1616 4035 1680 4109 pro

261 4140 397 4214 anxilio
419 4149 454 4214 et
473 4139 688 4214 Cremonam.
709 4141 842 4212 Interea
862 4147 936 4212 erat
960 4159 1108 4231 magnus
1127 4156 1246 4208 rumor
1263 4135 1298 4207 in
1324 4137 1440 4230 platea
1455 4137 1586 4228 majori.
1611 4135 1680 4208 Alii

262 4264 452 4338 dicebant:
478 4289 496 4335 (
512 4263 587 4338 Fiat
603 4264 694 4338 siout
710 4264 832 4338 volunt
852 4262 970 4358 legati,
990 4287 1008 4331 1
1026 4260 1098 4352 alii,
1120 4259 1242 4333 «Non.
1263 4259 1397 4333 »Unda
1417 4281 1531 4334 comes
1555 4261 1680 4335 videns

262 4389 456 4483 perieulum
475 4409 579 4460 snum
603 4398 639 4461 et
659 4387 766 4484 partis
785 4407 848 4459 sue
870 4385 961 4458 dixit
984 4383 1031 4458 ad
1053 4385 1209 4474 legatos:
1231 4383 1380 4455 «Placet
1396 4383 1480 4454 mihi
1500 4406 1563 4479 pro
1587 4384 1679 4456 bono

262 4513 358 4608 pacis
375 4519 410 4585 et
432 4510 620 4586 concordie
635 4509 730 4606 quod
750 4509 912 4585 dominus
929 4507 1113 4602 episcopus
1130 4506 1349 4578 Placentinus
1370 4505 1414 4576 sit
1427 4515 1578 4600 potestas
1595 4507 1679 4580 Pla-

263 4635 393 4728 centia,
415 4644 486 4708 net
500 4655 622 4708 omnes
635 4634 800 4707 dixerunt
820 4659 829 4704 :
853 4632 1000 4704 «Placet
1014 4629 1114 4702 uobis
1130 4652 1166 4719 n,
1187 4637 1222 4702 et
1240 4629 1291 4701 sic
1309 4628 1402 4701 idem
1424 4628 1585 4702 dominns
1606 4629 1679 4724 epi-

264 4780 390 4854 scopus
406 4757 452 4832 (10
465 4759 645 4832 voluntate
662 4759 853 4850 legatorum
864 4755 996 4848 juravit
1008 4754 1162 4849 regimen
1186 4753 1334 4827 civitatis
1348 4753 1540 4844 Placentie3
1567 4761 1600 4826 et
1616 4754 1681 4824 ivit
