4594 6066
616 653 678 716 228
1093 649 1335 717 CHRONlCON
1359 649 1412 710 nl:
1435 647 1564 710 REBUS

617 789 905 862 Cremonensibus
922 789 1106 884 militibus,
1128 788 1305 884 Pergami,
1324 784 1443 859 Laude
1466 793 1501 858 et
1521 781 1597 856 CCC
1619 783 1788 858 militibus
1812 787 1916 884 Papie
1932 799 2030 886 atque

421 925 588 970 1²⁰¹·80'0w·
616 913 787 988 militibus
809 914 1013 987 extrinsecis
1035 916 1176 1004 Parme,
1196 917 1367 985 transacto
1382 908 1492 982 fluvio
1510 907 1618 1000 Tarii,
1639 919 1806 1004 ceperunt
1825 909 1832 1007 Ι
1854 911 2029 989 devastare

615 1060 728 1133 nsque
747 1037 794 1112 ad
808 1038 983 1112 civitatem
1005 1040 1140 1110 Parme.
1157 1038 1360 1110 Parmenses
1373 1053 1459 1106 vero
1474 1033 1590 1105 lurore
1603 1054 1731 1126 magno
1743 1035 1881 1108 accensi
1896 1047 2029 1133 propter

614 1164 801 1236 Victoriam
830 1173 865 1236 et
890 1163 1070 1236 elationem
1100 1183 1207 1256 quam
1236 1159 1430 1232 habuerant
1458 1159 1493 1230 in
1519 1158 1689 1247 Victoria,
1717 1158 1892 1232 carrocium
1914 1181 2028 1236 eornm

614 1295 715 1360 extra
732 1286 909 1358 civitatem
931 1285 1145 1359 deducentes
1162 1282 1313 1356 inimicis
1334 1303 1373 1354 se
1399 1280 1539 1354 obviam
1564 1280 1789 1378 prebuerunt.
1810 1281 1896 1355 Cum
1917 1295 2027 1359 antem

614 1410 742 1483 milites
757 1411 879 1483 Parme
903 1401 1089 1483 extrinseci
1113 1407 1285 1481 vidissent
1302 1406 1397 1502 ipsos
1418 1415 1519 1478 extra
1537 1404 1712 1480 civitatem
1733 1405 1904 1498 exivisse,
1923 1411 2026 1504 gavisi

614 1535 704 1608 inter
725 1536 820 1630 ipsos
838 1545 873 1608 et
895 1535 1070 1608 civitatem
1094 1540 1261 1630 ceperunt
1282 1551 1432 1604 currere.
1450 1529 1552 1615 Quod
1569 1529 1712 1625 quidem
1736 1530 1897 1606 videntes
1913 1555 2027 1629 popu-

613 1659 701 1732 lares
719 1667 753 1732 et
769 1659 894 1731 milites
905 1659 1043 1750 Parme,
1064 1667 1160 1750 terga
1178 1663 1352 1729 vertentes
1370 1655 1487 1747 lugam
1508 1653 1693 1748 petierunt.
1719 1653 1805 1726 Cum
1824 1664 1940 1728 autem
1956 1659 2025 1731 vel·

611 1783 684 1855 lent
705 1783 741 1852 in
767 1783 942 1857 civilatem
969 1784 1115 1874 intrare,
1137 1782 1243 1854 tracto
1264 1787 1369 1874 ponte
1389 1776 1505 1850 fossati
1524 1777 1692 1869 civitatis,
1712 1778 1792 1873 plus
1814 1778 1917 1852 CCCC
1943 1781 2027 1855 inter

611 1909 784 1980 masculos
802 1916 837 1979 et
854 1907 1002 1979 seminas
1024 1904 1201 2000 perierunt
1224 1913 1259 1975 et
1281 1903 1430 1976 Mentem
1451 1903 1588 1997 Lupum
1616 1901 1850 1976 marchionem
1876 1912 1910 1976 et
1933 1906 2025 1978 lilan-

610 2031 746 2104 lredum
765 2029 812 2104 de
829 2031 913 2103 Palu
938 2029 1168 2119 trucidantes,
1196 2035 1432 2121 ceperuntque
1456 2045 1503 2097 ex
1526 2024 1704 2120 peditibus
1727 2026 1849 2098 Parme
1871 2027 1960 2119 bibl,
1981 2050 2025 2102 ex

609 2154 777 2228 militibus
791 2175 876 2226 vero
892 2155 934 2245 L,
955 2162 989 2226 et
1013 2153 1185 2226 car-ocium
1210 2151 1331 2223 Parme
1353 2170 1432 2222 cum
1456 2149 1604 2244 captivis
1629 2149 1665 2222 in
1689 2148 1892 2224 Cremonam
1915 2151 2024 2226 dune

610 2287 707 2366 runt,
725 2287 760 2351 et
776 2277 827 2351 sic
845 2277 933 2349 lacta
950 2285 1001 2350 est
1016 2275 1171 2348 vindicta
1192 2273 1238 2347 de
1255 2273 1307 2346 eis
1321 2273 1367 2345 de
1383 2275 1474 2346 lacto
1493 2273 1656 2346 llictorie.
1764 2329 1768 2336 .

655 2402 699 2474 Et
715 2401 830 2474 statim
846 2401 1054 2472 Octavianus
1070 2395 1257 2470 cardinalis
1274 2419 1354 2470 cum
1369 2396 1445 2469 CCC
1457 2397 1624 2468 militibus
1640 2397 1794 2470 Bononie
1809 2406 1845 2470 et
1861 2399 2024 2473 militibus

611 2528 744 2600 lllutine
760 2535 795 2597 et
815 2523 864 2596 CC
878 2523 1046 2595 militibus
1062 2522 1234 2595 Placentia
1250 2530 1286 2592 et
1303 2499 1578 2592 calvacatcribus
1590 2519 1776 2592 Mediolani
1789 2521 1948 2595 Parmam
1970 2524 2023 2595 in-

596 2629 729 2740 ’travit3
746 2648 808 2743 qui
821 2647 852 2719 si
864 2667 934 2718 non
948 2645 1104 2736 ivissent,
1118 2646 1240 2717 Parma
1254 2653 1327 2716 erat
1340 2645 1376 2714 in
1389 2643 1489 2716 fortia
1505 2663 1626 2716 eorum
1639 2642 1857 2716 inimicorum
1871 2645 2019 2718 redacta.

655 2770 785 2845 Eodem
801 2789 885 2843 vero
903 2777 1057 2862 tempore
1070 2766 1115 2840 de
1130 2787 1249 2838 mense
1263 2765 1469 2855 decembris,
1484 2766 1670 2861 imperator
1684 2765 1888 2840 Fredericus
1901 2768 1947 2840 ab
1961 2768 2023 2842 bac

605 2896 679 2969 vita
707 2894 754 2967 ad
778 2893 939 2966 celestem
968 2889 1101 2962 curiam
1126 2889 1400 2982 transmigravit,
1425 2898 1460 2961 et
1484 2888 1521 2960 in
1549 2889 1705 2962 Palermo
1729 2891 1824 2984 apud
1851 2889 2021 2964 dominam

606 3018 847 3092 Constanciam
863 3015 1101 3106 matrcmejus
1117 3023 1169 3086 est
1185 3013 1356 3108 sepultus.

804 3273 1047 3342 Testamentum
1069 3269 1282 3362 imperatoria
1306 3265 1473 3360 quondum
1495 3265 1619 3336 domim
1640 3263 1826 3338 Frederici.

653 3447 692 3519 In
705 3445 845 3519 nomine
862 3447 925 3518 Dei
943 3445 1051 3519 eterni
1070 3453 1105 3518 et
1122 3443 1310 3518 salvatoris
1326 3442 1434 3516 nostri
1452 3443 1536 3515 Iesu
1553 3441 1692 3514 Christi.
1714 3441 1840 3515 Amen.
1858 3441 1959 3518 Anno
1979 3445 2020 3518 ab

603 3569 840 3643 incarnatione
855 3571 931 3661 ejus
947 3571 994 3642 Μ.
1020 3568 1110 3659 CCL,
1133 3567 1190 3640 die
1208 3567 1341 3640 sabbati
1358 3567 1451 3638 XVll
1470 3565 1637 3639 kalendas
1648 3564 1699 3660 (a)
1718 3566 1924 3660 decembris,
1935 3569 2020 3640 vllll

603 3695 791 3770 indictione
802 3695 832 3792 (t
842 3691 868 3787 ).
878 3692 983 3765 Primi
995 3692 1148 3788 parentis
1165 3691 1303 3764 incauta
1316 3689 1541 3782 transgressio
1554 3690 1605 3761 sic
1615 3690 1762 3786 posteris
1772 3691 1886 3786 legem
1903 3691 2017 3764 condi-

645 3869 690 3952 (α)
710 3871 770 3949 Ap.
783 3871 870 3932 Parta
883 3865 941 3928 die.

602 4194 669 4271 qu'il
680 4207 699 4267 y
713 4209 730 4251 a
742 4207 797 4249 une
809 4189 908 4248 double
920 4201 1012 4246 erreur
1026 4185 1094 4244 dans
1106 4184 1132 4242 le
1145 4183 1306 4256 manuscrit,
1321 4189 1349 4240 et
1364 4181 1429 4256 qu'il
1443 4182 1500 4240 laut
1513 4181 1562 4240 lire
1574 4179 1618 4239 die
1627 4182 1700 4256 iocis
1710 4183 1742 4240 Χ
1746 4181 1797 4240 Vll
1810 4181 1939 4241 hender
1952 4189 2016 4240 ceto

602 4291 660 4350 brie
674 4285 906 4365 lloseptembre).
1510 4301 1511 4304 ¹

637 4389 675 4462 (t)
694 4390 731 4446 la
751 4387 814 4444 date
827 4385 864 4442 du
881 4386 1024 4441 testameut
1038 4380 1073 4438 da
1087 4377 1723 4452 Proderic11,tallcqu’ellesstsxprimeedans
1736 4383 1814 4436 notre
1824 4378 2015 4450 manuscrit,la

600 4485 729 4564 placerait
742 4499 777 4540 au
791 4479 984 4540 renovamine
1003 4481 1083 4550 libo,
1097 4477 1144 4550 qui
1165 4475 1277 4534 tombait
1293 4491 1331 4530 un
1343 4475 1429 4532 mardi
1445 4482 1474 4532 et
1493 4490 1547 4532 non
1559 4479 1595 4531 un
1612 4476 1723 4532 eamedi.
1736 4475 1805 4533 blais
1820 4480 1891 4532 cette
1905 4475 1966 4532 date
1978 4480 2016 4532 est

600 4584 781 4644 erilemment
791 4577 900 4636 alterae.
915 4577 937 4633 ll
950 4578 1020 4634 n'est
1030 4574 1105 4650 point
1113 4575 1230 4632 douteux
1244 4588 1296 4645 que
1311 4570 1336 4629 le
1350 4576 1493 4630 testament
1503 4571 1572 4630 aete
1585 4571 1677 4645 redigt
1689 4589 1724 4630 au
1732 4571 1802 4629 mois
1814 4572 1848 4629 de
1860 4571 2013 4637 decembre,
2238 4611 2239 4646 ,

599 4681 663 4741 bien
674 4679 739 4754 qu’il
753 4677 807 4738 soit
817 4691 914 4734 encore
924 4674 1029 4732 difficile
1042 4673 1076 4731 de
1089 4671 1211 4746 preciser
1221 4671 1247 4728 le
1256 4672 1326 4745 jour.
1339 4673 1376 4728 lll.
1388 4671 1467 4728 Pertz
1479 4669 1615 4744 (Monam.
1629 4671 1720 4729 Gerar.
1728 4669 1807 4734 bist..
1818 4675 1840 4726 t.
1853 4669 1900 4740 lv,
1908 4684 1937 4741 p.
1950 4665 2013 4738 357)
2238 4661 2239 4740 l

599 4783 683 4856 apres
695 4777 771 4837 avoir
783 4773 940 4834 collationne
954 4773 994 4830 les
1008 4771 1097 4830 divers
1110 4775 1197 4828 tentes
1210 4770 1244 4827 da
1256 4785 1288 4828 ce
1298 4769 1457 4840 document,
1474 4768 1539 4826 s'est
1551 4768 1639 4827 ariete
1652 4767 1703 4826 ila
1713 4765 1839 4841 lecondia
1850 4763 2014 4838 sabbotieep·
