4534 6074
803 667 845 728 ΙΝ
868 667 1010 730 trente
1034 665 1186 729 (testis.
1647 665 1705 728 129

286 799 429 893 Papiam
455 798 603 872 bausire
619 810 655 872 et
670 799 870 895 papienses,
892 813 932 876 ut
947 803 1109 899 putabat,
1125 801 1291 876 deberent
1308 801 1342 876 ei
1358 801 1519 892 obviare,
1538 800 1706 874 blediola·

288 940 414 992 nenses
429 939 511 991 cum
525 929 596 994 toto
608 923 764 992 exercitu
777 925 1010 1000 obviaverunt
1023 927 1057 999 ei
1070 926 1160 1000 inter
1171 927 1372 999 Broxannm
1384 933 1419 997 et
1431 924 1704 1014 Bustiarsioium,

286 1052 323 1116 et
339 1063 507 1138 magnum
524 1042 674 1138 prelium
693 1043 783 1118 inter
805 1066 865 1118 eos
882 1045 1083 1120 inchoatum
1105 1059 1170 1120 est.
1192 1051 1380 1142 Imperator
1401 1057 1518 1121 autem
1544 1048 1706 1120 miliciam

286 1163 476 1238 Mediolani
491 1186 605 1260 usqne
621 1165 669 1239 ad
686 1166 859 1240 oarocium
878 1168 1033 1262 fugavit,
1053 1191 1117 1264 pro
1132 1169 1254 1261 maiori
1273 1179 1369 1263 parte
1385 1169 1591 1240 miliciarum
1609 1170 1709 1240 Lom-

288 1287 478 1362 bardorum
492 1311 606 1382 usque
622 1288 670 1362 ad
686 1289 859 1364 civitatem
874 1291 1046 1385 fugientes
1062 1290 1152 1388 (ric).
1173 1291 1283 1364 Ceteri
1301 1312 1384 1364 vero
1407 1291 1532 1364 milites
1549 1291 1611 1385 qni
1627 1313 1707 1364 cum

287 1411 427 1506 populis
451 1422 690 1486 remanserant
704 1412 849 1488 viriliter
864 1415 1088 1506 resisterunt3
1106 1415 1247 1486 demum
1266 1415 1539 1489 Mediolanenses
1552 1437 1708 1510 resump-

287 1535 332 1606 tis
348 1533 502 1624 viribus,
522 1536 765 1631 imperatorem
782 1536 820 1610 iu
838 1538 957 1632 lugam
978 1545 1241 1630 converterunt,
1262 1537 1324 1610 nbi
1341 1537 1466 1610 milites
1483 1559 1531 1611 ex
1545 1536 1709 1610 Cumanis

288 1668 323 1730 et
336 1657 560 1732 Theotonicis
576 1668 743 1754 ceperunt
758 1668 794 1734 at
809 1658 1071 1751 interfecerunt,
1087 1670 1123 1734 et
1141 1661 1379 1756 quamplures
1397 1661 1434 1731 iu
1453 1659 1572 1734 Ticino
1596 1663 1710 1734 necati

288 1791 383 1854 sunt.
400 1780 535 1856 Eodem
553 1803 663 1875 anno,
681 1783 867 1878 imperator
882 1783 1012 1856 direxit
1040 1784 1186 1856 nuncios
1207 1803 1290 1857 snos
1312 1783 1361 1858 ad
1384 1781 1624 1856 Alexandrum
1645 1807 1709 1878 pa·

288 1925 389 2000 paro,
413 1913 451 1978 et
471 1905 561 1978 clam
578 1913 702 2000 pactus
723 1927 805 1978 curn
832 1925 875 1979 co
890 1913 1085 1978 statuerunt
1101 1907 1311 2000 colloquium
1326 1915 1410 2000 aput
1424 1905 1626 1997 veneciam,
1645 1928 1711 2000 pu-

289 2026 381 2100 blice
397 2027 599 2100 simulantes
613 2027 705 2100 velle
716 2046 923 2122 componere
937 2047 1061 2122 pacem
1079 2028 1168 2102 inter
1180 2028 1419 2122 imperatorem
1435 2037 1470 2101 et
1481 2027 1707 2122 lombardos,

290 2159 327 2222 et
352 2157 520 2224 steterunt
550 2149 600 2223 ibi
627 2171 691 2246 per
717 2149 870 2223 medium
901 2171 1032 2222 annum
1059 2171 1139 2222 cum
1166 2151 1450 2248 archiepiscopis,
1477 2152 1647 2248 episcopis
1676 2161 1712 2226 et

289 2274 512 2370 patriarchis,
531 2273 718 2346 abbatibus
732 2283 769 2347 et
786 2273 864 2346 aliis
889 2273 1022 2346 clericis
1039 2283 1074 2346 et
1087 2273 1270 2346 comitibus
1289 2283 1325 2346 et
1340 2273 1610 2348 marchionibus.
1626 2277 1710 2348 Pos-

290 2399 412 2482 treino,
427 2417 521 2470 nono
536 2396 704 2470 kalendas
718 2396 914 2486 augustibl.
930 2397 968 2468 C.
981 2398 1148 2486 LXXVII,
1165 2395 1363 2470 Alexander
1378 2418 1469 2492 papa
1486 2399 1617 2494 recepit
1630 2399 1710 2472 Fre·

292 2514 449 2588 doricum
472 2515 510 2586 in
537 2515 862 2589 christianissimum
887 2517 1128 2612 imperatorem
1146 2528 1182 2592 et
1199 2540 1345 2592 uxorem
1369 2521 1446 2612 ejus
1467 2521 1656 2596 Beetrioem
1677 2533 1713 2598 et

291 2637 458 2710 buricum
490 2659 608 2732 regem
639 2637 750 2712 lilium
782 2639 878 2732 ejus,
912 2659 994 2712 curn
1027 2640 1144 2714 adbuc
1162 2637 1260 2739 [non]
1283 2651 1373 2716 esset
1399 2643 1522 2737 pubes.
1554 2645 1597 2716 Et
1624 2646 1714 2718 inter

291 2759 503 2834 lombardos
531 2771 567 2834 et
595 2783 717 2836 eorum
746 2763 945 2837 societatem
972 2772 1008 2836 et
1037 2763 1281 2860 imperatorem
1309 2786 1331 2839 a
1361 2765 1520 2840 kalendis
1545 2771 1714 2862 proximis

292 2882 466 2978 usquead
488 2883 535 2956 Vl
550 2905 660 2958 runos
684 2893 850 2980 treuguas
868 2897 1083 2960 sacramento
1098 2887 1143 2960 ab
1159 2897 1308 2982 utraque
1324 2899 1420 2984 parto
1439 2891 1581 2986 prestito
1595 2891 1713 2966 firma·

292 3015 431 3099 verunt,
447 3006 643 3084 deserendo
657 3007 822 3082 dominus
837 3031 929 3105 papa
945 3008 1051 3083 fidem
1061 3033 1166 3106 qnam
1178 3011 1384 3084 Lombardis
1401 3013 1615 3110 promiserat.
1626 3017 1715 3088 Nam

292 3151 340 3204 ex
363 3151 436 3225 qno
453 3129 606 3204 Venecis
627 3131 712 3222 luit,
740 3131 870 3206 litteras
894 3131 1211 3206 bledlolanenaibns
1234 3133 1380 3224 direxit,
1401 3136 1597 3232 pollicendo
1618 3138 1714 3234 quod

292 3253 390 3348 prins
413 3253 603 3328 dimitteret
620 3273 658 3328 se
682 3254 794 3328 secari
819 3275 924 3349 quam
944 3277 1066 3350 paoem
1091 3257 1225 3351 absque
1242 3258 1293 3332 eis
1316 3281 1395 3331 cum
1412 3260 1617 3356 imperatore
1635 3264 1714 3336 Fre·

292 3374 410 3449 derico
440 3377 581 3450 laceret.
610 3376 663 3450 Ac
690 3386 808 3452 tamen
837 3377 1049 3452 Lombardos
1080 3378 1232 3452 deseruit
1262 3390 1298 3454 ct
1332 3383 1512 3480 episcopos
1538 3383 1715 3481 depositos

291 3499 441 3572 restituit
454 3509 490 3573 et
506 3521 597 3596 quos
610 3499 863 3597 imperatorio)
881 3509 1059 3576 meaverat
1072 3500 1248 3598 deposuit.

341 3621 413 3697 lieo
430 3632 485 3696 est
507 3623 618 3696 forma
633 3623 728 3717 pacis
749 3625 839 3698 facte
856 3624 945 3698 iuter
964 3625 1204 3719 imperatorem
1223 3627 1443 3702 Fredericum
1467 3637 1503 3704 et
1514 3609 1712 3704 societatem

291 3745 566 3821 lombardorum
581 3755 667 3842 aput
679 3747 920 3828 Constanciam
931 3749 968 3820 in
979 3749 1412 3846 Alamannia—Imperium
1426 3753 1606 3828 clementie
1618 3777 1713 3830 man·

292 3877 392 3941 suem
410 3869 578 3942 serenitas
594 3891 672 3944 eam
695 3891 833 3966 semper
856 3871 893 3942 in
914 3869 1064 3944 subditis
1088 3869 1382 3968 dispensationem
1398 3874 1526 3948 laveris
1546 3885 1589 3976 et
1604 3878 1713 3972 gratie

292 3990 423 4064 babere
446 3992 630 4066 consucvit
648 4001 689 4064 ut
709 3993 872 4088 quamvis
898 3994 1051 4068 districta
1070 3993 1117 4092 (b)
1137 3995 1321 4070 severitate
1348 4017 1558 4071 excessuum
1585 3999 1712 4074 delicta

292 4113 420 4193 debeat
444 4124 481 4190 ct
495 4115 605 4212 possit
626 4115 815 4211 comigere,
841 4127 956 4190 tanmn
973 4119 1112 4193 studeat
1127 4118 1239 4214 magis
1261 4121 1442 4221 propinata
1469 4123 1712 4218 tranquillitate

292 4238 388 4330 pacis
402 4247 438 4310 et
450 4238 519 4332 piis
536 4238 717 4312 affectibus
731 4239 967 4314 misericordie
986 4243 1178 4313 llomanum
1195 4242 1378 4339 imperinm
1401 4266 1520 4346 regere
1542 4255 1578 4318 ot
1598 4247 1710 4322 rebel·

292 4357 378 4429 lium
404 4358 632 4433 insolenciam
662 4360 709 4435 ad
738 4361 891 4436 debitam
917 4361 1023 4436 fidem
1052 4372 1087 4436 et
1115 4363 1232 4438 debite
1261 4365 1476 4442 devectionis
1503 4369 1711 4467 obsequium

334 4633 378 4716 (a)
398 4636 503 4716 inopte
517 4657 526 4700 r
542 4639 595 4702 sed
607 4643 640 4702 ln
653 4642 756 4707 codice
768 4643 925 4708 Perlslensl
939 4663 1009 4728 quor
1020 4645 1081 4726 qne
1094 4651 1251 4708 creaverat.

335 4739 377 4822 (b)
400 4743 437 4805 ln
450 4745 550 4810 eodleo
562 4744 697 4812 allelmi.
793 4805 796 4810 .
