4568 6064
599 655 660 718 388
1075 669 1318 730 canonicor
1343 669 1394 728 nu
1422 667 1554 727 annus

598 789 939 885 crucesignatorum,
981 806 1016 869 et
1046 797 1208 870 dominus
1234 821 1301 870 rex
1332 799 1477 871 Francia
1509 819 1675 891 magnum
1702 810 1909 894 apparatum
1936 804 2019 876 facit

597 912 739 986 navium
767 937 830 1010 per
852 941 948 992 mare
971 943 1036 1015 pro
1061 921 1225 996 babendo
1245 933 1436 995 mercatum
1463 923 1510 996 ad
1532 922 1725 994 exercitum
1750 945 1871 1016 suum,
1897 936 1932 998 et
1954 949 2018 1000 rex

595 1033 829 1131 aragonensis
847 1043 1006 1117 slmiliter
1029 1068 1197 1138 magnum
1217 1046 1401 1138 navigium
1419 1047 1598 1140 galearum
1618 1056 1654 1118 et
1674 1048 1819 1120 aliorum
1842 1050 2016 1143 lignorum

401 1165 568 1212 hbllum·
594 1157 700 1232 habet
723 1163 759 1234 in
787 1166 872 1236 mari
897 1167 944 1238 ad
978 1169 1288 1243 contradicendum
1312 1170 1388 1263 regi
1423 1171 1631 1242 Francorum
1654 1168 1661 1268 Ι
1681 1181 1717 1243 et
1741 1173 1836 1266 genti
1871 1196 1952 1264 sue,
1983 1185 2017 1248 et

594 1287 771 1358 exercitus
790 1286 923 1361 domini
941 1293 1034 1385 regis
1053 1293 1264 1367 Francorum
1287 1305 1339 1367 est
1358 1295 1447 1367 sicut
1464 1296 1572 1366 lentur
1591 1296 1627 1366 in
1642 1296 1847 1370 ossiditione
1866 1298 2015 1372 civitatis
2267 1355 2268 1396 ,

593 1407 745 1482 Gironde
767 1413 984 1488 trabucando
1005 1417 1128 1512 ipsam.
1151 1420 1328 1492 Raxvero
1346 1417 1581 1510 Aragonensis
1599 1441 1661 1514 per
1686 1443 1782 1492 mare
1807 1444 1887 1494 cum
1904 1423 2015 1517 galaIs

592 1532 755 1606 infestant
775 1539 922 1610 multum
946 1562 1063 1634 regem
1087 1543 1247 1634 Francis,
1269 1543 1486 1638 probibendo
1512 1544 1676 1617 victualia
1695 1547 1823 1639 portari
1844 1545 1890 1619 ad
1911 1568 2014 1621 exer·

591 1659 699 1730 citum
724 1662 816 1754 regis
840 1663 876 1734 in
899 1686 971 1758 quo
1002 1673 1055 1738 est
1075 1667 1231 1738 maxima
1259 1667 1398 1740 caristia
1425 1667 1651 1759 victualium,
1683 1669 1733 1740 ita
1759 1669 1855 1763 quod
1879 1679 2012 1746 somata
2267 1637 2268 1690 t

588 1783 690 1876 panis
711 1785 804 1856 valet
821 1787 835 1857 l
853 1795 1048 1861 tornansem
1064 1810 1225 1882 grossum
1245 1789 1311 1886 (t).

2267 2191 2268 2238 l

2267 2269 2268 2320 l

1104 2087 1483 2104 hm—

838 2369 1023 2442 VARIAE
1053 2369 1184 2454 QUAE
1215 2369 1472 2442 ACCEDUNT
1501 2371 1745 2443 NOTITIAII.
2267 2481 2268 2544 1

389 2593 555 2642 ²⁰¹·⁶⁸'‘¹·⁰·
653 2600 659 2698 Ι
681 2604 728 2674 Μ.
742 2602 805 2675 CC.
822 2603 1018 2694 LXXXXV,
1041 2602 1100 2674 die
1114 2604 1196 2674 lune
1214 2603 1290 2674 VIII
1305 2602 1433 2674 mensis
1447 2603 1587 2696 augusti
1605 2602 1658 2698 (2)
1664 2656 2001 2678 .........

2267 2769 2268 2804 l

584 2873 602 2918 a
622 2841 781 2922 Mathaus
799 2850 998 2922 Vieecomes
1019 2851 1079 2920 Dei
1102 2849 1213 2940 gratia
1233 2849 1444 2921 serenissimi
1466 2849 1597 2922 domini
1611 2849 1781 2945 Alphonsi
1795 2845 2000 2950 [Adelphii]

580 2975 813 3047 Romanorum
836 2975 928 3068 regis
943 2983 978 3045 et
1001 2973 1137 3068 imperii
1152 2974 1322 3066 generalis
1339 2974 1492 3046 vicarius
1509 2975 1546 3046 in
1563 2975 1783 3065 Lombardia,
1801 2977 2001 3070 capitaneus

579 3099 699 3194 populi
720 3099 920 3186 Mediolani,
946 3097 1144 3186 Cumarum,
1162 3099 1406 3188 vercellarum,
1428 3099 1592 3190 Novaria,
1608 3099 1835 3189 Alexandria,
1859 3101 2002 3174 Casallis

580 3233 611 3292 at
630 3234 756 3312 cete-rc,
771 3233 805 3294 et
828 3222 930 3294 caleri
954 3221 999 3293 de
1024 3222 1215 3314 agnacione
1239 3221 1283 3292 da
1297 3221 1584 3313 vicecomitibus,
1604 3223 1781 3294 nobilibus
1800 3233 1835 3295 et
1851 3224 2001 3317 egregiis

578 3346 665 3420 viris
695 3345 845 3419 dominis
867 3346 1049 3418 Bonelacio
1077 3345 1122 3418 de
1144 3345 1366 3418 Samaritanis
1388 3345 1547 3438 potestati
1573 3347 1784 3437 communis,
1810 3347 1926 3418 MucIo
1953 3347 2000 3419 da

577 3469 756 3544 lllodoecia
774 3470 954 3565 capitaneo
973 3470 1112 3566 populi,
1134 3468 1349 3565 sapientibus
1363 3479 1397 3540 el
1413 3470 1589 3542 communi
1612 3471 1786 3542 Placentia
1804 3473 2001 3544 salutemet

577 3595 711 3666 solitam
734 3594 780 3667 ad
798 3594 966 3688 obsequIa
988 3595 1212 3666 voluntatem.
1233 3594 1405 3666 Evenlum
1428 3592 1504 3665 dire
1530 3593 1774 3666 amaritudiuis
1800 3615 1906 3687 quem
1935 3617 1997 3668 ne-

576 3719 662 3789 mini
680 3719 836 3810 subjecta
856 3719 974 3790 mortis
989 3719 1154 3790 severitas
1173 3739 1236 3790 nos
1259 3717 1330 3812 pati
1349 3719 1527 3812 competit,
1548 3718 1649 3789 vobis
1671 3719 1760 3790 sicut
1781 3719 1902 3790 aminis
1921 3741 1999 3814 pra-

576 3843 689 3936 cipuis
706 3843 766 3935 qui
783 3843 883 3914 nobis
901 3842 1161 3914 communIcatis
1189 3841 1225 3911 in
1242 3841 1414 3936 prosperis
1432 3851 1466 3913 ot
1485 3841 1655 3932 adversis,
1675 3843 1821 3912 turbatis
1838 3842 1998 3915 sensibus

576 3967 735 4060 cogimur
757 3966 930 4040 inIImare.
959 3967 1048 4037 Ecce
1078 3965 1247 4037 hodierna
1277 3965 1336 4036 die
1360 3975 1440 4038 anta
1469 3965 1591 4038 horam
1623 3987 1874 4060 vexperarum,
1908 3965 1999 4036 sicut

576 4093 724 4165 Domino
748 4091 888 4187 placuit,
909 4091 965 4162 cui
990 4091 1143 4182 subjecta
1171 4099 1222 4162 est
1244 4091 1356 4161 omnis
1383 4110 1463 4162 caro
1487 4099 1522 4162 et
1544 4089 1713 4163 obediunt
1738 4113 1818 4162 cum
1844 4110 1998 4184 paupere

796 4287 964 4297 --.ιο-ια...-
976 4287 1554 4296 ---·---·-..-.---·------.—-.---——--
1923 4291 1990 4300 ...-

612 4399 646 4473 (4)
666 4402 701 4457 Le
720 4416 782 4473 gros
801 4399 921 4457 wumois
939 4399 1012 4456 avait
1030 4414 1084 4458 uns
1101 4397 1196 4456 valeur
1217 4399 1382 4474 inniuseque
1405 4401 1440 4456 de
1464 4401 1498 4456 90
1519 4399 1667 4468 sentimas,
1685 4398 1732 4470 qui
1754 4399 1997 4474 reprssanlsraient

574 4499 744 4572 aujourd’hui
758 4499 774 4555 l
788 4497 879 4554 francs
892 4499 927 4554 50
940 4498 1069 4554 centimas
1082 4497 1116 4554 da
1130 4503 1208 4554 notre
1225 4497 1360 4555 monnaie.

611 4596 647 4670 (2)
668 4595 710 4652 On
722 4595 751 4651 lit
768 4594 801 4652 ici
818 4601 888 4652 cette
906 4601 968 4652 nota
987 4593 1134 4666 marginals
1145 4613 1176 4650 :a
1192 4593 1305 4665 Quando
1318 4595 1444 4651 domiuus
1457 4593 1524 4652 Octo
1537 4595 1692 4653 vicecomes
1704 4593 1921 4668 archiapIscopua
1936 4597 1992 4652 lle·

573 4693 671 4751 diolaui
684 4692 790 4750 obiitin
806 4692 970 4750 monasterio
983 4691 1111 4749 Orravala
1124 4697 1152 4748 at
1164 4691 1285 4765 sepultus
1297 4689 1348 4746 luit
1360 4691 1387 4746 in
1402 4691 1528 4748 Sanctam
1540 4690 1654 4748 Mariam
1670 4691 1813 4749 ecclesiam
1829 4697 1895 4766 aput
1907 4692 1992 4750 altars

573 4791 670 4849 Sancta
681 4789 803 4862 Agnitio,
818 4788 863 4862 qui
874 4788 1090 4862 archiepiscopus
1102 4787 1224 4860 regnavit
1237 4787 1266 4844 in
1278 4787 1507 4862 archiepiscopatu
1518 4789 1613 4846 XXXI
1626 4788 1714 4846 annis.
1727 4807 1740 4840 ι
