4594 6066
601 609 660 672 168
1070 609 1312 672 efluoutcort
1336 611 1388 671 llll
1413 611 1544 674 REBUS

598 743 771 818 nubantur
789 765 852 840 pro
869 743 954 838 ipsis
974 742 1020 818 de
1035 745 1174 818 castello
1194 767 1274 818 cum
1292 746 1496 841 imperatore
1512 747 1635 822 lacere.
1657 747 1735 833 Quo
1752 755 1853 843 pacto
1870 751 2014 844 perqui-

597 879 694 944 rente
716 867 767 964 (c)
785 869 970 963 imperator
986 868 1089 962 jussit
1112 869 1306 944 Conradum
1333 871 1379 944 de
1406 871 1562 944 Conzisio
1587 893 1668 944 cum
1692 872 1824 966 aliquot
1845 871 2014 946 militibus

597 993 645 1066 ad
661 993 883 1090 pavelionnm
906 1013 1009 1064 snum
1028 993 1163 1066 venire.
1183 993 1319 1068 Deinde
1339 995 1421 1068 lecit
1448 996 1550 1068 aliam
1573 996 1800 1090 quantitatem
1825 995 1871 1069 de
1894 997 2014 1070 melio-

597 1117 694 1188 ribus
708 1117 838 1189 castelli
860 1116 906 1190 ad
929 1117 1042 1211 ipsum
1061 1117 1283 1212 pavelionum
1302 1119 1435 1210 venire,
1454 1119 1583 1214 quibus
1600 1121 1741 1192 retentis
1758 1120 1908 1214 precepit
1925 1121 2014 1193 reli-

596 1261 686 1333 quos
709 1239 754 1313 de
780 1241 857 1336 ipso
875 1248 987 1312 castro
1003 1241 1111 1313 exire.
1138 1239 1224 1312 Cum
1243 1250 1359 1314 sutem
1386 1243 1469 1314 talia
1489 1242 1659 1316 vidissent
1683 1243 1878 1333 intrinseci,
1902 1245 2014 1338 perci·

597 1362 731 1457 pientes
748 1384 786 1436 se
802 1363 920 1456 aliquo
937 1361 1041 1434 modo
1056 1362 1145 1434 tueri
1164 1383 1233 1436 non
1249 1383 1371 1458 posse,
1392 1364 1620 1438 reddiderunt
1642 1365 1774 1458 seipsos
1799 1365 2010 1459 imperatori.

596 1483 639 1556 Et
656 1485 731 1580 ipse
747 1485 935 1558 destinavit
955 1507 1015 1558 eos
1034 1486 1071 1556 in
1089 1485 1285 1558 carceribus
1307 1486 1471 1561 Cremone
1487 1497 1523 1560 et
1540 1489 1679 1559 luerunt
1699 1509 1845 1560 numero
1867 1489 1929 1561 ΜΒ
1952 1511 2013 1583 pe·

596 1608 686 1682 dites
710 1619 745 1682 et
765 1610 830 1682 XX
851 1610 990 1681 milites.
1015 1610 1202 1704 Imperator
1224 1619 1340 1682 autern
1359 1611 1503 1684 dimisso
1524 1611 1734 1684 lllonteclaro
1759 1621 1794 1684 st
1815 1611 2008 1698 combusto,

595 1743 681 1828 aput
710 1734 852 1806 Pontem
878 1735 1002 1805 Vicum
1032 1741 1085 1804 est
1112 1733 1286 1828 proiectus
1313 1733 1435 1828 ibique
1463 1755 1567 1806 suum
1596 1735 1788 1807 exercitum
1817 1735 2009 1807 collocarit.

595 1855 728 1930 luterea
750 1855 1025 1928 Mediolanenses
1041 1875 1122 1926 cnm
1146 1855 1281 1927 carocio
1298 1863 1333 1928 et
1347 1855 1383 1928 Μ
1406 1855 1575 1928 militibus
1594 1855 1818 1948 Placentinis,
1846 1855 2013 1927 militibus

595 2003 736 2076 quoque
758 1977 764 2076 Ι
786 1979 1033 2067 Vercellarum‚
1052 1977 1251 2071 Cumarum,
1263 1978 1424 2072 Novarie,
1443 1978 1586 2070 Laudis,
1604 1977 1818 2052 Alexandria
1833 1991 1867 2051 et
1878 1981 2010 2070 Creme,

595 2105 643 2179 ad
666 2105 841 2178 civitatem
865 2103 984 2175 Brixis
1006 2111 1243 2194 accesserunt,
1261 2123 1397 2176 moram
1421 2103 1470 2174 ibi
1496 2103 1661 2175 iacientes
1686 2123 1747 2198 per
1773 2103 1834 2176 llll
1859 2102 1955 2194 dies,
1978 2111 2015 2174 et

596 2229 680 2304 inde
706 2231 828 2302 semoti
859 2250 939 2300 cnm
968 2227 1208 2299 brixiensibus
1238 2237 1274 2299 et
1297 2249 1378 2299 cum
1406 2226 1542 2299 carocio
1572 2225 1690 2299 Brixis
1715 2234 1801 2320 aput
1828 2226 1943 2298 locum
1968 2225 2015 2298 de

594 2353 773 2427 blanervio
796 2373 859 2447 per
880 2351 974 2422 Xllll
998 2349 1073 2422 dies
1100 2349 1268 2442 albergati
1294 2347 1517 2422 residentiam
1547 2349 1722 2436 iecerunt,
1750 2369 1821 2420 non
1847 2347 2015 2420 distantes

595 2477 641 2551 ab
655 2476 810 2550 exercitu
828 2473 1043 2568 imperatoris
1059 2475 1150 2544 ultra
1165 2473 1225 2545 llll
1242 2471 1420 2563 milliaria;
1439 2472 1528 2544 inter
1541 2491 1630 2565 qnos
1644 2471 1818 2544 exercitus
1835 2479 2015 2566 erutaque

595 2623 666 2695 que
687 2601 814 2673 dicitur
831 2598 1049 2690 Risiguolus,
1075 2597 1177 2688 cujus
1201 2597 1323 2670 alvens
1340 2597 1483 2668 limosus
1498 2606 1572 2668 erat
1598 2595 1787 2690 plurimum
1808 2603 1844 2666 et
1868 2615 2015 2666 cenosus

596 2745 662 2796 nec
679 2723 780 2818 equis
802 2719 849 2816 (l)
871 2741 935 2792 nec
960 2719 1136 2814 peditibus
1158 2719 1301 2792 faciliter
1321 2719 1508 2794 adeundus
1525 2719 1579 2815 (c).
1599 2719 1731 2792 luterea
1755 2718 1884 2791 milicia
1910 2719 2015 2812 Papie

596 2845 721 2919 cumG
745 2845 910 2916 militibus
932 2843 1091 2916 Terdone
1115 2853 1151 2916 et
1173 2843 1224 2915 CC
1240 2843 1408 2916 militibus
1428 2843 1586 2936 Pergami
1609 2841 1656 2915 ad
1679 2842 1872 2916 exercitum
1896 2843 2015 2937 impe-

597 2969 720 3043 ratoris
741 2975 972 3041 accesserunt.
993 2964 1128 3039 Deinde
1149 2966 1335 3062 imperator
1354 2987 1459 3062 super
1477 2966 1606 3038 llumen
1625 2965 1693 3038 Olii
1711 2967 1878 3062 plurimos
1894 2975 2016 3061 pontes

593 3093 697 3188 jussit
712 3092 834 3188 aptari,
853 3101 888 3163 et
909 3089 968 3162 die
984 3089 1068 3162 lune
1085 3089 1176 3162 Vllll
1202 3089 1369 3162 kalendas
1384 3089 1577 3162 decembris
1593 3089 1744 3185 proximi
1760 3110 1896 3162 summo
1912 3109 2016 3160 mane

597 3215 753 3312 precepit
768 3215 912 3288 transire
928 3223 964 3285 et
980 3213 1056 3307 ipse
1072 3233 1154 3284 curn
1169 3211 1306 3285 milicils
1320 3211 1393 3284 suis
1406 3223 1484 3307 post
1499 3233 1559 3286 eos
1578 3213 1738 3286 transivit
1753 3213 1886 3307 absque
1901 3212 2011 3303 bello;

597 3340 756 3434 sequenti
769 3338 828 3412 die
841 3333 1013 3432 missit(d)
1029 3337 1213 3430 populares
1225 3355 1305 3408 cum
1319 3335 1462 3408 carociis
1475 3335 1572 3408 abire
1581 3335 1796 3408 Cremonam.
1808 3337 1886 3432 lpse
1897 3325 2014 3408 autem

598 3485 678 3537 cum
708 3461 845 3535 miliciis
873 3471 908 3534 et
934 3460 1113 3534 Saracenis
1139 3459 1332 3532 Suncinum
1356 3459 1566 3554 properavit.
1595 3457 1870 3532 Mediolanenses
1897 3467 2013 3531 autem

598 3609 679 3662 cum
700 3585 820 3658 amicis
835 3605 956 3656 eorum
973 3582 1020 3680 (e)
1039 3582 1198 3654 videntes
1212 3582 1452 3677 imperatorem
1479 3582 1569 3654 ultra
1591 3580 1721 3654 flumen
1741 3581 1807 3652 Olil
1832 3581 2011 3670 transisse,

597 3712 702 3784 motis
722 3708 842 3782 castris
865 3717 949 3803 aput
971 3707 1164 3778 Palazolum
1190 3713 1422 3801 pervenerunt
1439 3725 1570 3778 moram
1594 3704 1644 3777 ibi
1662 3705 1826 3779 iacientes
1843 3725 1907 3800 per
1925 3704 2014 3777 duos

598 3837 688 3922 dies,
705 3841 954 3926 congregantes
971 3830 1022 3902 ibi
1039 3851 1160 3904 eorum
1178 3830 1384 3902 exercitum.

645 3957 776 4031 Eodem
792 3975 898 4044 anno,
914 3952 973 4025 die
986 3953 1124 4026 veneris
1136 3952 1165 4026 V
1179 3949 1344 4026 kalendas
1363 3949 1558 4025 decembris
1575 3950 1740 4048 proximi,
1758 3969 1895 4024 summo
1913 3967 2015 4021 mane

640 4294 683 4376 (a)
704 4294 753 4356 stc
765 4293 799 4354 ln
811 4289 930 4363 codlce;
945 4287 1069 4350 forsitan
1078 4283 1270 4368 pmdcranlr.

641 4397 684 4480 (l)
705 4401 742 4460 ln
754 4395 854 4458 codice
865 4409 965 4476 equam

641 4504 679 4584 (c)
705 4505 742 4564 ln
754 4502 855 4564 codice
865 4495 1041 4560 mudum

642 4607 686 4691 (a)
706 4607 949 4689 romunjwtt

641 4715 680 4797 (e)
706 4717 743 4778 ln
757 4714 859 4778 codlce
871 4731 928 4774 eor.
