4554 6080
774 657 816 720 ΙΝ
835 655 976 720 tracta
999 658 1155 720 GESTlS.
1610 657 1673 723 313

249 797 345 870 illins
360 795 531 885 civitatis,
549 803 671 889 captus
682 793 748 866 luit
761 793 855 870 idem
869 796 980 887 jndex
995 807 1031 870 et
1046 797 1248 869 vulneratus
1261 805 1394 891 septem
1405 797 1608 871 vulneribus
1625 799 1672 872 ad

248 929 415 1010 mortem,
432 929 466 992 et
482 919 576 1014 capti
593 926 676 990 sunt
694 939 774 990 cum
792 940 835 992 eo
858 921 976 1014 plures
995 929 1029 992 et
1049 921 1221 994 vulnerati
1241 921 1414 1010 similiter3
1432 930 1466 995 'et
1479 922 1530 995 sic
1548 923 1672 996 civitas

249 1044 339 1118 Pisis
364 1051 432 1116 stat
450 1043 488 1115 in
505 1063 634 1136 magna
653 1043 850 1116 consuncia
869 1043 904 1114 in
922 1064 1041 1118 amore
1058 1053 1094 1116 et
1110 1043 1275 1118 lidelitate
1291 1044 1439 1140 imperii.
1455 1045 1533 1130 Quo
1553 1045 1673 1118 audito

249 1168 496 1244 umbaxsmres
523 1167 616 1262 regis
637 1166 753 1238 Kuroli
778 1177 1005 1240 reoesscmm.
1031 1167 1185 1240 Potestas
1209 1167 1296 1240 Pisis
1321 1179 1395 1242 erat
1421 1167 1602 1242 Andalous
1628 1168 1674 1242 de

252 1291 422 1364 Andelois
442 1290 530 1364 civis
547 1290 702 1364 Bononio
715 1289 761 1364 de
781 1300 879 1388 parte
901 1291 1039 1386 imperii
1062 1289 1193 1374 fidelis;
1216 1293 1278 1386 qui
1297 1293 1537 1364 ambaxatores
1558 1291 1672 1365 statim

251 1415 456 1490 rediverunt
471 1417 508 1487 in
522 1415 708 1488 civitatem.

303 1539 366 1611 Die
379 1540 464 1612 lune
483 1539 578 1612 XXII
595 1539 723 1614 mensis
743 1540 864 1636 aprilis
878 1562 959 1614 cum
977 1540 1075 1612 multi
1092 1541 1179 1614 Galli
1196 1540 1348 1614 redirent
1366 1562 1388 1613 a
1410 1539 1506 1614 curia
1520 1541 1676 1615 Romana

252 1662 386 1736 circat}
407 1672 442 1738 et
461 1665 577 1759 plnres
596 1673 632 1736 et
647 1674 761 1738 essent
781 1665 817 1736 in
837 1665 977 1738 civitate
995 1665 1100 1760 Papie
1119 1665 1275 1739 volentes
1299 1665 1348 1738 ire
1364 1665 1454 1736 ultra
1471 1674 1605 1739 montes
1630 1666 1676 1740 ad

253 1797 371 1882 partes
388 1809 471 1861 suas
493 1799 624 1861 etcum
641 1810 711 1863 non
728 1791 874 1862 multum
889 1789 991 1882 longe
1008 1811 1030 1862 a
1048 1789 1189 1863 civitate
1210 1789 1316 1883 Papio
1336 1785 1343 1885 Ι
1364 1788 1542 1881 adessent,
1567 1791 1678 1864 male-

253 1913 403 1986 factores
420 1913 521 1985 multi
546 1912 592 1986 de
610 1913 716 2009 Papia
744 1913 883 1986 iverunt
906 1923 983 2010 post
998 1914 1092 2007 ipsos
1111 1923 1146 1986 et
1171 1911 1429 1986 derobaveront
1447 1912 1540 2008 ipsos
1562 1915 1679 1988 aulie-

254 2044 374 2110 rentcs
397 2035 449 2109 eis
472 2037 590 2124 omnia
614 2057 734 2110 eorum
760 2037 870 2126 bona,
898 2037 1052 2112 dicentes
1077 2036 1173 2132 quod
1198 2037 1266 2132 ipsi
1288 2046 1387 2108 erant
1411 2036 1622 2131 Francigene
1645 2047 1680 2111 et

254 2157 412 2250 Picurdi,
430 2162 557 2234 multos
574 2181 621 2234 ex
643 2161 727 2256 ipsis
742 2160 940 2234 occidentes
956 2171 991 2234 et
1009 2163 1135 2234 multos
1152 2161 1387 2233 vulnerantes.
1404 2161 1482 2245 Quo
1505 2161 1625 2234 audito
1642 2162 1677 2234 in

255 2285 397 2358 civitate
411 2285 516 2380 Papia
530 2285 628 2358 multi
641 2285 900 2358 ultral'icinum
914 2283 961 2358 ad
980 2305 1089 2379 equos
1105 2295 1140 2358 st
1157 2283 1203 2357 ad
1220 2283 1341 2380 pedes,
1356 2285 1456 2357 villas
1470 2293 1586 2358 tamem
1604 2309 1680 2381 per-

256 2429 356 2500 sone,
370 2407 515 2502 quidam
530 2429 577 2482 ex
597 2409 681 2504 ipsis
702 2429 763 2503 per
783 2407 931 2482 heresim
955 2409 1011 2482 vel
1029 2409 1120 2482 malo
1142 2407 1247 2480 modo
1267 2408 1433 2481 dixerunt
1453 2417 1583 2482 stantes
1600 2420 1681 2482 anta

256 2541 393 2627 portam
420 2534 565 2606 fratrum
592 2532 848 2627 predicatorum
872 2531 920 2604 ad
950 2531 1045 2628 ipsos
1067 2531 1331 2604 malefactores:
1358 2560 1376 2597 α
1402 2533 1480 2604 Huc
1503 2532 1676 2618 accedite,

256 2656 514 2745 bucaccodbe,
535 2655 620 2750 quia
637 2656 673 2726 in
690 2656 756 2728 hac
771 2655 875 2730 domo
893 2655 949 2728 vel
966 2655 1134 2748 religione
1154 2664 1236 2726 sunt
1253 2655 1352 2727 multi
1370 2677 1417 2728 ex
1433 2655 1588 2730 Picardis
1606 2658 1682 2730 siva

256 2779 481 2874 Francigenis
501 2780 678 2874 receptati.
696 2778 829 2854 »Unde
843 2777 989 2876 predicti
1010 2779 1247 2852 malefactores
1266 2801 1327 2874 per
1340 2779 1413 2852 rim
1430 2779 1682 2854 adscendentes

256 2926 367 2999 supra
385 2904 507 2979 domos
528 2906 671 2978 fratrum
690 2912 725 2977 et
742 2907 940 2996 frangentes
955 2911 1072 3000 portas
1086 2902 1267 2975 domorum
1284 2923 1426 2990 sorum,
1447 2903 1542 2999 ipsos
1561 2905 1681 2978 iratres

258 3027 517 3102 derobavcrunt
533 3027 578 3102 de
596 3049 716 3101 eorum
737 3029 839 3102 bonis
856 3037 891 3102 et
906 3029 1011 3102 rebus
1034 3027 1273 3122 percucientes
1296 3029 1416 3100 iratres
1441 3038 1476 3100 et
1498 3049 1682 3102 conversos

257 3173 399 3242 eornm,
425 3161 542 3226 tamen
564 3152 652 3224 nulli
670 3152 875 3247 sanguinem
895 3153 1061 3225 fecerunt.
1084 3153 1216 3224 Fratres
1238 3172 1322 3224 vero
1342 3172 1447 3246 super
1468 3161 1597 3226 turrem
1622 3173 1680 3224 ec·

258 3276 365 3349 clesie
379 3275 632 3350 adscendentes
644 3297 725 3348 cnm
739 3275 916 3372 lapidibus
932 3297 970 3348 se
983 3275 1125 3347 viriliter
1137 3274 1227 3346 sicut
1245 3284 1402 3370 poterant
1421 3273 1677 3349 dedendebant.

257 3401 413 3474 Potestas
431 3421 515 3472 vero
529 3400 634 3495 Papio
645 3399 703 3473 cui
715 3397 871 3495 predicta
884 3399 1003 3473 omniu
1017 3397 1243 3494 displicebant
1262 3397 1308 3472 ad
1322 3408 1484 3490 mortem,
1504 3398 1551 3472 ad
1568 3421 1682 3472 rumo-

257 3545 334 3596 rem
351 3523 457 3595 istum
476 3545 556 3594 cum
576 3532 646 3596 tota
669 3543 734 3597 sua
754 3523 885 3596 lanitia
901 3522 998 3595 venit
1015 3531 1050 3594 et
1067 3521 1146 3595 lecit
1162 3543 1265 3594 omne
1283 3522 1414 3596 bonum
1433 3523 1531 3618 quod
1546 3524 1677 3618 potuit,

257 3646 323 3720 sed
341 3645 536 3741 prohybere
555 3667 625 3719 non
644 3645 754 3740 potuit
770 3653 909 3742 propter
931 3645 1188 3718 multitudinem
1211 3645 1374 3737 gencium
1393 3657 1622 3734 armatarum
1647 3657 1682 3720 et

257 3769 296 3842 in
317 3770 465 3842 veritate
488 3771 606 3842 nullus
626 3769 838 3864 Francigona
859 3771 915 3842 vel
939 3769 1105 3842 Picardus
1129 3767 1249 3842 aderat
1272 3769 1308 3841 in
1332 3770 1408 3866 ipsa
1425 3771 1592 3865 religione
1616 3793 1681 3845 nec

259 3893 426 3966 inventus
446 3895 524 3966 suit.
545 3893 618 3966 Hoc
644 3894 772 3966 factum
799 3893 939 3966 orribile
959 3891 1063 3968 valde
1090 3893 1268 3990 displicuit
1293 3893 1450 3989 potestati
1477 3903 1513 3966 et
1536 3896 1682 3990 sapien-

259 4017 357 4090 tibus
385 4018 502 4111 Papie
531 4019 686 4090 Fuerunt
711 4027 827 4091 tamen
854 4018 945 4090 viles
975 4039 1120 4114 persone
1148 4041 1217 4114 quc
1240 4018 1395 4113 predicta
1420 4018 1676 4092 commiserunt.

261 4141 359 4214 Ultra
382 4140 527 4214 modum
552 4141 644 4214 enim
669 4141 860 4236 Papienses·
875 4143 1103 4215 communiter
1127 4143 1249 4215 odiunt
1271 4143 1517 4235 Francigenas,
1538 4143 1680 4216 Provin-

263 4265 422 4338 cialeset
439 4263 601 4338 Picardos
627 4265 744 4338 multis
765 4265 811 4338 de
838 4265 970 4353 causis,
992 4287 1062 4338 una
1084 4265 1212 4337 scilicet
1228 4264 1324 4357 quod
1349 4265 1448 4336 mulli
1472 4266 1517 4339 de
1539 4267 1680 4342 civitate

266 4388 381 4484 Papie
398 4389 526 4462 mortui
551 4390 691 4462 luerunt
712 4389 748 4460 in
773 4389 942 4462 coustictu
968 4387 1044 4484 (cic)
1061 4387 1240 4482 quondam
1257 4388 1348 4481 regis
1367 4387 1552 4463 Conradini
1572 4414 1676 4486 quern

261 4509 452 4607 Papionsce
469 4533 573 4606 super
590 4511 707 4584 omnia
723 4511 947 4606 dilligebant,
964 4521 999 4584 ot
1011 4511 1094 4606 quia
1106 4511 1209 4582 nimis
1221 4520 1302 4582 sunt
1317 4510 1510 4607 imperiales
1522 4513 1679 4588 homines

263 4641 299 4705 et
320 4631 442 4708 fideles
458 4633 627 4708 heredum
651 4633 828 4728 quondam
851 4634 935 4708 dive
959 4633 1122 4706 memorie
1153 4633 1283 4704 domini
1308 4635 1480 4708 Fredcrici
1502 4639 1679 4732 quondam

261 4755 492 4852 imperatoris.
513 4757 639 4832 Contra
654 4779 738 4832 vero
760 4759 994 4834 malefactores
1016 4757 1192 4854 predictos
1213 4767 1364 4853 potestas
1384 4761 1489 4856 Papio
1518 4761 1681 4836 dominus

1481 4893 1520 4945 sc
