4594 6066
795 587 836 650 tlt
861 586 1001 649 llallll
1024 586 1173 648 casula
1633 589 1689 651 171

279 733 373 798 runt.
395 723 448 798 Ea
463 741 616 819 namque
634 719 695 796 die
718 721 902 819 imperator
923 723 1096 796 civitatem
1116 720 1237 794 Laude
1262 719 1416 794 intravit.
1435 721 1567 796 Deinde
1590 725 1693 800 frater

277 851 348 936 leo
364 871 447 923 cum
465 848 543 924 aliis
561 846 730 942 religiosis
753 847 977 922 demandato
995 845 1304 920 Mediolanensium
1322 843 1368 918 ad
1387 845 1561 918 civitatem
1574 847 1694 922 Laude

278 981 514 1064 accesserunt,
535 971 692 1046 dicentes
709 971 850 1046 domino
864 972 1059 1068 imperatori
1073 970 1170 1066 quod
1183 969 1455 1044 Mediolanenses
1475 971 1639 1044 uolebant
1659 973 1693 1044 ei

279 1097 427 1172 reddere
438 1107 474 1171 et
485 1096 570 1170 dare
587 1117 671 1170 snos
683 1096 833 1170 rationes
850 1105 885 1170 et
896 1099 988 1190 jura,
1006 1104 1041 1170 et
1055 1095 1237 1192 pecuniam
1256 1093 1303 1166 ad
1319 1115 1418 1166 suam
1434 1095 1645 1168 voluntatem
1661 1095 1694 1169 ei

282 1223 386 1314 dare,
402 1220 521 1296 dando
538 1222 614 1318 ipse
633 1219 783 1293 fidancia
795 1217 846 1316 (c)
860 1220 990 1295 ciuitati
1008 1229 1042 1294 et
1057 1219 1231 1292 comitatui
1248 1217 1447 1292 Mediolani.

332 1345 523 1440 Imperator
548 1365 634 1418 uero
661 1343 780 1416 habito
803 1344 946 1417 consilio
977 1365 1056 1417 oum
1081 1342 1366 1416 Cremonensibus
1384 1337 1446 1438 [et]
1466 1341 1696 1440 Papiansibus

281 1466 461 1562 respondit
480 1477 515 1541 et
528 1466 621 1540 dixit
635 1467 730 1540 fratri
749 1466 856 1540 Leoni
867 1465 963 1562 quod
978 1487 1048 1540 non
1064 1466 1234 1561 reciperet
1249 1485 1308 1538 eos
1326 1464 1392 1537 nisi
1409 1463 1551 1536 haberet
1569 1465 1696 1539 civita-

282 1597 354 1661 tem
366 1598 401 1663 et
413 1611 580 1685 pamerras
589 1588 898 1662 Mediolanensium
914 1588 960 1662 ad
978 1611 1077 1662 suam
1093 1589 1318 1662 voluntatem.
1336 1587 1409 1660 Hoc
1425 1585 1544 1660 audito
1560 1589 1605 1660 ab
1621 1589 1697 1684 ipso

283 1712 389 1786 fratre
401 1723 436 1786 et
448 1713 525 1786 aliis
540 1713 601 1807 qui
614 1733 733 1786 secum
750 1721 868 1804 orant,
884 1712 1115 1785 Mediolanum
1126 1718 1335 1784 revertentes
1350 1711 1426 1806 ipso
1439 1711 1545 1784 uerba
1560 1711 1698 1786 Medio-

284 1836 488 1910 lanensibus
507 1837 698 1908 retulerunt
719 1837 780 1930 qui
798 1835 964 1909 dixerunt
981 1857 1019 1908 se
1042 1833 1125 1907 inde
1142 1834 1275 1929 aliquid
1293 1855 1362 1907 non
1384 1835 1544 1908 tacturos.
1567 1836 1699 1910 Interea

285 1959 344 2032 die
364 1960 501 2034 sabbati
518 1959 611 2032 Xllll
630 1958 796 2033 kalendas
814 1959 981 2054 januarii,
1000 1959 1102 2032 frater
1116 1959 1282 2050 lacobus,
1302 1957 1395 2053 prior
1412 1959 1556 2030 fratrum
1576 1959 1700 2055 predi-

285 2091 441 2156 catorum
459 2082 504 2156 de
520 2083 713 2174 Placentia,
731 2081 876 2155 venians
890 2105 969 2154 cum
987 2083 1059 2154 suis
1082 2081 1277 2155 tratribusa
1295 2081 1432 2154 civitate
1449 2081 1567 2155 Laude
1587 2083 1702 2157 retulit

284 2205 516 2302 Raynerio(b)
535 2207 628 2278 Zeno
652 2205 812 2300 potestati
835 2205 881 2302 (c)
901 2205 1072 2278 Placentia
1096 2204 1192 2300 quod
1212 2201 1487 2278 Mediolanenses
1512 2207 1702 2280 tractabant

284 2347 407 2425 paoem
422 2351 502 2401 cum
517 2329 721 2423 imperatore
743 2328 875 2422 absque
894 2329 1014 2400 amicis
1034 2349 1166 2400 eorum.
1185 2325 1253 2413 Qui
1277 2335 1429 2424 potestas
1449 2329 1564 2400 statim
1581 2329 1704 2402 habuit

287 2451 472 2524 eonsilium
485 2473 590 2546 super
603 2451 689 2541 boc;
706 2449 744 2520 in
761 2472 833 2544 quo
845 2451 988 2524 consilio
1003 2461 1037 2524 et
1048 2451 1085 2522 in
1097 2450 1237 2546 publica
1251 2449 1416 2524 concione
1432 2451 1514 2522 lecit
1527 2461 1562 2524 at
1577 2453 1704 2526 consti-

288 2575 354 2648 tuit
367 2575 550 2648 dominum
571 2572 737 2666 Egidium
762 2574 963 2670 episcopum
983 2575 1155 2650 Placentia
1181 2582 1216 2646 et
1238 2575 1354 2669 ipsum
1374 2572 1522 2668 priorem
1546 2574 1705 2668 predica·

287 2705 403 2772 torum
428 2697 582 2770 sindicos
611 2705 646 2769 et
669 2707 907 2793 procuratores
931 2698 1123 2772 communis
1151 2697 1327 2770 Placentia
1356 2694 1402 2770 ad
1428 2697 1706 2791 componendum

288 2841 411 2917 pacem
424 2843 506 2894 cum
533 2821 739 2917 imperatore
761 2820 962 2894 omnimodo
989 2842 1060 2917 qno
1082 2821 1277 2916 imperatori
1300 2821 1470 2916 placeret,
1497 2819 1614 2895 dando
1632 2823 1707 2919 ipse

289 2943 476 3018 lidanciam
492 2945 624 3018 civitati
638 2955 673 3016 et
687 2944 864 3018 comitatui
883 2953 918 3018 et
935 2945 1091 3041 personis
1106 2945 1289 3018 Placentia.
1306 2943 1374 3029 Qui
1387 2943 1509 3016 sindici
1527 2943 1586 3018 die
1599 2943 1708 3019 domi·

290 3069 369 3142 nico
387 3067 548 3164 proximo
560 3089 641 3140 cum
659 3067 944 3142 ambaxatoribus
954 3067 1087 3165 absque
1101 3067 1249 3142 lidancia
1265 3066 1311 3142 ad
1329 3067 1504 3142 civitatem
1519 3069 1638 3142 Laude
1650 3093 1707 3143 ao·

291 3201 485 3280 cesserunt3
505 3201 632 3265 etcum
646 3213 715 3264 non
732 3201 872 3288 possent
887 3193 984 3288 loqui
1000 3215 1080 3266 cum
1096 3193 1318 3288 imperatore,
1335 3213 1415 3264 cum
1430 3191 1595 3286 magistro
1609 3193 1707 3266 Petro

292 3314 338 3389 de
353 3316 471 3389 Vincis
484 3315 591 3388 locuti
606 3323 700 3388 suut.
720 3316 852 3390 Interea
866 3315 985 3390 nuncii
1001 3324 1172 3388 venerunt
1187 3337 1208 3388 a
1223 3313 1539 3388 Mediolanensibus
1553 3315 1707 3390 dicentes

291 3439 464 3536 Raynerio
475 3442 568 3513 Zeno
584 3439 681 3534 quod
697 3437 973 3514 Mediolanenses
988 3440 1118 3512 nullam
1135 3459 1254 3533 paoem
1271 3459 1352 3510 oum
1368 3439 1572 3534 imperatore
1587 3447 1709 3514 tracta·

291 3573 425 3636 verant.
448 3563 678 3659 Quapropter
694 3561 787 3636 idem
808 3564 999 3660 llapnarius
1019 3571 1169 3660 potestas
1188 3562 1302 3636 statim
1324 3561 1445 3635 habito
1468 3561 1611 3635 consilio
1627 3585 1708 3636 cum

292 3685 433 3782 paucis,
452 3687 599 3760 nuncios
621 3685 669 3761 ad
686 3687 862 3761 civitatem
883 3687 1001 3764 laude
1019 3689 1113 3762 misit
1131 3688 1290 3784 episcopo
1312 3695 1347 3760 et
1361 3686 1646 3761 ambanatoribus
1669 3697 1710 3760 ut

292 3809 369 3883 sine
383 3830 481 3884 mora
497 3809 662 3884 redirent.
681 3811 753 3884 Hoc
773 3810 894 3884 audito
912 3813 957 3886 ab
980 3813 1057 3908 ipso
1076 3811 1239 3908 episeopo
1254 3820 1290 3884 et
1312 3809 1425 3907 priore
1451 3819 1485 3884 et
1508 3811 1709 3886 ambaxato·

292 3933 404 4024 ribus,
421 3933 481 4007 die
492 3935 575 4006 lone
585 3933 746 4030 proximo
762 3935 924 4028 sequenti
944 3945 1025 4010 aute
1038 3937 1178 4010 terciam
1194 3934 1338 4010 dimisso
1354 3932 1500 4030 prandio
1520 3933 1618 4028 qnod
1634 3934 1709 4010 flori

292 4056 461 4148 lecerunt,
478 4056 524 4130 da
545 4057 687 4130 civitate
701 4057 822 4130 Laude
835 4067 1002 4132 exeuntes
1018 4059 1197 4132 redierunt
1209 4057 1262 4156 (d)
1281 4057 1501 4151 Placentiam,
1521 4066 1555 4130 et
1570 4065 1709 4154 sumpta

293 4181 475 4254 occasione
490 4179 527 4251 in
543 4179 687 4254 oonsilio
709 4179 839 4254 civitati
860 4191 1111 4280 proposuerunt
1129 4179 1226 4278 quod
1248 4182 1433 4278 imperator
1458 4181 1594 4256 dixerat
1614 4182 1710 4278 quod

336 4365 378 4446 (a)
399 4365 466 4444 Sto,
480 4367 589 4427 rootlns
601 4365 878 4447 tamenfidoociam.

337 4470 379 4554 (b)
399 4475 437 4534 ln
449 4471 551 4533 oodlce
563 4471 739 4552 amnena.

337 4575 375 4656 (c)
400 4578 437 4639 ln
449 4577 551 4639 eodleo
558 4583 698 4658 potata.

338 4681 381 4764 (d)
402 4685 439 4745 lu
451 4684 552 4746 codiee
564 4682 745 4750 aediderunt.
