4534 6074
600 647 642 709 66
1023 647 1269 710 GHIIONICON
1294 649 1605 712 retentantem.

601 781 752 854 dinalem
771 789 806 853 et
827 781 931 854 totius
954 783 1050 855 Italia
1078 783 1243 876 legatum.
1267 786 1312 858 Et
1330 796 1414 858 tunc
1432 787 1511 858 Otto
1536 784 1582 858 de
1597 781 1771 858 Mandello
1793 805 1855 878 per
1871 783 2022 859 eundem

598 905 809 978 cardinalem
830 905 894 976 luit
912 907 1040 978 electus
1056 916 1209 1002 potestas
1225 909 1374 983 clvitatis
1389 909 1575 982 Placentie.
1595 909 1660 982 Die
1679 907 1800 980 martis
1814 909 2023 983 Xlllmensis

598 1027 795 1102 novembris
811 1026 864 1124 (l)
880 1030 1029 1122 proximi
1044 1032 1238 1124 sequentis,
1261 1033 1326 1105 luit
1346 1043 1518 1106 sturmum
1536 1033 1574 1106 in
1587 1032 1730 1106 civitate
1742 1032 1831 1106 inter
1844 1032 1971 1106 milites
1987 1042 2021 1107 et

598 1154 781 1248 populum,
794 1161 829 1224 et
845 1162 929 1225 tunc
949 1155 1051 1226 ambe
1068 1164 1183 1248 partes
1197 1177 1236 1228 se
1246 1159 1454 1248 juraverunt
1471 1179 1552 1230 cum
1565 1155 1871 1242 Cremonensibus,
1887 1166 1922 1228 et
1937 1165 2020 1230 tnnc

597 1286 783 1350 tennerunt
795 1277 842 1348 illi
859 1277 904 1350 de
918 1280 1045 1373 populo
1063 1280 1221 1352 Ottonom
1242 1279 1288 1354 de
1304 1280 1478 1354 Mandello
1496 1289 1532 1354 et
1546 1281 1560 1372 j
1566 1279 1685 1352 udices
1702 1287 1738 1355 el
1761 1279 1886 1354 milites
1905 1289 1941 1352 et
1957 1301 2019 1352 no·

597 1401 704 1474 turios
715 1401 803 1492 ejus.

644 1526 691 1598 Μ.
712 1526 774 1598 CC.
792 1526 910 1614 XXII,
929 1525 1119 1598 indictione
1131 1526 1177 1614 X,
1196 1525 1255 1600 die
1273 1527 1411 1600 sabbati
1429 1526 1507 1598 XIII
1526 1525 1654 1599 mensis
1672 1525 1831 1618 augusti,
1849 1523 2017 1599 Girardns

596 1648 642 1721 de
659 1649 808 1721 Devaria
825 1648 990 1721 Cremone
1017 1649 1105 1722 civis
1129 1650 1197 1722 luit
1220 1650 1349 1722 electus
1377 1650 1414 1722 in
1441 1657 1643 1746 potestatem
1666 1650 1839 1728 Placentie
1866 1649 2017 1722 civitatis

595 1797 660 1870 per
676 1774 972 1870 archiepiscopum
990 1775 1310 1880 Madebnrgensem
1329 1775 1460 1848 domini
1487 1774 1703 1869 imperatoris
1731 1775 1883 1868 legatum
1900 1771 1964 1868 (2),
1982 1782 2017 1845 et

594 1919 636 1971 ea
655 1897 765 1970 disin
790 1899 964 1972 Planenlie
988 1898 1161 1972 civitatem
1181 1899 1338 1971 intravit.
1355 1899 1432 1983 Quo
1453 1899 1556 1990 Iacto,
1581 1897 1676 1970 illico
1697 1897 1869 1972 Placentie
1890 1897 2016 1970 milites

595 2023 736 2094 insimul
753 2045 874 2095 omnes
898 2021 993 2117 apud
1011 2023 1251 2096 Potentianum
1276 2043 1316 2095 ee
1343 2021 1606 2112 coadunavere,
1628 2021 1688 2114 qni
1712 2029 1928 2092 sacramento
1952 2017 2016 2092 lir-

595 2157 776 2220 maverunt
800 2147 916 2242 ipsum
939 2146 1125 2220 Girardnm
1153 2169 1217 2242 pro
1244 2156 1413 2242 potestate
1439 2167 1554 2240 neque
1573 2168 1637 2242 pro
1658 2153 1789 2218 rectore
1805 2143 1935 2218 habere
1952 2165 2016 2218 nee

594 2279 711 2343 tenere
728 2271 871 2364 aliquod
886 2281 1138 2343 sacramentum
1151 2293 1214 2366 pro
1231 2293 1274 2344 eo
1290 2293 1355 2344 nec
1373 2291 1437 2366 pru
1455 2271 1531 2363 ojus
1549 2269 1672 2341 nuntio
1689 2269 1814 2340 Iacere.
1828 2269 1879 2340 De
1893 2265 2015 2340 eudem

593 2416 713 2467 meuse
740 2403 889 2488 angusto
906 2395 1094 2466 Placentini
1123 2395 1251 2468 milites
1280 2395 1459 2486 elegerunt
1488 2392 1526 2464 In
1554 2399 1755 2489 potestatem
1779 2390 1946 2466 Iacobum
1973 2389 2015 2464 de

592 2517 722 2608 Burgo‚
742 2519 857 2589 virum
877 2517 1029 2589 nobilem
1049 2517 1198 2590 civitatis
1211 2516 1388 2590 Cremona..
1403 2516 1467 2590 DIe
1481 2515 1615 2588 sabbati
1628 2516 1674 2588 lll
1687 2513 1854 2588 kalendas
1868 2522 2015 2609 septem·

593 2641 665 2713 bris
680 2639 734 2736 (3)
755 2637 761 2738 Ι
783 2641 877 2712 idem
894 2642 1043 2712 Iacobus
1061 2641 1202 2714 intravit
1220 2641 1257 2712 in
1278 2641 1524 2714 Florenzolam.
1552 2639 1616 2712 Die
1644 2661 1728 2712 vero
1753 2637 1928 2714 dominica
1956 2658 2012 2708 se·

593 2765 715 2860 quenti
733 2765 796 2838 ivit
814 2764 1068 2838 Potentianum.

764 2995 804 3066 In
821 2995 943 3071 Christi
960 3006 1060 3069 sexta
1082 2997 1212 3072 Natalis
1235 2997 1411 3069 maximus
1428 2995 1512 3070 hora

763 3120 824 3192 Est
841 3127 1047 3194 terremotus
1067 3143 1129 3216 per
1148 3122 1270 3193 mundi
1289 3120 1428 3192 elimata
1445 3121 1569 3192 lactus.

764 3241 870 3336 Cujus
887 3243 924 3314 in
943 3243 1133 3316 adventum
1151 3243 1284 3337 liquido
1310 3264 1477 3315 concussa
1493 3243 1634 3316 luerunt

764 3367 888 3440 Omnia
905 3387 975 3461 que
990 3367 1081 3438 telus
1100 3375 1212 3463 portat
1230 3366 1286 3440 vel
1305 3366 1454 3438 sustinet
1466 3365 1578 3456 orbis;

763 3489 856 3563 Anni
870 3508 948 3562 cum
967 3491 1105 3564 Domini
1124 3491 1309 3563 currebant
1325 3490 1420 3562 mille
1435 3489 1600 3579 ducenti,
1641 3556 1643 3566 .

764 3616 826 3687 llis
841 3624 958 3688 tamen
974 3615 1147 3710 adjungas
1165 3616 1221 3688 bis
1238 3615 1347 3688 denas
1362 3623 1468 3708 atque
1494 3613 1675 3686 biennum
1700 3606 1768 3706 (l).

631 3997 666 4068 (l)
685 3997 722 4053 Le
734 3999 769 4052 lo
783 3997 931 4054 novembre
944 3997 1057 4056 tombait
1070 4015 1107 4055 un
1119 3997 1203 4055 lundi.
1269 4063 1272 4070 ,

632 4092 667 4168 (2)
686 4095 737 4151 Les
749 4100 824 4151 actes
836 4095 870 4152 de
883 4095 910 4150 la
926 4095 1041 4167 legatIon
1054 4093 1088 4152 de
1103 4094 1290 4168 l'arclrevdque
1307 4093 1341 4150 dc
1354 4089 1536 4166 ltlagdebourg
1549 4106 1583 4148 en
1597 4089 1758 4148 Lomundo
1777 4095 1806 4146 et
1825 4105 1859 4146 en
1876 4091 2013 4166 liomagne

594 4195 656 4248 sont
667 4207 720 4264 peu
733 4190 891 4248 nombreux.
906 4191 981 4248 Nous
993 4207 1028 4248 en
1042 4207 1126 4249 arona
1139 4190 1249 4264 indique
1270 4190 1334 4246 trois
1352 4189 1399 4262 qui
1418 4187 1624 4262 appartiennent
1636 4201 1688 4243 aux
1700 4186 1801 4243 enodes
1817 4190 1886 4243 laaa
1901 4192 1931 4243 st
1944 4187 2013 4244 lidi

595 4287 709 4360 (Frlder.
719 4304 767 4346 eoo.
779 4287 845 4346 dial.
857 4287 1012 4363 diplomat,
1025 4288 1088 4360 til,
1099 4289 1251 4362 p.75,l3l‚
1264 4289 1327 4357 ⁴89,
1339 4285 1438 4358 notl),
1452 4282 1582 4356 nuxquels
1593 4299 1628 4340 on
1642 4287 1708 4355 peut
1719 4283 1824 4353 ajouter
1838 4297 1875 4336 un
1886 4281 2013 4354 privilege

595 4402 663 4459 pour
671 4385 833 4460 l'dvdquede
843 4386 917 4458 Ludi,
928 4385 1015 4444 donne
1027 4384 1043 4442 ri
1053 4385 1184 4444 Cremone
1191 4385 1217 4442 le
1226 4389 1243 4442 5
1249 4384 1420 4457 juilletl223,
1429 4382 1640 4451 danonaemr,
1648 4378 1714 4436 Ilol.
1724 4393 1815 4449 merc,
1826 4383 1849 4434 t.
1859 4377 1905 4448 IV,
1914 4393 1942 4450 p.
1949 4379 2011 4435 tlt.

632 4483 667 4556 (3)
686 4483 722 4540 Le
735 4484 835 4540 samedi
846 4485 882 4540 27
888 4484 966 4540 'nolit
979 4485 1048 4540 Date
1060 4489 1166 4540 exacte.

632 4580 668 4654 (l)
688 4579 729 4638 On
745 4575 963 4655 peut'comparer
975 4581 990 4638 a
1001 4597 1047 4638 ces
1057 4597 1120 4638 vers
1132 4596 1200 4638 ceux
1214 4579 1260 4652 qui
1274 4583 1335 4635 sont
1345 4576 1407 4650 dejci
1419 4573 1561 4633 Intemales
1573 4587 1608 4630 au
1620 4572 1728 4631 loliosslll
1742 4571 1759 4630 d
1772 4585 1871 4646 pmpos
1881 4572 1918 4629 du
1928 4571 2013 4628 meme

596 4677 764 4750 circumeat,
776 4684 868 4751 etque
881 4694 951 4736 nous
961 4695 1044 4736 avons
1057 4676 1122 4734 cites
1134 4677 1202 4734 dans
1213 4675 1239 4732 la
1251 4673 1495 4750 preloce.QuoIque
1508 4672 1535 4728 la
1548 4671 1683 4728 rddaution
1694 4670 1797 4741 didere,
1806 4685 1838 4726 ce
1850 4669 1919 4726 n’est
1932 4671 2013 4742 gnere

596 4777 630 4834 ici
642 4777 741 4850 qu’une
752 4775 874 4833 varlante
885 4776 947 4850 plus
959 4792 994 4832 ou
1006 4775 1094 4834 moins
1105 4775 1230 4848 poetique
1244 4773 1290 4846 qui
1301 4771 1403 4829 semble
1417 4770 1541 4843 indiquer
1551 4785 1589 4825 un
1601 4768 1690 4824 meme
1704 4772 1810 4823 auteur.
