<?xml version="1.0" encoding="UTF-8"?>
<!DOCTYPE html PUBLIC "-//W3C//DTD XHTML 1.0 Transitional//EN"
    "http://www.w3.org/TR/xhtml1/DTD/xhtml1-transitional.dtd">
<html xmlns="http://www.w3.org/1999/xhtml" xml:lang="en" lang="en">
 <head>
  <title>
</title>
<meta http-equiv="Content-Type" content="text/html;charset=utf-8" />
  <meta name='ocr-system' content='tesseract 3.04.00' />
  <meta name='ocr-capabilities' content='ocr_page ocr_carea ocr_par ocr_line ocrx_word'/>
</head>
<body>
  <div class='ocr_page' id='page_1' title='image "./chroniconplacen00huilgoog_0236.png"; bbox 0 0 4594 6066; ppageno 0'>
   <div class='ocr_carea' id='block_1_1' title="bbox 789 626 1690 690">
    <p class='ocr_par' dir='ltr' id='par_1_1' title="bbox 789 626 1690 690">
     <span class='ocr_line' id='line_1_1' title="bbox 789 626 1690 690; baseline 0.001 -3"><span class='ocrx_word' id='word_1_1' title='bbox 789 627 832 688; x_wconf 88' lang='lat' dir='ltr'><strong>IN</strong></span> <span class='ocrx_word' id='word_1_2' title='bbox 856 626 997 688; x_wconf 79' lang='lat' dir='ltr'><strong>ITltntn</strong></span> <span class='ocrx_word' id='word_1_3' title='bbox 1021 629 1188 690; x_wconf 77' lang='lat' dir='ltr'><strong>GESIIS.&#39;</strong></span> <span class='ocrx_word' id='word_1_4' title='bbox 1632 628 1690 690; x_wconf 83' lang='grc' dir='ltr'><strong>ΓΠ</strong></span> 
     </span>
    </p>
   </div>
   <div class='ocr_carea' id='block_1_2' title="bbox 268 762 1696 4190">
    <p class='ocr_par' dir='ltr' id='par_1_2' title="bbox 270 762 1692 984">
     <span class='ocr_line' id='line_1_2' title="bbox 270 762 1692 862; baseline -0.003 -24"><span class='ocrx_word' id='word_1_5' title='bbox 270 766 400 838; x_wconf 83' lang='lat' dir='ltr'><strong>uicerit</strong></span> <span class='ocrx_word' id='word_1_6' title='bbox 419 766 662 862; x_wconf 76' lang='lat' dir='ltr'><strong>imperatorem</strong></span> <span class='ocrx_word' id='word_1_7' title='bbox 679 762 775 858; x_wconf 87' lang='lat' dir='ltr'><strong>apud</strong></span> <span class='ocrx_word' id='word_1_8' title='bbox 797 763 919 836; x_wconf 89' lang='lat' dir='ltr'><strong>urbem</strong></span> <span class='ocrx_word' id='word_1_9' title='bbox 936 764 1079 836; x_wconf 82' lang='lat' dir='ltr'><strong>Romam</strong></span> <span class='ocrx_word' id='word_1_10' title='bbox 1097 774 1132 837; x_wconf 88' lang='lat' dir='ltr'><strong>et</strong></span> <span class='ocrx_word' id='word_1_11' title='bbox 1149 764 1278 838; x_wconf 82' lang='lat' dir='ltr'><strong>direxit</strong></span> <span class='ocrx_word' id='word_1_12' title='bbox 1299 764 1429 836; x_wconf 89' lang='lat' dir='ltr'><strong>litteras</strong></span> <span class='ocrx_word' id='word_1_13' title='bbox 1458 763 1495 834; x_wconf 94' lang='lat' dir='ltr'><strong>in</strong></span> <span class='ocrx_word' id='word_1_14' title='bbox 1520 763 1692 836; x_wconf 90' lang='lat' dir='ltr'><strong>Lombar-</strong></span> 
     </span>
     <span class='ocr_line' id='line_1_3' title="bbox 270 885 754 984; baseline -0.019 -19"><span class='ocrx_word' id='word_1_15' title='bbox 270 891 366 964; x_wconf 81' lang='lat' dir='ltr'><strong>dinm</strong></span> <span class='ocrx_word' id='word_1_16' title='bbox 384 891 602 964; x_wconf 76' lang='lat' dir='ltr'><strong>continentes</strong></span> <span class='ocrx_word' id='word_1_17' title='bbox 616 885 667 984; x_wconf 85' lang='lat' dir='ltr'><strong>(o)</strong></span> <span class='ocrx_word' id='word_1_18' title='bbox 680 888 754 958; x_wconf 86' lang='lat' dir='ltr'><strong>ita:</strong></span> 
     </span>
    </p>

    <p class='ocr_par' dir='ltr' id='par_1_3' title="bbox 268 1009 1696 3448">
     <span class='ocr_line' id='line_1_4' title="bbox 324 1009 1692 1106; baseline -0.001 -22"><span class='ocrx_word' id='word_1_19' title='bbox 324 1013 554 1106; x_wconf 75' lang='lat' dir='ltr'><strong>«Gregorius</strong></span> <span class='ocrx_word' id='word_1_20' title='bbox 583 1011 789 1106; x_wconf 87' lang='lat' dir='ltr'><strong>episcopus,</strong></span> <span class='ocrx_word' id='word_1_21' title='bbox 817 1031 940 1082; x_wconf 88' lang='lat' dir='ltr'><strong>servus</strong></span> <span class='ocrx_word' id='word_1_22' title='bbox 969 1031 1147 1084; x_wconf 87' lang='lat' dir='ltr'><strong>servorum</strong></span> <span class='ocrx_word' id='word_1_23' title='bbox 1176 1010 1256 1101; x_wconf 89' lang='lat' dir='ltr'><strong>Dei,</strong></span> <span class='ocrx_word' id='word_1_24' title='bbox 1286 1009 1543 1082; x_wconf 87' lang='lat' dir='ltr'><strong>venerabilibus</strong></span> <span class='ocrx_word' id='word_1_25' title='bbox 1581 1010 1692 1082; x_wconf 81' lang='lat' dir='ltr'><strong>tratri·</strong></span> 
     </span>
     <span class='ocr_line' id='line_1_5' title="bbox 269 1133 1693 1231; baseline -0.002 -22"><span class='ocrx_word' id='word_1_26' title='bbox 269 1137 338 1210; x_wconf 89' lang='lat' dir='ltr'><strong>bus</strong></span> <span class='ocrx_word' id='word_1_27' title='bbox 362 1136 624 1231; x_wconf 77' lang='lat' dir='ltr'><strong>archiepiscopo</strong></span> <span class='ocrx_word' id='word_1_28' title='bbox 652 1133 841 1207; x_wconf 78' lang='lat' dir='ltr'><strong>Mediolani</strong></span> <span class='ocrx_word' id='word_1_29' title='bbox 856 1143 891 1206; x_wconf 91' lang='lat' dir='ltr'><strong>et</strong></span> <span class='ocrx_word' id='word_1_30' title='bbox 908 1134 984 1225; x_wconf 88' lang='lat' dir='ltr'><strong>ejus</strong></span> <span class='ocrx_word' id='word_1_31' title='bbox 1002 1134 1229 1228; x_wconf 79' lang='lat' dir='ltr'><strong>suffraganeis</strong></span> <span class='ocrx_word' id='word_1_32' title='bbox 1249 1135 1396 1206; x_wconf 90' lang='lat' dir='ltr'><strong>salntem</strong></span> <span class='ocrx_word' id='word_1_33' title='bbox 1421 1143 1457 1206; x_wconf 93' lang='lat' dir='ltr'><strong>et</strong></span> <span class='ocrx_word' id='word_1_34' title='bbox 1472 1134 1693 1228; x_wconf 89' lang='lat' dir='ltr'><strong>apostolicam</strong></span> 
     </span>
     <span class='ocr_line' id='line_1_6' title="bbox 269 1255 1694 1352; baseline -0.004 -20"><span class='ocrx_word' id='word_1_35' title='bbox 269 1260 560 1333; x_wconf 85' lang='lat' dir='ltr'><strong>henedictIonem.</strong></span> <span class='ocrx_word' id='word_1_36' title='bbox 590 1258 678 1330; x_wconf 85' lang='lat' dir='ltr'><strong>Cum</strong></span> <span class='ocrx_word' id='word_1_37' title='bbox 708 1278 820 1352; x_wconf 87' lang='lat' dir='ltr'><strong>nuper</strong></span> <span class='ocrx_word' id='word_1_38' title='bbox 847 1257 884 1328; x_wconf 92' lang='lat' dir='ltr'><strong>iu</strong></span> <span class='ocrx_word' id='word_1_39' title='bbox 914 1255 1134 1329; x_wconf 90' lang='lat' dir='ltr'><strong>Fredericum</strong></span> <span class='ocrx_word' id='word_1_40' title='bbox 1161 1257 1293 1330; x_wconf 90' lang='lat' dir='ltr'><strong>dIctum</strong></span> <span class='ocrx_word' id='word_1_41' title='bbox 1322 1258 1584 1352; x_wconf 84' lang='lat' dir='ltr'><strong>imperatorem,</strong></span> <span class='ocrx_word' id='word_1_42' title='bbox 1617 1256 1694 1329; x_wconf 86' lang='lat' dir='ltr'><strong>exi·</strong></span> 
     </span>
     <span class='ocr_line' id='line_1_7' title="bbox 269 1381 1692 1480; baseline 0 -23"><span class='ocrx_word' id='word_1_43' title='bbox 269 1387 433 1480; x_wconf 81' lang='lat' dir='ltr'><strong>gentibus</strong></span> <span class='ocrx_word' id='word_1_44' title='bbox 449 1385 597 1476; x_wconf 90' lang='lat' dir='ltr'><strong>meritis,</strong></span> <span class='ocrx_word' id='word_1_45' title='bbox 615 1404 678 1479; x_wconf 94' lang='lat' dir='ltr'><strong>pro</strong></span> <span class='ocrx_word' id='word_1_46' title='bbox 702 1404 745 1456; x_wconf 92' lang='lat' dir='ltr'><strong>eo</strong></span> <span class='ocrx_word' id='word_1_47' title='bbox 771 1381 868 1476; x_wconf 90' lang='lat' dir='ltr'><strong>qood</strong></span> <span class='ocrx_word' id='word_1_48' title='bbox 886 1381 979 1454; x_wconf 92' lang='lat' dir='ltr'><strong>idem</strong></span> <span class='ocrx_word' id='word_1_49' title='bbox 996 1404 1100 1478; x_wconf 91' lang='lat' dir='ltr'><strong>super</strong></span> <span class='ocrx_word' id='word_1_50' title='bbox 1124 1382 1190 1454; x_wconf 89' lang='lat' dir='ltr'><strong>hiis</strong></span> <span class='ocrx_word' id='word_1_51' title='bbox 1215 1405 1247 1455; x_wconf 89' lang='lat' dir='ltr'><strong>a.</strong></span> <span class='ocrx_word' id='word_1_52' title='bbox 1263 1383 1364 1455; x_wconf 87' lang='lat' dir='ltr'><strong>nobie</strong></span> <span class='ocrx_word' id='word_1_53' title='bbox 1388 1382 1570 1476; x_wconf 77' lang='lat' dir='ltr'><strong>diligenter</strong></span> <span class='ocrx_word' id='word_1_54' title='bbox 1595 1403 1692 1457; x_wconf 91' lang='lat' dir='ltr'><strong>amo·</strong></span> 
     </span>
     <span class='ocr_line' id='line_1_8' title="bbox 268 1504 1694 1602; baseline -0.002 -21"><span class='ocrx_word' id='word_1_55' title='bbox 268 1511 364 1582; x_wconf 90' lang='lat' dir='ltr'><strong>nitus</strong></span> <span class='ocrx_word' id='word_1_56' title='bbox 381 1517 421 1580; x_wconf 86' lang='lat' dir='ltr'><strong>et</strong></span> <span class='ocrx_word' id='word_1_57' title='bbox 441 1509 639 1602; x_wconf 78' lang='lat' dir='ltr'><strong>frequenter</strong></span> <span class='ocrx_word' id='word_1_58' title='bbox 656 1529 727 1580; x_wconf 90' lang='lat' dir='ltr'><strong>non</strong></span> <span class='ocrx_word' id='word_1_59' title='bbox 753 1507 868 1579; x_wconf 89' lang='lat' dir='ltr'><strong>solum</strong></span> <span class='ocrx_word' id='word_1_60' title='bbox 894 1506 1008 1578; x_wconf 84' lang='lat' dir='ltr'><strong>lacere</strong></span> <span class='ocrx_word' id='word_1_61' title='bbox 1032 1527 1102 1578; x_wconf 94' lang='lat' dir='ltr'><strong>non</strong></span> <span class='ocrx_word' id='word_1_62' title='bbox 1127 1505 1279 1594; x_wconf 87' lang='lat' dir='ltr'><strong>curavit,</strong></span> <span class='ocrx_word' id='word_1_63' title='bbox 1308 1504 1372 1578; x_wconf 88' lang='lat' dir='ltr'><strong>sed</strong></span> <span class='ocrx_word' id='word_1_64' title='bbox 1399 1504 1503 1578; x_wconf 90' lang='lat' dir='ltr'><strong>corde</strong></span> <span class='ocrx_word' id='word_1_65' title='bbox 1536 1507 1694 1600; x_wconf 88' lang='lat' dir='ltr'><strong>nequiter</strong></span> 
     </span>
     <span class='ocr_line' id='line_1_9' title="bbox 269 1628 1693 1726; baseline 0 -24"><span class='ocrx_word' id='word_1_66' title='bbox 269 1631 446 1723; x_wconf 90' lang='lat' dir='ltr'><strong>indurato,</strong></span> <span class='ocrx_word' id='word_1_67' title='bbox 466 1633 597 1726; x_wconf 77' lang='lat' dir='ltr'><strong>jugiter</strong></span> <span class='ocrx_word' id='word_1_68' title='bbox 622 1631 727 1703; x_wconf 90' lang='lat' dir='ltr'><strong>ctiam</strong></span> <span class='ocrx_word' id='word_1_69' title='bbox 753 1629 923 1702; x_wconf 87' lang='lat' dir='ltr'><strong>deteriora</strong></span> <span class='ocrx_word' id='word_1_70' title='bbox 949 1628 1146 1717; x_wconf 90' lang='lat' dir='ltr'><strong>committit,</strong></span> <span class='ocrx_word' id='word_1_71' title='bbox 1165 1629 1209 1700; x_wconf 87' lang='lat' dir='ltr'><strong>de</strong></span> <span class='ocrx_word' id='word_1_72' title='bbox 1236 1629 1380 1700; x_wconf 82' lang='lat' dir='ltr'><strong>fratrum</strong></span> <span class='ocrx_word' id='word_1_73' title='bbox 1398 1637 1591 1702; x_wconf 88' lang='lat' dir='ltr'><strong>nostrorum</strong></span> <span class='ocrx_word' id='word_1_74' title='bbox 1611 1653 1693 1702; x_wconf 91' lang='lat' dir='ltr'><strong>oon·</strong></span> 
     </span>
     <span class='ocr_line' id='line_1_10' title="bbox 268 1752 1693 1851; baseline -0.001 -24"><span class='ocrx_word' id='word_1_75' title='bbox 268 1755 348 1827; x_wconf 89' lang='lat' dir='ltr'><strong>silio</strong></span> <span class='ocrx_word' id='word_1_76' title='bbox 369 1755 740 1828; x_wconf 80' lang='lat' dir='ltr'><strong>exeommunIcationis</strong></span> <span class='ocrx_word' id='word_1_77' title='bbox 765 1762 800 1826; x_wconf 92' lang='lat' dir='ltr'><strong>et</strong></span> <span class='ocrx_word' id='word_1_78' title='bbox 816 1752 1043 1825; x_wconf 90' lang='lat' dir='ltr'><strong>anathematis</strong></span> <span class='ocrx_word' id='word_1_79' title='bbox 1061 1753 1265 1824; x_wconf 83' lang='lat' dir='ltr'><strong>sententiam</strong></span> <span class='ocrx_word' id='word_1_80' title='bbox 1287 1753 1521 1846; x_wconf 85' lang='lat' dir='ltr'><strong>sollempniter</strong></span> <span class='ocrx_word' id='word_1_81' title='bbox 1539 1756 1693 1851; x_wconf 90' lang='lat' dir='ltr'><strong>promul-</strong></span> 
     </span>
     <span class='ocr_line' id='line_1_11' title="bbox 269 1875 1693 1972; baseline 0.003 -24"><span class='ocrx_word' id='word_1_82' title='bbox 269 1887 411 1972; x_wconf 79' lang='lat' dir='ltr'><strong>gantas,</strong></span> <span class='ocrx_word' id='word_1_83' title='bbox 430 1899 552 1952; x_wconf 88' lang='lat' dir='ltr'><strong>omnes</strong></span> <span class='ocrx_word' id='word_1_84' title='bbox 576 1879 639 1972; x_wconf 88' lang='lat' dir='ltr'><strong>qui</strong></span> <span class='ocrx_word' id='word_1_85' title='bbox 666 1877 699 1949; x_wconf 92' lang='lat' dir='ltr'><strong>ei</strong></span> <span class='ocrx_word' id='word_1_86' title='bbox 725 1875 898 1948; x_wconf 82' lang='lat' dir='ltr'><strong>fidelitatis</strong></span> <span class='ocrx_word' id='word_1_87' title='bbox 914 1877 1109 1967; x_wconf 88' lang='lat' dir='ltr'><strong>juramento</strong></span> <span class='ocrx_word' id='word_1_88' title='bbox 1126 1883 1286 1946; x_wconf 88' lang='lat' dir='ltr'><strong>tenentur</strong></span> <span class='ocrx_word' id='word_1_89' title='bbox 1307 1875 1436 1948; x_wconf 87' lang='lat' dir='ltr'><strong>astricti</strong></span> <span class='ocrx_word' id='word_1_90' title='bbox 1462 1876 1508 1948; x_wconf 91' lang='lat' dir='ltr'><strong>ab</strong></span> <span class='ocrx_word' id='word_1_91' title='bbox 1537 1878 1693 1969; x_wconf 89' lang='lat' dir='ltr'><strong>ejusdem</strong></span> 
     </span>
     <span class='ocr_line' id='line_1_12' title="bbox 268 1996 1695 2094; baseline 0.001 -21"><span class='ocrx_word' id='word_1_92' title='bbox 268 2001 514 2073; x_wconf 87' lang='lat' dir='ltr'><strong>observatione</strong></span> <span class='ocrx_word' id='word_1_93' title='bbox 540 2000 728 2092; x_wconf 88' lang='lat' dir='ltr'><strong>juramenti</strong></span> <span class='ocrx_word' id='word_1_94' title='bbox 757 1998 977 2074; x_wconf 86' lang='lat' dir='ltr'><strong>decrevimus</strong></span> <span class='ocrx_word' id='word_1_95' title='bbox 1002 1998 1196 2081; x_wconf 82' lang='lat' dir='ltr'><strong>absolutos,</strong></span> <span class='ocrx_word' id='word_1_96' title='bbox 1217 1996 1394 2070; x_wconf 88' lang='lat' dir='ltr'><strong>districius</strong></span> <span class='ocrx_word' id='word_1_97' title='bbox 1419 1998 1621 2094; x_wconf 79' lang='lat' dir='ltr'><strong>inhybendo</strong></span> <span class='ocrx_word' id='word_1_98' title='bbox 1650 2023 1695 2076; x_wconf 92' lang='lat' dir='ltr'><strong>ne</strong></span> 
     </span>
     <span class='ocr_line' id='line_1_13' title="bbox 269 2121 1693 2196; baseline 0 0"><span class='ocrx_word' id='word_1_99' title='bbox 269 2123 337 2196; x_wconf 89' lang='lat' dir='ltr'><strong>sibi</strong></span> <span class='ocrx_word' id='word_1_100' title='bbox 365 2121 569 2196; x_wconf 86' lang='lat' dir='ltr'><strong>fidelitatem</strong></span> <span class='ocrx_word' id='word_1_101' title='bbox 598 2123 785 2196; x_wconf 87' lang='lat' dir='ltr'><strong>observent</strong></span> <span class='ocrx_word' id='word_1_102' title='bbox 810 2121 921 2196; x_wconf 89' lang='lat' dir='ltr'><strong>donec</strong></span> <span class='ocrx_word' id='word_1_103' title='bbox 945 2121 1085 2194; x_wconf 92' lang='lat' dir='ltr'><strong>vinculo</strong></span> <span class='ocrx_word' id='word_1_104' title='bbox 1111 2121 1214 2192; x_wconf 85' lang='lat' dir='ltr'><strong>luerit</strong></span> <span class='ocrx_word' id='word_1_105' title='bbox 1239 2121 1607 2194; x_wconf 86' lang='lat' dir='ltr'><strong>excommunicationis</strong></span> <span class='ocrx_word' id='word_1_106' title='bbox 1636 2145 1693 2196; x_wconf 87' lang='lat' dir='ltr'><strong>as·</strong></span> 
     </span>
     <span class='ocr_line' id='line_1_14' title="bbox 268 2243 1693 2340; baseline 0 -22"><span class='ocrx_word' id='word_1_107' title='bbox 268 2247 410 2335; x_wconf 88' lang='lat' dir='ltr'><strong>triotus;</strong></span> <span class='ocrx_word' id='word_1_108' title='bbox 442 2245 702 2318; x_wconf 87' lang='lat' dir='ltr'><strong>universitatem</strong></span> <span class='ocrx_word' id='word_1_109' title='bbox 733 2252 884 2316; x_wconf 87' lang='lat' dir='ltr'><strong>vestram</strong></span> <span class='ocrx_word' id='word_1_110' title='bbox 914 2243 961 2339; x_wconf 81' lang='lat' dir='ltr'><strong>(b)</strong></span> <span class='ocrx_word' id='word_1_111' title='bbox 984 2265 1167 2316; x_wconf 90' lang='lat' dir='ltr'><strong>monemus</strong></span> <span class='ocrx_word' id='word_1_112' title='bbox 1196 2251 1232 2316; x_wconf 88' lang='lat' dir='ltr'><strong>et</strong></span> <span class='ocrx_word' id='word_1_113' title='bbox 1260 2243 1437 2316; x_wconf 87' lang='lat' dir='ltr'><strong>hortamus</strong></span> <span class='ocrx_word' id='word_1_114' title='bbox 1463 2253 1610 2336; x_wconf 86' lang='lat' dir='ltr'><strong>attente,</strong></span> <span class='ocrx_word' id='word_1_115' title='bbox 1631 2267 1693 2340; x_wconf 91' lang='lat' dir='ltr'><strong>per</strong></span> 
     </span>
     <span class='ocr_line' id='line_1_15' title="bbox 269 2365 1693 2463; baseline 0 -23"><span class='ocrx_word' id='word_1_116' title='bbox 269 2367 459 2463; x_wconf 85' lang='lat' dir='ltr'><strong>apostolica</strong></span> <span class='ocrx_word' id='word_1_117' title='bbox 475 2366 604 2463; x_wconf 86' lang='lat' dir='ltr'><strong>scripta</strong></span> <span class='ocrx_word' id='word_1_118' title='bbox 618 2365 719 2438; x_wconf 85' lang='lat' dir='ltr'><strong>vobis</strong></span> <span class='ocrx_word' id='word_1_119' title='bbox 744 2365 780 2437; x_wconf 94' lang='lat' dir='ltr'><strong>in</strong></span> <span class='ocrx_word' id='word_1_120' title='bbox 801 2365 930 2438; x_wconf 88' lang='lat' dir='ltr'><strong>virtute</strong></span> <span class='ocrx_word' id='word_1_121' title='bbox 945 2365 1142 2438; x_wconf 88' lang='lat' dir='ltr'><strong>obedientie</strong></span> <span class='ocrx_word' id='word_1_122' title='bbox 1168 2365 1310 2438; x_wconf 85' lang='lat' dir='ltr'><strong>firmiter</strong></span> <span class='ocrx_word' id='word_1_123' title='bbox 1338 2367 1562 2462; x_wconf 89' lang='lat' dir='ltr'><strong>precipiendo</strong></span> <span class='ocrx_word' id='word_1_124' title='bbox 1590 2389 1693 2442; x_wconf 92' lang='lat' dir='ltr'><strong>man·</strong></span> 
     </span>
     <span class='ocr_line' id='line_1_16' title="bbox 271 2488 1693 2586; baseline -0.001 -22"><span class='ocrx_word' id='word_1_125' title='bbox 271 2491 395 2564; x_wconf 88' lang='lat' dir='ltr'><strong>dantes</strong></span> <span class='ocrx_word' id='word_1_126' title='bbox 422 2489 464 2586; x_wconf 79' lang='lat' dir='ltr'><strong>(c)</strong></span> <span class='ocrx_word' id='word_1_127' title='bbox 494 2501 668 2584; x_wconf 83' lang='lat' dir='ltr'><strong>quotenus</strong></span> <span class='ocrx_word' id='word_1_128' title='bbox 690 2488 893 2582; x_wconf 88' lang='lat' dir='ltr'><strong>hujusmodi</strong></span> <span class='ocrx_word' id='word_1_129' title='bbox 918 2488 1287 2564; x_wconf 85' lang='lat' dir='ltr'><strong>excommunicationis</strong></span> <span class='ocrx_word' id='word_1_130' title='bbox 1305 2497 1341 2562; x_wconf 92' lang='lat' dir='ltr'><strong>et</strong></span> <span class='ocrx_word' id='word_1_131' title='bbox 1368 2490 1596 2564; x_wconf 88' lang='lat' dir='ltr'><strong>anathematis</strong></span> <span class='ocrx_word' id='word_1_132' title='bbox 1613 2512 1693 2564; x_wconf 89' lang='lat' dir='ltr'><strong>sen·</strong></span> 
     </span>
     <span class='ocr_line' id='line_1_17' title="bbox 270 2611 1695 2707; baseline -0.001 -19"><span class='ocrx_word' id='word_1_133' title='bbox 270 2613 415 2688; x_wconf 87' lang='lat' dir='ltr'><strong>tentiam</strong></span> <span class='ocrx_word' id='word_1_134' title='bbox 441 2613 589 2706; x_wconf 78' lang='lat' dir='ltr'><strong>singulis</strong></span> <span class='ocrx_word' id='word_1_135' title='bbox 615 2611 741 2684; x_wconf 86' lang='lat' dir='ltr'><strong>diebus</strong></span> <span class='ocrx_word' id='word_1_136' title='bbox 764 2611 949 2684; x_wconf 90' lang='lat' dir='ltr'><strong>dominicis</strong></span> <span class='ocrx_word' id='word_1_137' title='bbox 974 2621 1008 2684; x_wconf 92' lang='lat' dir='ltr'><strong>et</strong></span> <span class='ocrx_word' id='word_1_138' title='bbox 1034 2611 1184 2700; x_wconf 79' lang='lat' dir='ltr'><strong>festivis,</strong></span> <span class='ocrx_word' id='word_1_139' title='bbox 1204 2611 1351 2706; x_wconf 90' lang='lat' dir='ltr'><strong>pulsatis</strong></span> <span class='ocrx_word' id='word_1_140' title='bbox 1366 2615 1541 2707; x_wconf 84' lang='lat' dir='ltr'><strong>campanIs</strong></span> <span class='ocrx_word' id='word_1_141' title='bbox 1556 2623 1592 2686; x_wconf 88' lang='lat' dir='ltr'><strong>et</strong></span> <span class='ocrx_word' id='word_1_142' title='bbox 1608 2636 1695 2688; x_wconf 88' lang='lat' dir='ltr'><strong>con-</strong></span> 
     </span>
     <span class='ocr_line' id='line_1_18' title="bbox 272 2733 1694 2830; baseline 0.001 -20"><span class='ocrx_word' id='word_1_143' title='bbox 272 2737 374 2812; x_wconf 89' lang='lat' dir='ltr'><strong>dellis</strong></span> <span class='ocrx_word' id='word_1_144' title='bbox 401 2736 574 2826; x_wconf 86' lang='lat' dir='ltr'><strong>accensis,</strong></span> <span class='ocrx_word' id='word_1_145' title='bbox 593 2735 828 2830; x_wconf 85' lang='lat' dir='ltr'><strong>sollempniter</strong></span> <span class='ocrx_word' id='word_1_146' title='bbox 855 2735 1024 2830; x_wconf 89' lang='lat' dir='ltr'><strong>publicari</strong></span> <span class='ocrx_word' id='word_1_147' title='bbox 1054 2755 1096 2806; x_wconf 90' lang='lat' dir='ltr'><strong>ac</strong></span> <span class='ocrx_word' id='word_1_148' title='bbox 1124 2733 1375 2808; x_wconf 88' lang='lat' dir='ltr'><strong>absolutionem</strong></span> <span class='ocrx_word' id='word_1_149' title='bbox 1396 2745 1432 2808; x_wconf 92' lang='lat' dir='ltr'><strong>et</strong></span> <span class='ocrx_word' id='word_1_150' title='bbox 1455 2735 1694 2812; x_wconf 91' lang='lat' dir='ltr'><strong>inhibitionem</strong></span> 
     </span>
     <span class='ocr_line' id='line_1_19' title="bbox 270 2857 1696 2955; baseline 0.002 -23"><span class='ocrx_word' id='word_1_151' title='bbox 270 2859 439 2933; x_wconf 89' lang='lat' dir='ltr'><strong>nunciare</strong></span> <span class='ocrx_word' id='word_1_152' title='bbox 454 2859 600 2949; x_wconf 87' lang='lat' dir='ltr'><strong>curetis,</strong></span> <span class='ocrx_word' id='word_1_153' title='bbox 616 2881 658 2932; x_wconf 89' lang='lat' dir='ltr'><strong>ea</strong></span> <span class='ocrx_word' id='word_1_154' title='bbox 677 2882 740 2954; x_wconf 93' lang='lat' dir='ltr'><strong>per</strong></span> <span class='ocrx_word' id='word_1_155' title='bbox 766 2859 923 2932; x_wconf 86' lang='lat' dir='ltr'><strong>civitates</strong></span> <span class='ocrx_word' id='word_1_156' title='bbox 937 2867 971 2932; x_wconf 89' lang='lat' dir='ltr'><strong>et</strong></span> <span class='ocrx_word' id='word_1_157' title='bbox 986 2857 1185 2932; x_wconf 87' lang='lat' dir='ltr'><strong>dioeceseos</strong></span> <span class='ocrx_word' id='word_1_158' title='bbox 1197 2867 1329 2932; x_wconf 86' lang='lat' dir='ltr'><strong>vestras</strong></span> <span class='ocrx_word' id='word_1_159' title='bbox 1351 2860 1520 2955; x_wconf 86' lang='lat' dir='ltr'><strong>publicari</strong></span> <span class='ocrx_word' id='word_1_160' title='bbox 1539 2862 1696 2936; x_wconf 87' lang='lat' dir='ltr'><strong>similiter</strong></span> 
     </span>
     <span class='ocr_line' id='line_1_20' title="bbox 271 2981 1695 3080; baseline 0.004 -24"><span class='ocrx_word' id='word_1_161' title='bbox 271 2983 436 3057; x_wconf 80' lang='lat' dir='ltr'><strong>facientes</strong></span> <span class='ocrx_word' id='word_1_162' title='bbox 450 2995 486 3057; x_wconf 89' lang='lat' dir='ltr'><strong>ct</strong></span> <span class='ocrx_word' id='word_1_163' title='bbox 502 2983 608 3056; x_wconf 86' lang='lat' dir='ltr'><strong>etiam</strong></span> <span class='ocrx_word' id='word_1_164' title='bbox 626 2983 804 3067; x_wconf 90' lang='lat' dir='ltr'><strong>nunciari;</strong></span> <span class='ocrx_word' id='word_1_165' title='bbox 824 2981 1027 3056; x_wconf 89' lang='lat' dir='ltr'><strong>mandatum</strong></span> <span class='ocrx_word' id='word_1_166' title='bbox 1046 2991 1201 3055; x_wconf 91' lang='lat' dir='ltr'><strong>nostrum</strong></span> <span class='ocrx_word' id='word_1_167' title='bbox 1219 2983 1331 3056; x_wconf 90' lang='lat' dir='ltr'><strong>taliter</strong></span> <span class='ocrx_word' id='word_1_168' title='bbox 1346 2983 1521 3080; x_wconf 88' lang='lat' dir='ltr'><strong>impleturi</strong></span> <span class='ocrx_word' id='word_1_169' title='bbox 1535 2987 1632 3079; x_wconf 93' lang='lat' dir='ltr'><strong>quod</strong></span> <span class='ocrx_word' id='word_1_170' title='bbox 1648 3009 1695 3061; x_wconf 81' lang='lat' dir='ltr'><strong>ex</strong></span> 
     </span>
     <span class='ocr_line' id='line_1_21' title="bbox 269 3104 1693 3202; baseline 0.001 -24"><span class='ocrx_word' id='word_1_171' title='bbox 269 3107 338 3180; x_wconf 86' lang='lat' dir='ltr'><strong>hoo</strong></span> <span class='ocrx_word' id='word_1_172' title='bbox 358 3107 522 3180; x_wconf 80' lang='lat' dir='ltr'><strong>allectum</strong></span> <span class='ocrx_word' id='word_1_173' title='bbox 538 3129 645 3202; x_wconf 90' lang='lat' dir='ltr'><strong>quem</strong></span> <span class='ocrx_word' id='word_1_174' title='bbox 661 3107 707 3180; x_wconf 87' lang='lat' dir='ltr'><strong>ad</strong></span> <span class='ocrx_word' id='word_1_175' title='bbox 735 3107 925 3180; x_wconf 84' lang='lat' dir='ltr'><strong>Romanam</strong></span> <span class='ocrx_word' id='word_1_176' title='bbox 942 3105 1131 3179; x_wconf 84' lang='lat' dir='ltr'><strong>Ecclesiam</strong></span> <span class='ocrx_word' id='word_1_177' title='bbox 1146 3104 1273 3178; x_wconf 89' lang='lat' dir='ltr'><strong>habere</strong></span> <span class='ocrx_word' id='word_1_178' title='bbox 1288 3105 1441 3192; x_wconf 86' lang='lat' dir='ltr'><strong>debetis,</strong></span> <span class='ocrx_word' id='word_1_179' title='bbox 1468 3107 1607 3202; x_wconf 91' lang='lat' dir='ltr'><strong>plenius</strong></span> <span class='ocrx_word' id='word_1_180' title='bbox 1633 3131 1693 3184; x_wconf 90' lang='lat' dir='ltr'><strong>co.-</strong></span> 
     </span>
     <span class='ocr_line' id='line_1_22' title="bbox 270 3227 1694 3324; baseline 0.004 -23"><span class='ocrx_word' id='word_1_181' title='bbox 270 3251 479 3322; x_wconf 79' lang='lat' dir='ltr'><strong>gnoseamus</strong></span> <span class='ocrx_word' id='word_1_182' title='bbox 505 3239 541 3302; x_wconf 89' lang='lat' dir='ltr'><strong>et</strong></span> <span class='ocrx_word' id='word_1_183' title='bbox 569 3230 616 3304; x_wconf 88' lang='lat' dir='ltr'><strong>de</strong></span> <span class='ocrx_word' id='word_1_184' title='bbox 643 3229 855 3324; x_wconf 78' lang='lat' dir='ltr'><strong>negligentia</strong></span> <span class='ocrx_word' id='word_1_185' title='bbox 871 3229 1090 3324; x_wconf 87' lang='lat' dir='ltr'><strong>aliquatenus</strong></span> <span class='ocrx_word' id='word_1_186' title='bbox 1112 3227 1273 3322; x_wconf 81' lang='lat' dir='ltr'><strong>redargui</strong></span> <span class='ocrx_word' id='word_1_187' title='bbox 1291 3249 1362 3302; x_wconf 89' lang='lat' dir='ltr'><strong>non</strong></span> <span class='ocrx_word' id='word_1_188' title='bbox 1389 3233 1549 3324; x_wconf 84' lang='lat' dir='ltr'><strong>possetis.</strong></span> <span class='ocrx_word' id='word_1_189' title='bbox 1568 3234 1694 3307; x_wconf 89' lang='lat' dir='ltr'><strong>Datum</strong></span> 
     </span>
     <span class='ocr_line' id='line_1_23' title="bbox 270 3350 1567 3448; baseline -0.002 -22"><span class='ocrx_word' id='word_1_190' title='bbox 270 3353 450 3445; x_wconf 88' lang='lat' dir='ltr'><strong>Laterani,</strong></span> <span class='ocrx_word' id='word_1_191' title='bbox 470 3352 529 3427; x_wconf 92' lang='lat' dir='ltr'><strong>die</strong></span> <span class='ocrx_word' id='word_1_192' title='bbox 550 3354 615 3425; x_wconf 97' lang='lat' dir='ltr'><strong>XII</strong></span> <span class='ocrx_word' id='word_1_193' title='bbox 633 3351 799 3429; x_wconf 86' lang='lat' dir='ltr'><strong>kalendas</strong></span> <span class='ocrx_word' id='word_1_194' title='bbox 816 3353 954 3448; x_wconf 87' lang='lat' dir='ltr'><strong>aprilis,</strong></span> <span class='ocrx_word' id='word_1_195' title='bbox 971 3350 1192 3448; x_wconf 87' lang='lat' dir='ltr'><strong>pontificatus</strong></span> <span class='ocrx_word' id='word_1_196' title='bbox 1208 3351 1314 3424; x_wconf 85' lang='lat' dir='ltr'><strong>nostri</strong></span> <span class='ocrx_word' id='word_1_197' title='bbox 1331 3373 1421 3425; x_wconf 91' lang='lat' dir='ltr'><strong>anno</strong></span> <span class='ocrx_word' id='word_1_198' title='bbox 1437 3353 1527 3424; x_wconf 88' lang='lat' dir='ltr'><strong>XIII.</strong></span> <span class='ocrx_word' id='word_1_199' title='bbox 1549 3379 1567 3424; x_wconf 78' lang='lat' dir='ltr'><strong>o</strong></span> 
     </span>
    </p>

    <p class='ocr_par' dir='ltr' id='par_1_4' title="bbox 270 3474 1696 4190">
     <span class='ocr_line' id='line_1_24' title="bbox 320 3474 1693 3573; baseline 0.002 -25"><span class='ocrx_word' id='word_1_200' title='bbox 320 3477 368 3549; x_wconf 83' lang='grc' dir='ltr'><strong>Μ.</strong></span> <span class='ocrx_word' id='word_1_201' title='bbox 385 3476 449 3550; x_wconf 88' lang='lat' dir='ltr'><strong>CC.</strong></span> <span class='ocrx_word' id='word_1_202' title='bbox 466 3477 668 3569; x_wconf 86' lang='lat' dir='ltr'><strong>XXXVIIII,</strong></span> <span class='ocrx_word' id='word_1_203' title='bbox 682 3477 872 3552; x_wconf 84' lang='lat' dir='ltr'><strong>Indictione</strong></span> <span class='ocrx_word' id='word_1_204' title='bbox 884 3478 966 3568; x_wconf 91' lang='lat' dir='ltr'><strong>XII,</strong></span> <span class='ocrx_word' id='word_1_205' title='bbox 993 3475 1039 3550; x_wconf 92' lang='lat' dir='ltr'><strong>de</strong></span> <span class='ocrx_word' id='word_1_206' title='bbox 1060 3495 1178 3548; x_wconf 89' lang='lat' dir='ltr'><strong>mense</strong></span> <span class='ocrx_word' id='word_1_207' title='bbox 1195 3474 1334 3570; x_wconf 89' lang='lat' dir='ltr'><strong>aprilis,</strong></span> <span class='ocrx_word' id='word_1_208' title='bbox 1353 3475 1517 3549; x_wconf 92' lang='lat' dir='ltr'><strong>dominus</strong></span> <span class='ocrx_word' id='word_1_209' title='bbox 1534 3499 1623 3573; x_wconf 91' lang='lat' dir='ltr'><strong>papa</strong></span> <span class='ocrx_word' id='word_1_210' title='bbox 1640 3477 1693 3552; x_wconf 93' lang='lat' dir='ltr'><strong>di·</strong></span> 
     </span>
     <span class='ocr_line' id='line_1_25' title="bbox 270 3598 1694 3695; baseline 0.004 -23"><span class='ocrx_word' id='word_1_211' title='bbox 270 3599 363 3672; x_wconf 86' lang='lat' dir='ltr'><strong>rexit</strong></span> <span class='ocrx_word' id='word_1_212' title='bbox 387 3599 594 3694; x_wconf 80' lang='lat' dir='ltr'><strong>Gregorinm</strong></span> <span class='ocrx_word' id='word_1_213' title='bbox 624 3599 671 3674; x_wconf 89' lang='lat' dir='ltr'><strong>de</strong></span> <span class='ocrx_word' id='word_1_214' title='bbox 697 3601 918 3695; x_wconf 73' lang='lat' dir='ltr'><strong>Montelongo</strong></span> <span class='ocrx_word' id='word_1_215' title='bbox 943 3601 1019 3693; x_wconf 88' lang='lat' dir='ltr'><strong>ejus</strong></span> <span class='ocrx_word' id='word_1_216' title='bbox 1044 3598 1216 3672; x_wconf 90' lang='lat' dir='ltr'><strong>notarium</strong></span> <span class='ocrx_word' id='word_1_217' title='bbox 1241 3608 1276 3670; x_wconf 85' lang='lat' dir='ltr'><strong>et</strong></span> <span class='ocrx_word' id='word_1_218' title='bbox 1301 3598 1453 3691; x_wconf 77' lang='lat' dir='ltr'><strong>legatum</strong></span> <span class='ocrx_word' id='word_1_219' title='bbox 1485 3600 1522 3670; x_wconf 93' lang='lat' dir='ltr'><strong>in</strong></span> <span class='ocrx_word' id='word_1_220' title='bbox 1553 3601 1694 3677; x_wconf 87' lang='lat' dir='ltr'><strong>civitate</strong></span> 
     </span>
     <span class='ocr_line' id='line_1_26' title="bbox 270 3721 1694 3819; baseline 0.001 -23"><span class='ocrx_word' id='word_1_221' title='bbox 270 3721 481 3814; x_wconf 79' lang='lat' dir='ltr'><strong>Mediolani3</strong></span> <span class='ocrx_word' id='word_1_222' title='bbox 503 3723 565 3818; x_wconf 91' lang='lat' dir='ltr'><strong>qni</strong></span> <span class='ocrx_word' id='word_1_223' title='bbox 587 3723 703 3796; x_wconf 90' lang='lat' dir='ltr'><strong>statim</strong></span> <span class='ocrx_word' id='word_1_224' title='bbox 718 3731 759 3796; x_wconf 94' lang='lat' dir='ltr'><strong>ut</strong></span> <span class='ocrx_word' id='word_1_225' title='bbox 774 3724 823 3796; x_wconf 91' lang='lat' dir='ltr'><strong>ibi</strong></span> <span class='ocrx_word' id='word_1_226' title='bbox 842 3724 1002 3812; x_wconf 87' lang='lat' dir='ltr'><strong>accessit,</strong></span> <span class='ocrx_word' id='word_1_227' title='bbox 1025 3732 1165 3819; x_wconf 88' lang='lat' dir='ltr'><strong>sumpto</strong></span> <span class='ocrx_word' id='word_1_228' title='bbox 1186 3744 1208 3796; x_wconf 86' lang='lat' dir='ltr'><strong>a</strong></span> <span class='ocrx_word' id='word_1_229' title='bbox 1233 3721 1370 3794; x_wconf 89' lang='lat' dir='ltr'><strong>civibus</strong></span> <span class='ocrx_word' id='word_1_230' title='bbox 1391 3721 1442 3816; x_wconf 83' lang='lat' dir='ltr'><strong>(d)</strong></span> <span class='ocrx_word' id='word_1_231' title='bbox 1461 3721 1506 3796; x_wconf 91' lang='lat' dir='ltr'><strong>de</strong></span> <span class='ocrx_word' id='word_1_232' title='bbox 1529 3724 1694 3798; x_wconf 87' lang='lat' dir='ltr'><strong>mandato</strong></span> 
     </span>
     <span class='ocr_line' id='line_1_27' title="bbox 270 3844 1695 3943; baseline 0.003 -24"><span class='ocrx_word' id='word_1_233' title='bbox 270 3847 348 3939; x_wconf 84' lang='lat' dir='ltr'><strong>ejus</strong></span> <span class='ocrx_word' id='word_1_234' title='bbox 363 3847 466 3942; x_wconf 78' lang='lat' dir='ltr'><strong>siguo</strong></span> <span class='ocrx_word' id='word_1_235' title='bbox 481 3847 597 3920; x_wconf 90' lang='lat' dir='ltr'><strong>crucis</strong></span> <span class='ocrx_word' id='word_1_236' title='bbox 616 3855 653 3919; x_wconf 92' lang='lat' dir='ltr'><strong>et</strong></span> <span class='ocrx_word' id='word_1_237' title='bbox 667 3848 797 3943; x_wconf 88' lang='lat' dir='ltr'><strong>paratis</strong></span> <span class='ocrx_word' id='word_1_238' title='bbox 813 3844 860 3943; x_wconf 86' lang='lat' dir='ltr'><strong>(e)</strong></span> <span class='ocrx_word' id='word_1_239' title='bbox 880 3845 1020 3920; x_wconf 88' lang='lat' dir='ltr'><strong>duobos</strong></span> <span class='ocrx_word' id='word_1_240' title='bbox 1041 3845 1181 3919; x_wconf 86' lang='lat' dir='ltr'><strong>vexillis</strong></span> <span class='ocrx_word' id='word_1_241' title='bbox 1197 3867 1277 3918; x_wconf 88' lang='lat' dir='ltr'><strong>cum</strong></span> <span class='ocrx_word' id='word_1_242' title='bbox 1295 3845 1456 3920; x_wconf 87' lang='lat' dir='ltr'><strong>crucibus</strong></span> <span class='ocrx_word' id='word_1_243' title='bbox 1477 3856 1513 3920; x_wconf 88' lang='lat' dir='ltr'><strong>et</strong></span> <span class='ocrx_word' id='word_1_244' title='bbox 1536 3849 1695 3923; x_wconf 87' lang='lat' dir='ltr'><strong>clavibus</strong></span> 
     </span>
     <span class='ocr_line' id='line_1_28' title="bbox 272 3969 1696 4070; baseline 0.004 -28"><span class='ocrx_word' id='word_1_245' title='bbox 272 3970 384 4062; x_wconf 86' lang='lat' dir='ltr'><strong>intus,</strong></span> <span class='ocrx_word' id='word_1_246' title='bbox 404 3972 502 4044; x_wconf 88' lang='lat' dir='ltr'><strong>venit</strong></span> <span class='ocrx_word' id='word_1_247' title='bbox 517 3969 567 4044; x_wconf 91' lang='lat' dir='ltr'><strong>ad</strong></span> <span class='ocrx_word' id='word_1_248' title='bbox 582 3970 741 4044; x_wconf 89' lang='lat' dir='ltr'><strong>Laudum</strong></span> <span class='ocrx_word' id='word_1_249' title='bbox 758 3971 908 4066; x_wconf 76' lang='lat' dir='ltr'><strong>Vegium</strong></span> <span class='ocrx_word' id='word_1_250' title='bbox 921 3981 956 4044; x_wconf 90' lang='lat' dir='ltr'><strong>et</strong></span> <span class='ocrx_word' id='word_1_251' title='bbox 976 3971 1026 4043; x_wconf 93' lang='lat' dir='ltr'><strong>ibi</strong></span> <span class='ocrx_word' id='word_1_252' title='bbox 1043 3992 1123 4045; x_wconf 92' lang='lat' dir='ltr'><strong>cum</strong></span> <span class='ocrx_word' id='word_1_253' title='bbox 1135 3970 1450 4044; x_wconf 87' lang='lat' dir='ltr'><strong>Mediolanensibus</strong></span> <span class='ocrx_word' id='word_1_254' title='bbox 1466 3993 1530 4044; x_wconf 88' lang='lat' dir='ltr'><strong>sna</strong></span> <span class='ocrx_word' id='word_1_255' title='bbox 1549 3980 1696 4070; x_wconf 92' lang='lat' dir='ltr'><strong>tempto·</strong></span> 
     </span>
     <span class='ocr_line' id='line_1_29' title="bbox 272 4093 1496 4190; baseline 0.002 -22"><span class='ocrx_word' id='word_1_256' title='bbox 272 4093 323 4168; x_wconf 82' lang='lat' dir='ltr'><strong>rIa</strong></span> <span class='ocrx_word' id='word_1_257' title='bbox 337 4093 457 4185; x_wconf 87' lang='lat' dir='ltr'><strong>linxit,</strong></span> <span class='ocrx_word' id='word_1_258' title='bbox 474 4095 686 4169; x_wconf 87' lang='lat' dir='ltr'><strong>destruendo</strong></span> <span class='ocrx_word' id='word_1_259' title='bbox 698 4103 811 4170; x_wconf 88' lang='lat' dir='ltr'><strong>turres</strong></span> <span class='ocrx_word' id='word_1_260' title='bbox 826 4095 1047 4170; x_wconf 83' lang='lat' dir='ltr'><strong>ecclesiarum</strong></span> <span class='ocrx_word' id='word_1_261' title='bbox 1066 4104 1100 4170; x_wconf 89' lang='lat' dir='ltr'><strong>et</strong></span> <span class='ocrx_word' id='word_1_262' title='bbox 1116 4103 1252 4190; x_wconf 74' lang='lat' dir='ltr'><strong>segetes</strong></span> <span class='ocrx_word' id='word_1_263' title='bbox 1268 4093 1496 4170; x_wconf 85' lang='lat' dir='ltr'><strong>devastando.</strong></span> 
     </span>
    </p>
   </div>
   <div class='ocr_carea' id='block_1_3' title="bbox 313 4310 799 4819">
    <p class='ocr_par' dir='ltr' id='par_1_5' title="bbox 313 4310 703 4390">
     <span class='ocr_line' id='line_1_30' title="bbox 313 4310 703 4390; baseline 0.015 -18"><span class='ocrx_word' id='word_1_264' title='bbox 313 4310 356 4390; x_wconf 84' lang='lat' dir='ltr'><strong>(a)</strong></span> <span class='ocrx_word' id='word_1_265' title='bbox 378 4314 415 4374; x_wconf 91' lang='lat' dir='ltr'><strong>In</strong></span> <span class='ocrx_word' id='word_1_266' title='bbox 428 4313 532 4374; x_wconf 84' lang='lat' dir='ltr'><strong>codice</strong></span> <span class='ocrx_word' id='word_1_267' title='bbox 545 4315 703 4378; x_wconf 78' lang='lat' dir='ltr'><strong>contineat</strong></span> 
     </span>
    </p>

    <p class='ocr_par' dir='ltr' id='par_1_6' title="bbox 313 4415 689 4496">
     <span class='ocr_line' id='line_1_31' title="bbox 313 4415 689 4496; baseline 0.013 -19"><span class='ocrx_word' id='word_1_268' title='bbox 313 4415 357 4496; x_wconf 84' lang='lat' dir='ltr'><strong>(d)</strong></span> <span class='ocrx_word' id='word_1_269' title='bbox 379 4419 418 4480; x_wconf 92' lang='lat' dir='ltr'><strong>In</strong></span> <span class='ocrx_word' id='word_1_270' title='bbox 430 4419 533 4481; x_wconf 80' lang='lat' dir='ltr'><strong>codlee</strong></span> <span class='ocrx_word' id='word_1_271' title='bbox 547 4427 689 4482; x_wconf 76' lang='lat' dir='ltr'><strong>metram.</strong></span> 
     </span>
    </p>

    <p class='ocr_par' dir='ltr' id='par_1_7' title="bbox 314 4521 730 4600">
     <span class='ocr_line' id='line_1_32' title="bbox 314 4521 730 4600; baseline 0.017 -19"><span class='ocrx_word' id='word_1_272' title='bbox 314 4521 354 4600; x_wconf 85' lang='lat' dir='ltr'><strong>(c)</strong></span> <span class='ocrx_word' id='word_1_273' title='bbox 380 4522 419 4583; x_wconf 92' lang='lat' dir='ltr'><strong>In</strong></span> <span class='ocrx_word' id='word_1_274' title='bbox 432 4525 534 4586; x_wconf 86' lang='lat' dir='ltr'><strong>codloe</strong></span> <span class='ocrx_word' id='word_1_275' title='bbox 545 4523 730 4588; x_wconf 72' lang='lat' dir='ltr'><strong>mudomtte.</strong></span> 
     </span>
    </p>

    <p class='ocr_par' dir='ltr' id='par_1_8' title="bbox 314 4626 799 4819">
     <span class='ocr_line' id='line_1_33' title="bbox 314 4626 799 4713; baseline 0.014 -23"><span class='ocrx_word' id='word_1_276' title='bbox 314 4626 360 4707; x_wconf 85' lang='lat' dir='ltr'><strong>(d)</strong></span> <span class='ocrx_word' id='word_1_277' title='bbox 381 4629 419 4690; x_wconf 94' lang='lat' dir='ltr'><strong>In</strong></span> <span class='ocrx_word' id='word_1_278' title='bbox 432 4631 534 4692; x_wconf 85' lang='lat' dir='ltr'><strong>oodloo</strong></span> <span class='ocrx_word' id='word_1_279' title='bbox 545 4633 669 4713; x_wconf 74' lang='lat' dir='ltr'><strong>comptis</strong></span> <span class='ocrx_word' id='word_1_280' title='bbox 680 4630 799 4696; x_wconf 54' lang='lat' dir='ltr'><strong>crubor.</strong></span> 
     </span>
     <span class='ocr_line' id='line_1_34' title="bbox 315 4732 660 4819; baseline 0.032 -26"><span class='ocrx_word' id='word_1_281' title='bbox 315 4732 354 4814; x_wconf 81' lang='lat' dir='ltr'><strong>(e)</strong></span> <span class='ocrx_word' id='word_1_282' title='bbox 376 4735 414 4795; x_wconf 88' lang='lat' dir='ltr'><strong>In</strong></span> <span class='ocrx_word' id='word_1_283' title='bbox 426 4736 660 4819; x_wconf 68' lang='lat' dir='ltr'><strong>commparato.</strong></span> 
     </span>
    </p>
   </div>
   <div class='ocr_carea' id='block_1_4' title="bbox 0 0 2306 6066">
    <p class='ocr_par' dir='ltr' id='par_1_9' title="bbox 0 0 2306 6066">
     <span class='ocr_line' id='line_1_35' title="bbox 0 0 2306 6066; baseline 0 0"><span class='ocrx_word' id='word_1_284' title='bbox 0 0 2306 6066; x_wconf 95' lang='lat' dir='ltr'><strong> </strong></span> 
     </span>
    </p>
   </div>
  </div>
 </body>
</html>
