4554 6080
566 629 627 692 256
1040 625 1279 688 CHRONIGON
1304 625 1355 686 bu
1379 625 1508 686 nesus

566 765 686 837 ninum
705 763 750 836 de
767 763 891 834 Latune
907 770 1111 857 potestatem
1124 761 1357 834 vercellarum
1373 770 1543 835 armatum
1559 760 1622 854 qui
1643 761 1763 834 venire
1780 761 1918 836 volebat
1932 762 1978 836 ad

566 909 759 976 rumorem;
776 895 810 959 et
828 894 992 982 ceperunt
1010 887 1121 982 ipsum
1140 885 1238 958 atilli
1256 885 1318 980 qui
1333 893 1500 979 ceperunt
1515 884 1630 979 ipsum
1645 882 1694 979 (a)
1712 882 1887 958 ducebant
1899 907 1978 958 enm

567 1022 665 1088 extra
682 1011 855 1084 civitatem
871 1032 932 1107 per
941 1009 1087 1084 eandem
1101 1019 1233 1106 portam
1251 1031 1322 1104 qua
1339 1009 1562 1100 intraverant,
1578 1009 1727 1082 etmulti
1745 1011 1978 1104 sequebantur

567 1157 627 1208 eos
650 1133 801 1208 volendo
828 1135 941 1229 ipsum
974 1133 1165 1207 interlicere
1193 1141 1227 1206 et
1249 1133 1363 1228 ipsum
1388 1141 1488 1204 extra
1518 1131 1693 1204 civitatem
1721 1131 1976 1206 interfecerunt.

568 1256 668 1331 Unde
692 1258 787 1330 cives
811 1257 904 1330 illius
929 1257 1079 1328 civitatis
1104 1255 1264 1330 videntes
1285 1256 1410 1328 milites
1434 1255 1495 1348 qui
1521 1255 1731 1328 intraverant
1752 1258 1897 1348 reverti,
1916 1281 1982 1352 pn·

569 1389 680 1453 tentes
698 1381 807 1452 eciam
829 1378 923 1474 qnod
947 1381 1124 1473 lugerent,
1146 1379 1315 1476 asumptis
1332 1378 1437 1452 armis
1457 1379 1679 1472 insequentes
1695 1379 1789 1475 ipsos
1807 1402 1918 1474 nsque
1935 1381 1982 1455 ad

568 1513 702 1600 portam
727 1504 877 1576 civitatis
896 1503 993 1576 unde
1008 1504 1220 1577 intraverant
1241 1513 1340 1576 extra
1356 1505 1555 1576 clauserunt
1574 1503 1685 1598 ipsos,
1702 1510 1738 1576 et
1755 1514 1921 1598 oeperunt
1934 1527 1979 1578 ex

569 1627 655 1722 ipsis
676 1627 991 1700 Mediolanensibus
1017 1627 1184 1700 forestulis
1207 1627 1287 1700 Xlll
1315 1635 1350 1700 et
1371 1627 1496 1700 multoe
1513 1624 1725 1698 occiderunt.
1749 1626 1878 1700 Milicia
1900 1649 1982 1700 vero

569 1751 675 1846 Papie
697 1773 766 1846 qne
791 1751 1002 1845 sequebatur
1026 1750 1073 1824 ad
1098 1751 1251 1854 savorem
1273 1772 1420 1845 quornm
1443 1751 1677 1841 intraverant,
1702 1751 1862 1824 nundum
1884 1773 1983 1826 aces-

569 1884 673 1948 serat.

619 1997 759 2071 Auditis
790 1999 836 2071 ab
866 1999 932 2070 illis
958 1996 1004 2072 de
1026 2000 1149 2072 Lmure
1170 2008 1205 2072 et
1228 2019 1249 2072 a
1273 1997 1590 2072 Mediolanensibus
1614 2020 1685 2091 que
1707 2009 1803 2092 gesta
1826 2010 1925 2072 erant
1948 2002 1983 2072 iu

572 2123 753 2213 Vercellis,
775 2122 971 2216 equitantes
986 2122 1069 2194 illuc
1093 2129 1300 2216 acceperunt
1318 2122 1394 2196 illos
1415 2123 1492 2194 Xlll
1515 2131 1632 2216 captos
1648 2130 1684 2195 et
1707 2122 1871 2195 ducentes
1893 2124 1985 2220 ipsos

574 2245 847 2318 Mediolanenses
873 2266 978 2340 super
1006 2245 1218 2339 sepulturam
1244 2242 1328 2316 dicti
1356 2245 1522 2338 Paganini
1545 2267 1666 2317 omnes
1691 2245 1906 2319 occiderunt.
1936 2247 1986 2319 llli

573 2369 706 2441 scilicet
722 2367 767 2440 de
785 2369 910 2440 Lature
930 2388 1010 2440 cum
1026 2389 1147 2440 eorum
1166 2367 1328 2439 manibus
1344 2366 1393 2463 (b)
1409 2376 1444 2439 et
1458 2367 1543 2440 alios
1558 2369 1648 2440 XLll
1666 2367 1790 2442 milites
1806 2379 1924 2464 captos
1940 2369 1987 2443 ad

574 2490 764 2586 Tapiagnm
780 2489 825 2561 de
841 2499 939 2585 parte
955 2491 1212 2585 capitaneorum
1225 2489 1444 2563 bannitornm
1458 2489 1644 2564 Mediolani
1658 2513 1747 2584 quos
1760 2491 1935 2564 habebant
1950 2495 1987 2565 in

575 2615 769 2686 carceribus
789 2613 835 2686 ad
848 2613 1018 2704 Trinium,
1043 2612 1147 2684 simili
1168 2611 1273 2684 modo
1288 2611 1503 2685 occiderunt.

645 2733 652 2834 Ι
674 2739 805 2810 Interea
820 2757 935 2808 comes
947 2735 1129 2808 Provincia
1142 2744 1325 2808 coronatus
1341 2736 1386 2808 de
1400 2757 1527 2834 corona
1541 2739 1639 2832 regni
1654 2739 1790 2811 Scicilie
1803 2762 1866 2835 per
1879 2739 1989 2813 domi·

576 2883 662 2933 num
675 2861 885 2933 Clementem
896 2880 1020 2954 papam
1035 2859 1097 2953 qui
1109 2881 1199 2954 pape
1211 2859 1348 2932 Urbano
1360 2868 1586 2950 successerat,
1600 2861 1796 2935 coadunata
1809 2885 1874 2936 sua
1888 2872 1990 2957 geum

578 2985 614 3056 in
632 2983 719 3056 urbe
737 2983 865 3072 Rome,
891 2982 1048 3054 transivit
1070 3003 1131 3076 per
1153 2991 1293 3077 pontem
1312 2983 1358 3056 de
1374 2982 1574 3079 Ceperanno
1593 2985 1669 3059 sine
1686 2985 1794 3081 prelio
1816 2994 1851 3058 et
1869 2986 1991 3059 habuit

578 3108 741 3179 Sanctum
757 3109 967 3179 Germanum
985 3106 1048 3178 nbi
1064 3127 1186 3200 parum
1205 3107 1334 3178 bellum
1352 3107 1418 3178 luit
1435 3116 1470 3180 et
1489 3107 1687 3181 comitatum
1704 3110 1863 3181 Bonabie
1876 3109 1933 3204 (a),
1959 3121 1994 3182 et

580 3233 701 3305 civitas
717 3235 847 3328 Gayeta
866 3240 901 3304 et
918 3231 1078 3326 Neapolis
1102 3252 1141 3304 se
1165 3231 1241 3304 siue
1266 3231 1357 3304 bello
1376 3228 1592 3304 tradiderunt
1608 3229 1738 3304 comiti.
1756 3231 1878 3303 Fertur
1901 3233 1992 3304 euim

580 3355 677 3450 qnod
703 3355 796 3428 idem
825 3375 943 3429 comes
958 3353 1110 3428 babebat
1134 3355 1171 3425 in
1191 3376 1255 3426 sua
1279 3355 1442 3427 comitiva
1459 3353 1491 3424 X
1508 3355 1602 3426 milia
1627 3355 1752 3428 milites
1777 3365 1811 3427 et
1833 3377 1994 3450 maguam

580 3480 838 3553 multitudinem
857 3479 1015 3575 peditum
1031 3479 1121 3552 male
1139 3489 1251 3552 tamen
1271 3487 1490 3552 armatorum.
1510 3479 1586 3552 Rex
1606 3499 1690 3551 vero
1708 3479 1907 3553 Manlredns
1924 3493 1998 3556 erat

582 3604 677 3700 apud
689 3603 842 3699 Capuam
860 3625 939 3676 cum
953 3611 1102 3696 quatuor
1117 3602 1270 3676 millibus
1283 3602 1464 3690 militibus,
1480 3601 1563 3696 quia
1582 3623 1668 3696 gans
1692 3623 1757 3674 sna
1774 3611 1809 3674 et
1822 3603 1997 3698 principes

582 3729 638 3800 sni
657 3727 817 3799 nundum
844 3737 1061 3818 acceseraut3
1089 3735 1124 3799 et
1148 3725 1258 3798 exivit
1280 3747 1343 3798 rex
1367 3725 1568 3798 Manlredns
1594 3722 1734 3796 obviam
1764 3727 1881 3798 comiti
1908 3726 1998 3798 Pro-

582 3852 698 3924 vincie
709 3851 744 3922 in
759 3851 916 3945 partibus
925 3849 1125 3939 Beneventi,
1136 3857 1171 3922 et
1184 3849 1293 3945 prelio
1307 3849 1443 3943 incepto
1456 3849 1628 3922 confracta
1643 3858 1696 3920 est
1706 3871 1792 3942 gens
1804 3849 1998 3940 regisMan·

585 3973 674 4046 fredi
696 3983 731 4045 et
754 3974 842 4066 fugit
865 3994 928 4068 per
954 3994 1133 4068 campum;
1158 3972 1272 4044 dictus
1292 3993 1356 4044 rex
1382 3969 1582 4045 Manlredns
1606 3973 1806 4044 interiectus
1827 3981 1880 4045 est
1897 3971 1946 4044 ibi
1963 3979 1999 4044 at

584 4097 684 4168 multi
702 4097 827 4168 milites
846 4118 925 4168 cum
940 4115 982 4168 eo
1002 4105 1036 4168 et
1059 4097 1232 4169 Saraceni.
1262 4097 1385 4170 Comes
1402 4097 1496 4170 enim
1523 4097 1659 4170 Caserto
1682 4107 1718 4170 et
1743 4118 1861 4170 comes
1884 4095 2000 4170 Acoe-

585 4241 700 4292 rarum
728 4219 893 4292 dicuntur
913 4220 1019 4292 luisse
1043 4219 1254 4315 prodictores
1277 4221 1369 4315 regis
1390 4219 1559 4294 Manlredi
1574 4221 1812 4316 relinquentes
1834 4221 1947 4316 ipsum
1962 4220 2000 4292 in

586 4365 728 4440 campo,
748 4353 782 4416 et
799 4343 863 4414 luit
880 4343 1010 4416 bellum
1026 4343 1121 4418 istud
1136 4343 1195 4418 die
1212 4344 1349 4416 veneris
1365 4345 1476 4439 primo
1490 4344 1617 4417 mensis
1630 4345 1760 4418 marcii.

629 4519 672 4600 (a)
693 4521 794 4581 Hicin
806 4519 907 4581 codice
920 4521 1018 4597 lnepte
1033 4521 1175 4597 repetltur
1185 4525 1214 4582 et
1226 4517 1272 4581 itti
1283 4521 1334 4602 pul
1346 4528 1483 4601 ceperunt
1495 4523 1601 4602 ipram
1730 4599 1776 4621 Η

629 4625 671 4705 (b)
692 4626 788 4688 Iocm
801 4633 836 4687 nt
849 4627 966 4688 vldetnr
979 4627 1112 4688 mutilus.

631 4733 667 4812 (c)
694 4733 895 4794 Vedslmilltcr
908 4733 1065 4812 legendum
1085 4731 1229 4813 Venafric.
