4534 6074
813 615 854 676 IN
878 613 1017 676 tretia
1042 611 1194 674 eusrts
1650 597 1709 662 139

344 749 785 838 M.C.LXXXV11,meuse
798 749 963 841 octubris,
977 747 1151 844 predictus
1163 767 1228 818 rex
1241 744 1277 816 in
1290 738 1530 814 Lombardium
1548 756 1709 810 reversus

295 885 423 957 magno
439 873 595 937 exercitu
612 871 771 960 undiquc
796 873 939 946 collecto
956 892 1061 966 super
1077 880 1184 942 terres
1208 865 1343 940 comitis
1358 861 1496 936 Savoiie
1510 861 1561 954 (a)
1582 877 1711 954 prope·

296 987 388 1062 ravit
399 996 434 1058 et
447 987 627 1060 castellum
645 987 743 1082 quod
755 987 882 1062 dieitur
898 989 1072 1060 vitianum
1091 992 1181 1082 oepit
1196 1002 1232 1062 et
1250 987 1434 1062 destruxit.

347 1109 432 1182 Item
459 1122 552 1203 perte
580 1111 791 1204 imperatorie
817 1110 997 1184 Fredcrtci.
1021 1111 1068 1184 M.
1092 1111 1130 1182 C.
1164 1109 1400 1196 Lxxxvtlll,
1426 1108 1462 1177 in
1488 1109 1575 1177 testo
1605 1103 1713 1176 sancti

300 1235 457 1330 Georgii,
482 1233 614 1308 levavit
631 1234 745 1309 dictus
766 1235 954 1330 imperator
974 1235 1113 1328 signum
1137 1231 1266 1323 crucis,
1282 1241 1316 1302 et
1330 1229 1441 1302 exivit
1463 1227 1509 1302 de
1535 1225 1715 1298 alemania

299 1369 335 1432 et
351 1359 494 1434 intravit
507 1357 705 1452 Ungeriam.
727 1359 778 1431 lbi
801 1359 908 1431 fertur
929 1379 1010 1430 eum
1033 1357 1196 1430 habuisse
1222 1354 1412 1450 nonaginta
1437 1353 1544 1424 millia
1567 1350 1716 1422 militnm

300 1493 522 1556 armatorum.
547 1483 622 1558 Rex
646 1503 731 1556 vero
752 1481 902 1576 Ungarie
926 1479 1115 1555 honorifice
1138 1479 1269 1575 recepit
1292 1501 1372 1552 eum
1398 1487 1433 1549 et
1449 1473 1610 1571 pacifice,
1626 1484 1661 1546 et
1679 1473 1716 1544 in

302 1628 387 1700 pace
400 1629 462 1702 per
475 1615 581 1680 totam
598 1607 785 1701 Ungariam
802 1605 978 1696 transivit;
996 1605 1135 1678 miserat
1149 1607 1239 1677 enim
1254 1604 1439 1700 imperator
1452 1599 1655 1674 Fredericus
1671 1597 1717 1670 ad

300 1733 482 1804 Jursacum
511 1731 926 1827 Constantinopolitanum
952 1731 1191 1825 imperatorem
1221 1727 1368 1800 nuncios
1395 1737 1434 1798 ut
1464 1747 1544 1800 eum
1571 1723 1607 1794 in
1632 1743 1719 1817 paee

301 1855 480 1948 reciperet.
509 1855 586 1949 lpse
609 1875 693 1928 vero
720 1853 814 1949 ipsos
845 1853 990 1925 nuncios
1019 1852 1167 1927 detinuit
1190 1863 1225 1925 et
1252 1843 1451 1946 preparavit
1478 1857 1549 1922 tres
1575 1869 1719 1941 magnos

302 1977 477 2050 exercitus
500 1976 664 2071 misitque
685 1997 745 2049 eos
771 1987 891 2050 contra
909 1976 1053 2050 eumad
1071 1975 1247 2048 introitum
1272 1973 1436 2070 Burgerie
1465 1982 1506 2046 ut
1526 1972 1720 2046 detinerent

302 2123 383 2174 eum
400 2110 436 2174 et
451 2101 658 2197 dissiparent
675 2101 768 2174 viam
785 2111 867 2174 ante
882 2122 977 2174 eum.
994 2102 1054 2173 Est
1071 2102 1163 2173 enim
1183 2101 1232 2172 ibi
1250 2101 1442 2172 maximum
1459 2117 1585 2172 nemus
1597 2096 1720 2168 itinere

304 2223 438 2298 dierum
457 2235 606 2321 quatuor
618 2235 654 2297 et
668 2225 725 2298 via
736 2225 919 2299 artissima.
941 2225 1061 2298 Preses
1073 2245 1157 2298 vero
1173 2224 1338 2318 Burgarie
1354 2245 1432 2297 eum
1446 2222 1581 2296 videret
1598 2241 1636 2294 se
1650 2241 1718 2292 non

305 2371 405 2444 posse
424 2349 621 2444 imperatori
636 2349 812 2437 resistere,
835 2371 916 2420 cum
933 2349 1013 2420 totis
1027 2349 1237 2420 exercitibus
1253 2357 1358 2420 totam
1374 2345 1465 2419 viam
1484 2345 1669 2440 dissipavit
1685 2354 1721 2418 et

305 2487 446 2539 nemora
456 2476 574 2539 contra
588 2467 794 2539 construxit.
814 2469 852 2540 ln
866 2471 962 2541 exitu
976 2491 1061 2544 vero
1074 2471 1225 2543 nemoris
1233 2468 1324 2543 idern
1338 2489 1455 2564 preses
1468 2489 1627 2562 magnam
1643 2491 1721 2540 mu-

305 2589 471 2662 nitionem
484 2589 608 2662 iecitet
628 2589 635 2684 Ι
657 2613 736 2662 cnm
752 2591 957 2686 imperatore
970 2593 1151 2666 Frederico
1173 2615 1252 2666 eum
1274 2593 1485 2666 exercitibus
1500 2593 1573 2665 suis
1588 2591 1633 2666 ed
1654 2615 1720 2688 pu·
1754 2587 1916 2632 ΝΛΜ·

304 2713 485 2804 gnandum
501 2735 540 2786 se
555 2715 764 2810 preparavit.
778 2715 966 2812 Imperator
979 2728 1095 2790 autern
1107 2740 1169 2812 per
1184 2739 1308 2790 nemus
1323 2719 1476 2790 maximo
1491 2717 1609 2790 labore
1627 2717 1721 2791 viam

305 2837 1110 2915 secit.1tnxverosnavianonineFredericns
1128 2841 1274 2937 predicti
1295 2841 1507 2937 imperatoris
1531 2839 1623 2912 fitius
1642 2863 1722 2912 cnm

304 2981 370 3034 suo
381 2959 537 3033 exercitu
546 2961 764 3056 precedebat,
774 2964 835 3060 qui
848 2987 928 3037 cum
940 2964 1129 3039 invenisset
1143 2965 1469 3056 munitionem,cum
1478 2964 1635 3038 exercitu
1648 2985 1724 3060 pre·

303 3083 391 3158 sidio
412 3085 579 3180 Bnrgarie
597 3087 768 3181 pugnavit
782 3097 817 3160 et
829 3109 993 3182 magnam
1007 3089 1262 3163 multitudinem
1283 3089 1418 3162 iliorum
1434 3088 1603 3164 interiecit
1618 3099 1723 3185 atque

303 3207 532 3282 munitionem
547 3207 731 3280 destruxit.
745 3209 917 3283 Transivit
932 3212 979 3307 (b)
991 3227 1107 3286 autem
1123 3215 1298 3286 Romanus
1316 3213 1500 3308 imperator
1515 3221 1550 3286 et
1567 3214 1661 3285 venit
1675 3214 1721 3287 ad

304 3331 478 3405 civitatem
505 3351 575 3426 que
598 3331 727 3405 dicitur
743 3333 885 3430 Philipis
904 3344 938 3408 et
960 3357 1038 3408 eom
1056 3337 1274 3432 oppugnavit
1301 3347 1431 3409 etcum
1451 3337 1569 3410 multis
1591 3337 1723 3412 divitiis

305 3457 395 3552 cepit
411 3456 530 3551 ibique
545 3453 731 3530 duodecim
749 3455 962 3532 ebdomadas
978 3461 1180 3555 permansit.
1199 3461 1384 3554 Postquam
1400 3469 1515 3532 cutem
1532 3459 1724 3535 Constanti·

305 3581 525 3675 nopoiitanus
547 3579 734 3674 imperator
751 3580 888 3655 audivit
902 3583 997 3677 quod
1015 3583 1159 3677 Philipis
1177 3593 1277 3677 capta
1295 3591 1403 3666 esset,
1424 3584 1571 3657 nuncios
1591 3585 1723 3658 Cesaris

305 3702 435 3776 dimisit
453 3713 488 3776 et
504 3703 704 3777 verberatus
720 3702 765 3798 (c)
782 3703 818 3774 in
833 3703 928 3777 bunc
938 3704 988 3802 (d)
1004 3707 1147 3779 modum
1164 3706 1367 3780 mandavit:
1386 3732 1403 3775 o
1419 3709 1560 3782 Mandat
1574 3707 1620 3806 (e)
1637 3709 1717 3798 tibi,

304 3827 482 3900 Romanne
497 3827 695 3923 imperator,
710 3828 875 3902 Jursaeue
889 3826 936 3924 (s)
949 3851 987 3904 se
1002 3851 1079 3903 esee
1093 3832 1182 3904 bene
1195 3852 1318 3904 sanum
1334 3830 1395 3928 (9).
1414 3857 1432 3902 o
1449 3831 1719 3908 Audivitautem

348 4083 391 4162 (a)
412 4083 460 4146 Sic
473 4101 527 4162 pro
539 4083 697 4148 emmae.

348 4188 389 4263 (b)
410 4191 446 4250 ln
459 4191 560 4250 codiee
575 4192 690 4251 ornat.

346 4288 386 4368 (c)
411 4290 447 4348 ln
460 4291 562 4351 codtee
579 4290 927 4374 numulariorum
941 4311 990 4376 up.
1006 4299 1149 4361 Muratort
1161 4307 1240 4363 recte
1254 4299 1351 4366 oeta.

346 4390 448 4473 (d),1n
462 4397 562 4457 codiee
574 4397 608 4456 ic
619 4394 682 4460 dcc.

347 4498 387 4577 (ι)
413 4500 449 4558 ln
461 4501 561 4560 oodtce
573 4501 692 4564 maudo.

347 4603 394 4686 (s)
410 4606 446 4666 In
458 4606 560 4667 codice
572 4607 721 4672 darm.

347 4709 390 4793 (p)
411 4713 448 4773 ln
460 4711 562 4774 codtee
578 4729 678 4778 noua.
