4594 6066
603 663 662 728 198
1073 661 1313 725 cflnontcoot
1335 663 1389 724 DE
1412 663 1540 726 annos

601 807 755 873 nostrum
778 797 999 872 Guilliemum
1021 799 1162 872 basilice
1187 797 1371 872 duodecim
1397 797 1638 896 Apostolorum
1667 798 1908 896 presbyterum
1935 820 2013 871 car-

554 899 560 914 ·
601 921 765 1014 dinalem,
781 931 865 994 tunc
880 923 1041 996 abbatem
1056 922 1172 996 Sancti
1184 921 1339 995 Facundi
1350 919 1414 1017 (c),
1425 921 1487 1017 qui
1504 921 1650 996 salutem
1666 922 1877 996 collabantur
1891 922 2011 1018 ipsius,

600 1043 769 1119 duximus
799 1043 1043 1136 destinandos;
1072 1047 1235 1120 facientes
1260 1045 1325 1118 sibi
1353 1046 1500 1142 proponi
1526 1065 1587 1142 per
1615 1045 1729 1142 ipsos,
1760 1043 1858 1140 quod
1887 1066 1951 1119 uos
1981 1054 2017 1119 et

600 1167 722 1242 lratres
738 1168 845 1242 nostri
866 1177 1035 1264 quantum
1053 1170 1089 1242 in
1109 1171 1211 1242 nobis
1225 1177 1299 1242 crat
1317 1190 1439 1264 paoem
1459 1190 1522 1265 per
1540 1169 1657 1242 omnia
1672 1189 1790 1242 secum
1808 1168 1937 1242 habere
1953 1189 2018 1242 nec

601 1312 670 1364 non
700 1313 779 1364 cum
808 1291 971 1366 omuibus
994 1293 1196 1366 hominibus
1218 1291 1441 1388 optabamus,
1463 1293 1574 1388 parati
1603 1313 1740 1389 semper
1764 1314 1886 1390 pacem
1908 1287 2016 1390 [sibi]

601 1425 636 1488 et
658 1415 940 1510 tranquillitatem
964 1416 1049 1491 dare
1066 1438 1107 1490 ac
1133 1414 1266 1490 mundo
1288 1417 1394 1490 etiam
1417 1415 1595 1490 universo.
1620 1417 1662 1490 Et
1681 1417 1765 1513 quia
1789 1418 2016 1514 prelatorum,

603 1538 805 1612 clericorum
828 1540 1054 1636 omniumque
1068 1540 1214 1613 aliorum
1230 1560 1319 1634 quos
1332 1538 1511 1614 detinebat
1528 1540 1684 1638 captivos
1705 1551 1740 1616 et
1752 1542 1908 1615 omnium
1921 1539 2018 1642 [tam]

604 1662 803 1735 clericorum
825 1683 930 1758 quam
950 1663 1126 1759 laycorum
1144 1683 1234 1758 quos
1254 1671 1396 1759 ceperat
1413 1663 1449 1734 in
1467 1663 1577 1759 galeis
1598 1663 1775 1738 restitucio
1794 1663 1927 1760 pota-'rat
1945 1687 2020 1739 csso

603 1787 698 1881 pacis
717 1787 905 1882 plurimum
929 1785 1128 1879 inductiva,
1152 1808 1233 1860 eum
1250 1795 1290 1859 nt
1316 1786 1392 1860 illos
1410 1787 1619 1878 restituerat,
1640 1809 1720 1860 cum
1742 1787 1809 1860 hoc
1831 1786 1927 1861 idem
1951 1797 2019 1861 tarn

605 1909 681 2004 ipse
696 1929 801 2004 quam
820 1909 875 1981 sui
889 1909 1006 1982 nuncii
1023 1919 1210 2003 antequam
1227 1907 1274 1983 ad
1290 1907 1534 2003 apostolicatus
1552 1907 1666 1981 vocati
1685 1927 1840 1980 essemus
1859 1905 2018 2000 offitium,

606 2031 860 2128 promisissent,
885 2033 1000 2126 rogari
1017 2041 1051 2105 et
1069 2033 1140 2128 peti
1158 2033 1203 2105 ab
1225 2033 1301 2130 ipso
1317 2032 1462 2105 lecimus
1476 2052 1539 2130 per
1553 2030 1717 2123 eosdem,
1734 2052 1776 2105 ac
1798 2031 1945 2128 proponi
1965 2029 2019 2104 in·

606 2177 711 2251 super
729 2153 826 2252 quod
848 2153 955 2228 iidem
982 2178 1045 2250 pro
1072 2156 1173 2229 nobis
1195 2156 1308 2252 parati
1335 2166 1432 2230 orant
1453 2155 1578 2230 andus
1603 2165 1639 2229 et
1664 2164 1810 2230 tractare
1835 2175 1958 2251 pacem
1981 2176 2022 2228 ac

606 2280 710 2352 etiam
725 2279 848 2354 audire
863 2279 1132 2352 satisfactionem
1145 2301 1250 2374 quam
1274 2281 1388 2354 lacere
1411 2281 1514 2356 vellet
1537 2279 1698 2376 princeps
1713 2277 1758 2353 de
1779 2279 1943 2352 omnibus
1961 2299 2024 2374 pro

607 2402 734 2496 quibus
765 2401 907 2474 vinculo
935 2403 1305 2476 excommunicationis
1334 2414 1407 2478 erat
1442 2403 1624 2492 astrictus,
1656 2411 1692 2476 ot
1726 2399 1841 2476 offerri
1871 2413 2024 2497 praterea

608 2524 751 2621 quodsi
772 2525 925 2598 Ecclesia
948 2545 1029 2598 eum
1048 2525 1084 2597 in
1100 2527 1219 2621 aliquo
1237 2537 1356 2600 contra
1377 2526 1534 2600 debitum
1559 2527 1703 2618 leserat,
1729 2525 1826 2621 quod
1851 2545 1922 2598 non
1946 2547 2025 2598 cro·

609 2647 731 2735 debat,
751 2657 871 2743 parata
896 2645 946 2744 (b)
967 2657 1041 2721 erat
1065 2649 1234 2742 corrigere
1260 2669 1302 2722 ac
1320 2649 1355 2720 in
1378 2657 1505 2720 statum
1531 2647 1689 2720 debitum
1712 2647 1911 2720 reformare.
1931 2647 1973 2718 Et
1995 2647 2026 2718 si

611 2772 739 2845 diceret
764 2771 838 2866 ipsc
862 2770 958 2866 quod
983 2772 1020 2843 in
1043 2772 1139 2845 nullo
1161 2781 1278 2844 contra
1297 2771 1467 2865 justitiam
1495 2771 1619 2844 leserat
1636 2769 1826 2842 Ecclesiam
1852 2769 1910 2843 vel
1931 2767 2027 2865 quod

610 2919 674 2970 nos
699 2917 780 2968 eum
799 2905 917 2970 contra
935 2897 1110 2990 justiciam
1131 2897 1346 2989 lesissemus,
1372 2895 1485 2993 parati
1500 2917 1638 2969 eramus
1658 2915 1783 2968 vocare
1805 2915 1922 2989 reges,
1949 2917 2028 2992 pre-

613 3021 699 3094 latos
723 3029 758 3092 et
781 3019 951 3115 principes
978 3029 1048 3092 tam
1072 3019 1322 3094 ecclesiasticos
1347 3040 1453 3116 quam
1473 3019 1647 3093 seculares
1676 3016 1722 3092 ad
1741 3017 1892 3113 aliquem
1916 3027 2028 3091 tutum

613 3145 727 3218 locum
746 3143 805 3214 ubi
833 3163 894 3238 per
909 3163 947 3216 sa
970 3143 1028 3216 val
1052 3143 1258 3240 sollempnes
1282 3142 1428 3216 nuncios
1446 3143 1683 3217 convenirent.
1711 3141 1863 3236 Eratque
1884 3139 1891 3240 Ι
1912 3153 2029 3238 parata

612 3267 766 3342 Ecclesia
788 3265 834 3340 de
853 3266 1016 3340 conscilio
1040 3267 1176 3341 concilii
1199 3267 1396 3342 satisfacere
1414 3267 1444 3340 si
1461 3289 1541 3340 eum
1558 3267 1691 3340 lesisset
1712 3267 1750 3339 in
1773 3267 1891 3362 aliquo
1907 3289 1949 3341 ac
1973 3289 2029 3341 re·

614 3414 739 3466 vocare
767 3391 979 3464 sentenciam
1006 3391 1034 3464 si
1063 3414 1169 3487 quam
1193 3401 1310 3467 contra
1336 3415 1418 3467 eum
1444 3392 1570 3487 injuste
1593 3391 1744 3484 tulisset,
1770 3401 1908 3465 etcum
1935 3393 2029 3465 omni

615 3513 882 3590 mansuetudine
909 3537 951 3588 ac
976 3515 1234 3607 misericordia,
1259 3517 1627 3611 quantumcaneo
1650 3514 1838 3588 ethonore
1864 3536 1929 3590 suo
1957 3515 2030 3588 lieri

616 3648 768 3734 poterat,
788 3638 941 3734 recipcre
961 3637 1007 3712 de
1030 3639 1167 3731 injuriis
1185 3647 1220 3711 et
1237 3639 1378 3713 offensis
1395 3637 1461 3736 ipsi
1480 3635 1525 3734 (c)
1540 3638 1685 3712 ecclesie
1705 3637 1848 3734 suisque
1870 3661 1932 3736 per
1951 3661 2030 3712 eum

616 3761 774 3856 irrogatis
801 3760 1067 3834 satisfactionem
1099 3761 1258 3858 abipso.
1284 3761 1431 3836 Volebat
1454 3763 1559 3836 ctiam
1578 3761 1730 3835 Ecclesia
1758 3781 1880 3836 omnes
1904 3761 2032 3836 amicos

617 3907 699 3959 suos
722 3886 861 3980 sibique
878 3883 1083 3958 adherentes
1100 3885 1136 3958 in
1153 3907 1240 3982 pace
1256 3905 1384 3983 ponere
1407 3887 1580 3981 plenaque
1604 3884 1787 3958 secumtate
1807 3883 1977 3981 gaudere,
1995 3895 2035 3956 ut

619 4031 798 4104 nunquam
824 4007 889 4082 hac
920 4007 1103 4082 occasione
1133 4017 1272 4103 possent
1303 4005 1447 4103 aliquod
1477 4008 1594 4082 subire
1623 4007 1823 4082 discrimen.
1856 4007 1926 4082 Sed
1954 4009 2034 4081 licet

619 4133 670 4205 sic
690 4131 787 4228 apud
811 4153 892 4206 eum
917 4153 981 4228 pro
1008 4151 1095 4227 paco
1120 4131 1270 4228 paternis
1292 4131 1408 4205 modis
1432 4140 1467 4205 et
1490 4153 1634 4226 precum
1656 4131 1814 4206 insistere
1835 4132 2035 4206 curavimus

620 4257 778 4349 lenitam,
805 4255 897 4330 idem
922 4265 1035 4329 tamen
1058 4253 1245 4329 Pharaonis
1273 4255 1461 4328 immitatus
1490 4253 1660 4328 duriciam
1688 4263 1724 4328 et
1750 4255 1916 4329 obturans
1941 4275 2037 4330 more

621 4379 752 4475 aspidis
777 4401 878 4453 aures
900 4401 1002 4472 suas,
1031 4373 1261 4478 hujus[modi]
1279 4399 1400 4474 preces
1419 4389 1453 4452 et
1477 4378 1608 4452 monita
1632 4378 1721 4453 elata
1743 4377 1973 4454 obstinatione
1994 4399 2037 4452 ac

664 4554 706 4634 (a)
727 4557 764 4616 Iu
778 4555 878 4617 codice
891 4555 995 4617 Sancti
1006 4553 1143 4617 Sacarudi.

665 4659 704 4740 (b)
726 4663 761 4723 lu
775 4661 874 4722 codlce
883 4668 1015 4742 peracta

666 4768 703 4847 (c)
729 4769 763 4828 ln
778 4768 878 4829 codlce
891 4768 932 4828 tbt
946 4774 974 4828 ct
989 4767 1133 4830 abundet.
