4554 6080
773 669 816 730 ΙΝ
840 669 981 730 lTllLlll
1005 666 1156 729 GESTlS.
1619 667 1680 730 311

253 809 288 874 ct
305 810 421 896 portas
437 799 587 872 civitatis
613 799 745 896 optime
770 800 970 872 munierunt
990 808 1024 872 et
1050 799 1227 872 civitatem
1244 795 1488 870 deffenderunt
1511 819 1592 870 cum
1616 798 1680 872 do·

254 925 349 998 mino
361 923 483 997 Bossio
499 922 546 998 de
558 923 708 997 Dovaria
725 933 876 1019 algente
894 945 957 996 sua
970 923 1032 1018 qui
1049 923 1099 994 ibi
1112 930 1198 996 erat.
1215 923 1293 1007 Quo
1305 922 1425 996 audito
1439 943 1500 1018 per
1513 923 1683 1028 Mediola7

255 1059 401 1141 nenses,
420 1047 569 1121 mverssi
587 1056 669 1118 sunt
681 1067 803 1122 omnes
821 1047 868 1121 ad
882 1049 1022 1144 propria
1036 1047 1143 1118 nichil
1160 1047 1210 1118 ibi
1223 1048 1408 1120 lucrantes.

303 1169 439 1244 Eodem
455 1180 613 1267 tempora
631 1171 736 1244 irater
751 1171 926 1265 Tagionus
944 1169 990 1244 de
1010 1169 1189 1244 Mansrvio
1204 1171 1405 1265 capitaneus
1422 1170 1531 1266 partis
1546 1172 1682 1245 extrin-

256 1315 335 1368 sece
348 1293 394 1368 de
406 1295 540 1387 Brixia,
560 1313 631 1390 que
645 1315 725 1392 pars
740 1295 841 1390 quasi
856 1303 964 1368 totum
978 1295 1217 1392 episcopatum
1232 1294 1350 1366 Brixis
1363 1303 1458 1367 tenet
1473 1303 1591 1368 contra
1606 1295 1683 1368 illos

257 1417 302 1492 de
323 1419 463 1492 civitate
488 1427 523 1491 et
538 1418 794 1493 Vallcamonica
814 1428 850 1491 ct
867 1429 980 1492 cetera
999 1419 1075 1492 loca
1093 1418 1250 1516 exceptis
1273 1428 1423 1512 quatuor
1443 1419 1500 1492 vel
1526 1421 1684 1515 quinque

258 1543 464 1636 castrisque
480 1542 531 1614 illi
547 1541 746 1616 decivitate
764 1551 899 1634 tenent,
920 1543 968 1614 illi
985 1564 1069 1616 vero
1094 1542 1138 1616 de
1155 1543 1296 1615 civitate
1310 1541 1381 1616 dati
1395 1551 1478 1614 sunt
1495 1552 1530 1616 ot
1547 1564 1686 1616 recom-

257 1664 413 1739 mendati
432 1665 574 1738 domino
596 1666 670 1760 regi
688 1667 837 1759 Karulo,
860 1667 910 1738 illi
926 1689 1012 1741 vcro
1031 1667 1093 1762 qui
1111 1673 1192 1738 sunt
1203 1675 1302 1738 extra
1320 1665 1393 1738 dati
1405 1674 1487 1738 sunt
1503 1675 1537 1738 et
1551 1687 1685 1738 recom-

262 1789 418 1863 mendati
429 1789 612 1863 Francisco
631 1789 676 1864 de
689 1793 781 1864 Ture
797 1792 859 1886 qui
876 1813 936 1864 cos
948 1789 1116 1864 deffendit
1133 1800 1167 1864 et
1183 1790 1272 1884 regit
1286 1810 1350 1886 pro
1367 1811 1431 1862 suo
1449 1811 1569 1884 posse,
1591 1797 1686 1862 trac-

258 1922 369 1987 tatum
397 1913 549 1987 habebat
578 1933 659 1988 oum
685 1915 860 2009 aliquibus
888 1914 934 1989 de
957 1915 1095 1988 civitate
1118 1923 1155 1988 ct
1181 1914 1345 1987 credebat
1370 1911 1513 1985 firmiter
1544 1913 1684 2008 ingredi

258 2059 339 2112 oum
358 2047 429 2112 lota
447 2047 546 2135 parte
561 2059 625 2111 sua
645 2039 682 2110 in
704 2039 893 2112 civitatem.
914 2039 967 2110 llli
988 2059 1071 2112 vero
1091 2037 1289 2112 decivitate
1308 2038 1506 2111 dubitantes
1520 2040 1685 2111 continuo

259 2171 427 2259 ceperunt
440 2163 615 2260 Philipum
634 2163 680 2236 de
694 2163 876 2258 Ugonibus
891 2171 926 2236 et
945 2163 1031 2236 alios
1046 2163 1165 2258 plures
1181 2183 1295 2258 usquc
1320 2162 1357 2234 in
1379 2163 1406 2233 L
1430 2160 1475 2234 de
1495 2161 1686 2254 majoribus

260 2287 411 2361 civitatis
425 2309 516 2383 quos
533 2288 648 2360 statim
666 2288 703 2360 in
715 2285 839 2360 Albam
859 2287 895 2359 in
913 2289 1056 2362 forciam
1070 2288 1162 2383 regis
1177 2287 1295 2361 Kuroli
1314 2297 1503 2359 carceratos
1518 2286 1686 2358 transmi-

260 2421 400 2504 serunt,
421 2411 519 2508 quod
533 2421 585 2486 est
599 2411 733 2507 grande
750 2411 895 2508 nephas.
912 2411 1044 2485 Eodem
1062 2421 1219 2508 tempore
1235 2411 1373 2508 incepta
1387 2420 1439 2484 cst
1456 2433 1579 2504 guerra
1596 2411 1684 2482 inter

260 2555 449 2609 commune
470 2535 575 2631 Papia
600 2543 636 2608 et
659 2555 844 2608 commune
870 2534 1055 2608 Mediolani
1079 2545 1260 2632 propterea
1284 2533 1383 2630 quod
1409 2535 1685 2608 Mediolanenses

260 2659 429 2732 miserunt
454 2657 501 2732 ad
519 2659 760 2753 Basegnanam
776 2659 812 2730 in
832 2659 1019 2732 servicium
1038 2659 1187 2731 militum
1205 2658 1311 2754 Papio
1330 2658 1391 2752 qui
1414 2659 1598 2731 Fallabrini
1623 2657 1687 2732 di-

260 2792 388 2856 cuntur
418 2781 470 2855 CC
494 2782 728 2856 calvaoatores
753 2791 876 2855 contra
906 2791 1007 2878 pacta
1034 2782 1130 2878 pacis
1157 2781 1246 2854 inter
1276 2790 1465 2876 utrumque
1502 2803 1687 2855 commune

262 2905 353 2978 lacta
375 2915 410 2978 et
430 2915 612 3002 propterca
631 2904 728 3001 qvod
744 2905 1021 2979 Mediolanenses
1038 2905 1132 2978 omni
1154 2901 1161 3003 Ι
1182 2904 1240 2978 die
1257 2904 1429 2977 iaciebant
1448 2927 1586 2979 currere
1610 2921 1687 2980 ter·
1712 2911 1877 2958 Fumar-

260 3049 336 3102 ram
353 3029 460 3126 Papie
481 3029 636 3103 dicentes
649 3011 746 3124 quod
770 3039 869 3103 crant
890 3030 1123 3104 calvacatores
1146 3029 1208 3124 qui
1223 3030 1446 3102 morabantur
1468 3030 1514 3104 ad
1533 3031 1687 3106 Laudem

262 3152 421 3226 Veterem
440 3162 476 3225 et
494 3152 695 3226 Laudensas
710 3153 915 3246 extrinseci,
936 3161 972 3224 et
992 3151 1072 3225 ideo
1091 3173 1193 3226 versa
1211 3153 1289 3226 vioe
1306 3153 1492 3250 Papienses
1515 3156 1689 3230 faciebant

265 3295 405 3350 currere
424 3284 551 3350 tanam
567 3275 754 3349 Mediolani
770 3285 805 3348 et
819 3274 983 3350 dicebant
1000 3275 1097 3371 quod
1116 3285 1213 3349 erant
1231 3276 1429 3351 Laudensas
1442 3278 1636 3373 intrinseci;
1654 3289 1689 3354 et
1710 3269 1714 3277 ’

264 3401 340 3474 istis
355 3400 532 3475 decausis
550 3401 689 3498 incepta
704 3411 758 3474 est
769 3423 896 3494 guerra
916 3402 1091 3474 intereos.

314 3525 440 3600 MCC.
459 3525 565 3618 LXX,
582 3524 771 3600 indictione
787 3525 864 3598 Xlll
883 3525 1115 3599 aNativitato.

314 3649 378 3724 Die
404 3649 539 3724 sabbati
557 3649 713 3724 xxvssrr
738 3649 868 3722 mansis
892 3649 1013 3722 marcii
1038 3648 1222 3744 Papienses
1245 3648 1374 3720 milites
1399 3656 1433 3721 et
1455 3651 1607 3744 populus
1628 3653 1688 3745 qui

265 3781 364 3847 crant
391 3772 428 3844 in
445 3773 587 3846 civitate
604 3772 851 3868 equitaverunt
873 3772 909 3844 in
937 3773 1142 3846 Lumilinam
1163 3793 1275 3868 usque
1298 3770 1343 3844 ad
1367 3771 1556 3844 Lomellum
1574 3782 1691 3846 contra

267 3897 345 3970 illos
358 3896 484 3969 milites
499 3895 606 3991 Papia
617 3895 678 3990 qui
690 3903 789 3969 erent
803 3896 839 3967 in
854 3895 1067 3991 Bassignana
1079 3904 1114 3970 et
1128 3893 1517 3991 derobavsrunt'plures
1531 3917 1578 3968 cx
1593 3905 1690 3990 parte

267 4019 417 4094 adversa
432 4028 467 4093 et
485 4019 685 4093 habuerunt
700 4019 888 4113 Valligium
914 4019 1010 4114 quod
1027 4021 1247 4112 munierunt,
1274 4029 1309 4092 et
1329 4016 1391 4091 die
1410 4019 1493 4092 lune
1514 4018 1692 4092 redierunt

268 4144 439 4238 guarnitis
451 4143 573 4217 castris
589 4143 718 4237 Darei,
735 4142 891 4217 Carlachi
905 4153 941 4216 et
958 4144 1101 4239 Gopclli.
1117 4145 1198 4218 Post
1214 4143 1272 4216 die
1283 4142 1333 4240 (a)
1352 4143 1511 4215 mercurii
1535 4140 1691 4216 secundo

268 4268 400 4341 mensis
421 4267 541 4364 aprilis
564 4267 811 4364 equitaverunt
836 4267 992 4340 similiter
1014 4289 1126 4362 usqua
1151 4265 1198 4340 ad
1223 4269 1376 4340 bornum
1399 4276 1434 4338 et
1455 4267 1635 4361 Gopcllum
1657 4275 1694 4342 et

269 4393 470 4468 Gralascam
484 4403 520 4467 et
529 4402 696 4492 ceperunt
712 4394 917 4468 caminatam
931 4391 1247 4492 ollegiqsirardini
1261 4393 1306 4466 de
1318 4393 1430 4467 Strata
1446 4401 1482 4465 et
1497 4401 1694 4466 consortum

272 4527 308 4591 ct
326 4515 583 4593 derobavsrunt
599 4519 706 4615 ipsos,
725 4520 874 4615 populus
892 4519 1022 4592 scilicet
1036 4529 1154 4592 contra
1171 4519 1384 4592 voluntatem
1402 4517 1562 4610 aliorum,
1580 4524 1614 4590 et
1625 4517 1694 4588 lto·

320 4786 365 4868 (α)
387 4787 423 4848 In
439 4788 539 4850 codlca
551 4805 611 4850 vox
625 4787 731 4850 mutila
747 4803 824 4866 quaa
837 4787 894 4867 legi
908 4786 1080 4866 potrstsotc.
