4676 6066
636 599 676 662 ³6
1055 614 1296 686 cuncurccn
1318 625 1621 693 rnncnvrruum.

634 731 772 807 obsedit
796 734 1011 838 [AJversam
1033 771 1151 826 menso
1174 758 1292 834 madio
1315 765 1470 837 venienti
1487 784 1563 836 eam
1582 759 1705 832 hahuit
1726 781 1774 832 ex
1794 771 1894 856 pacto
1921 774 1955 836 et
1979 764 2052 840 Na-

631 856 739 950 polim
758 862 915 938 similiter
932 868 1084 962 ibidem,
1105 885 1139 948 et
1160 879 1197 950 in
1212 881 1279 955 illis
1292 888 1450 980 partibus
1465 882 1686 982 stetitiusque
1705 883 1752 956 ad
1776 885 1931 959 medium
1953 899 2051 963 octu-

631 977 742 1053 hrem.
772 985 928 1082 Cumque
957 993 1122 1070 dominus
1150 1001 1335 1098 imperator
1361 1010 1398 1082 in
1422 1009 1557 1082 Scicilia
1587 1006 1758 1103 proficisci
1775 1022 1927 1104 pararet,
1947 1013 2051 1108 legati

630 1112 736 1199 atque
757 1111 948 1185 camellarii
966 1117 1109 1192 fratrum
1127 1133 1162 1196 et
1173 1128 1364 1204 amicorum
1380 1135 1456 1226 ejus
1474 1131 1520 1205 de
1537 1129 1743 1204 Alamannia
1759 1153 1801 1204 ac
1815 1133 1998 1207 Mediolani
2016 1145 2050 1210 et

628 1227 802 1304 Placentia
827 1236 1069 1316 ambaxatores
1092 1247 1139 1319 ad
1162 1247 1339 1326 dominum
1368 1257 1607 1352 imperatorem
1627 1277 1832 1349 perrexere,
1852 1259 1887 1330 ei
1912 1258 2048 1333 denun-

629 1351 754 1426 tiantes
770 1354 950 1432 dominum
965 1386 1091 1459 papam
1108 1380 1142 1442 et
1158 1375 1330 1466 quosdam
1346 1379 1525 1452 Alamanie
1538 1379 1729 1474 principes,
1752 1381 1984 1456 marchionem
2002 1384 2048 1459 de

628 1473 732 1550 Heste
748 1488 783 1551 et
798 1481 1044 1562 Cremonenses
1061 1501 1096 1564 et
1108 1513 1168 1567 eos
1189 1517 1308 1573 omnes
1324 1501 1370 1576 de
1387 1525 1508 1576 eorum
1530 1511 1627 1598 parte
1644 1503 1828 1596 Rogerium
1844 1505 2046 1580 Federicum

627 1621 691 1693 pro
708 1601 914 1698 imperatore
938 1619 973 1681 et
991 1611 1132 1688 domino
1149 1619 1295 1713 elegisse
1311 1635 1346 1696 et
1361 1647 1522 1698 coronam
1548 1626 1580 1698 ei
1605 1625 1744 1699 dedisse
1770 1635 1805 1698 et
1827 1629 2042 1722 promisiss03

626 1721 807 1798 dominum
826 1729 1065 1826 imperatorem
1079 1738 1244 1815 instanter
1259 1745 1480 1821 admonendo
1498 1758 1533 1821 et
1549 1746 1751 1844 suppliciter
1768 1752 1926 1843 rogando
1939 1763 1979 1824 ut
1998 1754 2045 1828 ad

625 1852 765 1944 propria
781 1855 943 1929 omnibus
961 1857 1114 1934 dimissis
1129 1866 1245 1940 redire
1261 1869 1413 1943 deberat.
1426 1872 1504 1958 Quo
1523 1873 1656 1960 audito,
1673 1872 1835 1946 dominus
1861 1876 2045 1970 imperator

625 1993 745 2044 eorum
763 1978 924 2070 precibus
939 1991 974 2054 et
991 1983 1229 2062 admonitione
1245 1993 1456 2086 repatriavit.
1478 1994 1564 2067 Cum
1581 2017 1665 2068 vero
1679 1995 1860 2069 deveniret
1875 1998 1912 2068 in
1930 1998 2044 2092 parti-

621 2093 691 2168 hus
706 2099 978 2198 Montisfesooni,
996 2109 1205 2204 colloquium
1224 2134 1303 2186 cum
1329 2117 1460 2190 nuntiis
1478 2117 1610 2191 domini
1627 2141 1718 2214 pape
1732 2119 1873 2210 habuit,
1890 2142 2043 2216 speran-

621 2225 674 2290 tes
690 2217 762 2318 (sie)
781 2245 860 2296 cum
879 2225 956 2320 ipso
977 2226 984 2326 Ι
1005 2229 1051 2302 ad
1069 2233 1288 2308 concordiam
1314 2259 1417 2332 posse
1443 2239 1608 2313 devenire
1623 2239 1687 2336 (l).
1700 2241 1771 2314 Sed
1799 2243 1905 2314 nichil
1930 2244 2042 2316 valuit

620 2351 654 2414 et
665 2345 758 2416 stetit
770 2346 819 2417 ibi
834 2357 869 2420 et
883 2349 918 2420 in
932 2350 1000 2424 illis
1012 2355 1169 2448 partibus
1181 2359 1252 2430 tere
1262 2381 1325 2455 per
1335 2383 1489 2436 mensem
1500 2365 1710 2437 novembris.
1725 2364 1859 2439 Deinde
1867 2367 1963 2440 venit
1975 2389 2042 2462 per

618 2466 775 2540 Tusciam
792 2481 826 2542 et
837 2473 1024 2546 biarchiam
1036 2487 1071 2548 ot
1085 2477 1227 2553 intravit
1238 2483 1493 2560 lombardiam.
1514 2487 1578 2558 Die
1590 2508 1674 2560 vero
1688 2489 1827 2560 veneris
1840 2490 1919 2562 Xlll
1935 2511 2039 2563 men·

617 2589 665 2660 sis
679 2591 829 2682 ianuarii
858 2595 909 2690 (2)
933 2597 1075 2672 intravit
1093 2602 1268 2678 civitatem
1295 2607 1481 2682 Placentie.
1508 2611 1560 2680 lbi
1590 2631 1717 2703 magna
1747 2632 1828 2682 enm
1858 2612 1966 2685 letitia
1992 2615 2038 2687 ab

615 2713 775 2806 ejusdem
798 2718 947 2792 civitatis
970 2722 1138 2797 militibus
1162 2736 1197 2799 et
1219 2731 1352 2824 populo
1378 2732 1444 2802 fuit
1471 2740 1640 2827 receptus.
1662 2734 1725 2806 Die
1750 2755 1834 2806 vero
1863 2734 2038 2811 dominica

616 2841 774 2931 sequenti
793 2839 946 2939 [xlvllll
969 2847 1138 2921 kalendas
1161 2851 1328 2925 februarii
1346 2853 1400 2950 (3)
1414 2855 1511 2928 venit
1526 2855 1659 2930 Laudo
1675 2855 1809 2929 lhidam
1825 2859 2036 2952 colloquium

615 2961 686 3034 lere
700 2965 854 3036 omnium
878 2977 1048 3042 rectorum
1069 2975 1292 3068 Lombardie,
1318 2979 1483 3051 comitum
1507 2988 1542 3052 et
1563 2980 1804 3054 marchionum
1829 2990 1864 3053 et
1886 2981 2036 3055 aliorum

615 3085 820 3180 celebravit;
849 3089 895 3163 ad
923 3093 1021 3186 quod
1048 3093 1119 3169 Ano
1145 3100 1300 3174 marchio
1323 3101 1369 3174 de
1397 3103 1500 3175 lleste
1525 3102 1645 3176 venire
1674 3105 1890 3200 contempsit.
1904 3106 2034 3179 Verum

614 3209 697 3302 quia
731 3210 893 3286 dominus
921 3215 1104 3311 imperator
1135 3225 1299 3316 cognovit
1323 3234 1358 3297 et
1382 3225 1552 3298 intellexit
1578 3227 1710 3301 dictum
1736 3227 1969 3302 marchionem
1992 3251 2033 3304 ea

613 3351 776 3406 exercere
800 3343 834 3408 et
859 3345 1005 3411 tractare
1031 3341 1093 3434 qui
1119 3342 1166 3416 ad
1182 3343 1275 3417 diem
1296 3347 1478 3419 trienninm
1498 3345 1562 3445 (a),
1581 3348 1663 3422 dato
1685 3349 1719 3423 ei
1745 3351 1893 3424 termino
1918 3361 1959 3423 ut
1985 3353 2033 3426 ad

612 3475 711 3526 snam
727 3457 1002 3551 magnitudinem
1019 3465 1184 3540 accedere
1205 3467 1366 3561 deberet,
1384 3471 1533 3564 quinon
1551 3473 1648 3544 venit
1670 3493 1735 3545 nec
1757 3475 1877 3546 venire
1899 3477 2029 3566 voluit,

611 3577 728 3671 posuit
749 3579 898 3654 illumin
918 3585 1228 3684 hannoperpetuo.
1248 3591 1383 3666 Deinde
1408 3605 1560 3668 semotus
1584 3596 1770 3690 imperator
1794 3598 2030 3672 Mediolanum

610 3700 773 3792 accessit,
790 3705 992 3802 ibidemque
1006 3711 1099 3784 stetit
1113 3713 1185 3787 lere
1198 3736 1260 3808 per
1274 3715 1337 3789 XV
1354 3715 1441 3790 dies.
1457 3717 1521 3790 Die
1535 3739 1620 3791 vero
1635 3719 1770 3794 sabbati
1786 3721 1849 3792 llll
1863 3721 2029 3796 kalendas

651 3927 693 4007 (a)
714 3928 813 3992 Luem
830 3935 992 3996 csrtlsslms
1011 3939 1148 4002 mutilus.
1164 3941 1300 4004 Forsltan
1315 3943 1472 4022 legendum
1486 3963 1541 4026 que
1556 3943 1598 4006 cd
1608 3963 1693 4007 nram
1705 3944 1858 4008 dammam
1870 3954 1901 4008 et
1913 3947 2028 4009 adden·
2141 3977 2146 3990 ·

608 4029 681 4092 dum
693 4031 898 4100 redundabant
911 4041 959 4101 vel
972 4041 1157 4122 hujusmodl.
1171 4045 1229 4125 Ap.
1245 4047 1383 4126 Plplnnm
1405 4048 1547 4130 quotdm
1558 4049 1615 4112 tibi
1627 4049 1826 4114 diteriotinore
1839 4059 1973 4115 ιιιιιιιιιι.

611 4209 2013 4254 -·········-·——-————---—-—-—---------—---÷-

642 4318 679 4394 (ι)
696 4321 793 4380 coleh
805 4324 2022 4412 n’etaitconnujosqu’iciqueparletemoignagedePipino,danslluatron1,'Seriptor.,

606 4416 677 4474 clx
726 4461 733 4475 .
805 4462 813 4480 .
1489 4435 1492 4440 ·

642 4435 735 4588 (2))ῗο
748 4422 875 4577 ξέιῗᾰιοάἰ
892 4525 926 4579 ιιι
936 4491 1141 4599 januariam,
1156 4493 1335 4586 dateexacte.

640 4611 677 4685 (3)
696 4611 717 4668 ΙΙ
739 4614 796 4671 faut
815 4615 865 4675 lire
877 4618 909 4676 X
911 4620 974 4680 VIII
986 4631 1074 4680 cocat
1097 4623 1133 4682 lea
1151 4623 1283 4682 Ιιαιιιιιιει.
1293 4625 1367 4683 cate
1381 4625 1467 4684 ames
1480 4627 1555 4686 dtanl
1565 4627 1717 4702 bissextile,
1730 4629 1756 4688 le
1766 4629 1907 4688 dimanche
1919 4627 2022 4704 repond

604 4722 639 4765 aa
653 4709 815 4782 thlauvier.
