4534 6074
609 675 651 736 92
1029 675 1269 744 cuuoulcou
1296 672 1596 734 PLAGEMTIMUM.

609 809 783 882 lohannes
807 809 852 882 de
882 813 995 884 Breno
1026 813 1204 906 quondam
1233 809 1525 884 ierosolimitanus
1554 827 1619 879 rex
1649 805 1790 879 intravit
1823 809 2027 882 Placentiam

609 955 721 1026 quum
760 933 833 1006 ibat
864 935 1212 1032 Constantinopolim,
1248 933 1450 1026 ibidemque
1482 929 1671 1004 honorifico
1703 941 1738 1003 et
1770 931 1933 1005 decenter
1968 935 2030 1005 luit

608 1066 779 1150 receptus.

659 1182 705 1253 M.
720 1181 782 1252 CC.
795 1181 920 1283 XXXl,
942 1181 1131 1255 indictione
1144 1184 1264 1276 quinta
1278 1181 1342 1277 (l),
1359 1181 1522 1252 dominus
1534 1177 1721 1251 Guilredus
1733 1178 1778 1252 de
1792 1179 1963 1252 Pirovano
1975 1181 2029 1252 vir

611 1303 737 1376 nobilis
755 1313 790 1374 et
810 1303 964 1398 prudens
983 1306 1078 1377 urbis
1092 1305 1280 1380 Mediolani
1296 1313 1448 1399 potestas
1462 1304 1612 1376 civitatis
1627 1302 1796 1374 Placentia
1806 1302 1872 1372 luit
1884 1303 2026 1374 electus.

607 1428 674 1500 Die
706 1427 826 1500 martis
854 1429 965 1523 primo
995 1430 1124 1502 mensis
1149 1430 1268 1524 aprilis
1291 1428 1433 1500 intrarit
1460 1428 1497 1498 in
1526 1426 1694 1521 regimine
1724 1427 1835 1522 ipsius
1866 1427 2025 1499 civitatis.

864 1661 912 1729 lte
929 1662 1166 1732 constitutione
1186 1671 1217 1731 cl
1239 1658 1470 1753 hedificationo
1495 1659 1577 1730 Pizc
1604 1658 1645 1729 dc
1661 1659 1782 1729 Canio.

640 1829 707 1905 M.
725 1833 788 1906 CC.
802 1833 957 1933 XXX[l],
970 1835 1160 1910 indictione
1181 1837 1259 1926 llll,
1277 1859 1355 1908 cum
1375 1837 1442 1908 loci
1465 1836 1666 1924 Saveliane,
1687 1833 1791 1927 burgi
1812 1835 1927 1906 Sancti
1945 1834 2030 1906 Dal·

609 1959 720 2044 matii,
736 1959 804 2030 Pizi
822 1959 867 2031 ds
883 1959 992 2032 Cunio
1007 1968 1041 2032 et
1054 1959 1289 2054 quorumdam
1308 1961 1454 2032 aliorum
1474 1959 1627 2030 locorum
1641 1959 1709 2030 viri
1726 1957 1982 2052 prudentissimi
1998 1966 2031 2029 et

610 2082 839 2178 potentissimi
857 2083 919 2176 qui
933 2083 1000 2154 sub
1016 2085 1103 2176 jugo
1122 2084 1271 2177 alicujus
1296 2085 1438 2154 minime
1456 2083 1719 2168 detinebantur,
1744 2081 1984 2175 oppressiones
1998 2089 2032 2152 et

610 2207 841 2298 subjectiones
858 2229 899 2278 ac
923 2207 1124 2280 exactiones
1142 2229 1229 2302 quas
1248 2229 1363 2280 comes
1380 2205 1425 2279 de
1442 2207 1592 2300 Sabogia
1616 2217 1651 2279 et
1665 2205 1818 2278 marchio
1832 2205 1877 2277 de
1897 2205 2030 2278 Monte·

610 2331 735 2418 lerato,
753 2330 909 2402 marchio
936 2331 980 2402 de
1003 2331 1141 2403 Salnoio
1167 2341 1201 2402 et
1225 2332 1447 2426 quamplures
1474 2331 1534 2402 alii
1564 2332 1631 2401 viri
1658 2329 1792 2402 nobiles
1818 2339 1853 2400 et
1873 2337 2030 2423 potentes

609 2455 695 2548 ipsis
720 2455 933 2544 inferebant,
963 2455 1079 2526 animo
1097 2456 1268 2528 sustinere
1294 2459 1448 2528 nolentes
1467 2453 1535 2549 (a),
1555 2453 1697 2524 insimul
1721 2453 1862 2524 federati
1887 2463 1922 2522 et
1938 2471 2031 2522 con-

607 2575 714 2667 jurati
733 2577 767 2646 in
783 2578 857 2648 loco
871 2577 940 2648 Pizi
957 2575 1002 2649 de
1024 2577 1135 2650 Cunio
1153 2579 1279 2650 intrare
1294 2587 1541 2673 proponentes,
1562 2575 1791 2646 munitionem
1807 2574 1842 2643 in
1859 2575 1937 2667 ipso
1955 2573 2031 2644 loco

609 2701 726 2771 facere
740 2711 933 2772 statuerunt
946 2702 982 2772 in
1001 2721 1072 2794 quo
1090 2723 1128 2772 se
1148 2711 1402 2796 proposuerunt
1418 2701 1624 2790 defendere,
1640 2702 1721 2791 jura
1738 2717 1879 2790 quoque
1897 2705 1932 2768 et
1947 2719 2032 2790 pos-

611 2823 779 2896 sessiones
796 2844 878 2895 suas
894 2825 1008 2896 illesas
1025 2847 1231 2898 conservare
1252 2835 1287 2897 et
1310 2833 1546 2896 manutenere.
1569 2823 1819 2915 Cognoscentes
1839 2821 1976 2892 veroin
1990 2839 2031 2891 ea

610 2947 804 3018 munitione
821 2947 954 3041 absque
965 2948 1128 3019 conscilio
1142 2957 1176 3019 el
1193 2949 1327 3019 anxilio
1338 2947 1648 3020 Mediolanensium
1660 2967 1698 3017 se
1710 2943 1896 3017 defendere
1909 2952 1943 3015 et
1958 2963 2031 3014 ma·

611 3081 778 3142 nutenere
795 3092 1013 3164 nequaqnam
1033 3093 1154 3164 posse,
1176 3071 1222 3144 ad
1237 3073 1423 3144 Mediolani
1445 3073 1567 3144 urbem
1579 3067 1724 3163 quidam
1742 3089 1789 3140 ex
1806 3067 1858 3139 eis
1875 3066 1943 3137 viri
1968 3087 2031 3138 no·

611 3193 699 3265 biles
715 3201 751 3264 et
768 3191 954 3286 prudentes
975 3205 1193 3266 accesserunt
1215 3195 1260 3266 ab
1285 3195 1371 3289 ipsis
1397 3217 1538 3288 quoqne
1567 3191 1763 3265 subsidium
1789 3191 1936 3261 militurn
1962 3190 2032 3261 im·

612 3317 804 3411 plorantes,
833 3317 1038 3411 peccuniam
1070 3328 1106 3390 et
1134 3319 1365 3412 possessiones
1393 3317 1488 3390 unde
1517 3317 1714 3389 necessaria
1737 3315 1865 3388 habere
1893 3324 2033 3409 possent

611 3438 814 3533 pollicentes
841 3449 874 3510 et
902 3439 1044 3532 insuper
1074 3450 1274 3536 preceptum
1300 3453 1335 3513 et
1367 3451 1529 3535 precepta
1561 3439 1755 3512 communis
1786 3437 1973 3510 Mediolani
2000 3449 2033 3508 et

613 3568 783 3633 rectorum
798 3562 967 3634 societatis
980 3562 1184 3634 lombardie
1204 3567 1322 3654 jurare
1334 3583 1410 3636 esse
1425 3565 1586 3635 facturos.
1606 3563 1730 3634 Habita
1744 3561 1887 3656 quidem
1906 3581 2032 3652 magna

613 3683 714 3755 turba
727 3685 873 3756 militum
884 3686 929 3758 de
941 3685 1116 3758 voluntate
1130 3687 1325 3758 communis
1335 3685 1519 3758 Mediolani
1534 3687 1688 3758 virorum
1696 3685 1917 3779 prudentium
1927 3681 2033 3754 armis

614 3807 817 3879 decentibus
839 3809 978 3902 egregie
997 3821 1195 3904 preparata,
1212 3809 1258 3882 ad
1277 3820 1393 3904 parles
1409 3811 1484 3883 illas
1504 3811 1569 3882 iter
1590 3831 1712 3882 eornm
1730 3807 1930 3902 impendere
1945 3804 2030 3902 (εἰς),

614 3929 756 4002 firmiter
772 3931 950 4004 'credentes
967 3943 1143 4025 tamquam
1162 3955 1223 4026 per
1239 3936 1427 4004 amicornm
1444 3943 1551 4006 terras
1571 3934 1750 4006 transitum
1769 3931 1897 4002 habere
1908 3951 2030 4023 posse,

615 4052 720 4153 armis
739 4074 808 4124 non
833 4053 942 4148 captis
959 4075 1073 4147 neque
1098 4053 1282 4126 coadunati
1302 4077 1417 4148 neque
1443 4057 1612 4128 asclerati.
1635 4057 1705 4129 Sed
1729 4077 1792 4149 per
1810 4055 1886 4144 ejus
1907 4063 2033 4124 terram

614 4185 791 4269 tamquam
808 4197 870 4271 per
887 4177 1007 4248 urbem
1024 4176 1209 4249 Mediolani
1223 4179 1388 4250 securiter
1405 4187 1639 4266 transeuntem
1661 4186 1773 4247 tactus
1791 4179 1866 4268 ipse
1879 4175 2033 4246 marchio

616 4299 803 4394 nephando
818 4299 946 4372 scelere
959 4321 1039 4372 cum
1057 4319 1181 4392 magna
1198 4301 1298 4373 turba
1312 4302 1460 4373 militum
1479 4313 1514 4373 et
1530 4299 1795 4395 saggitariorum
1813 4297 1978 4368 insultum
1996 4297 2032 4364 in

503 4451 508 4464 ·
637 4500 639 4504 ,
657 4447 700 4527 (a)
723 4447 772 4508 Sic
786 4451 818 4508 in
832 4449 950 4524 codice,
964 4451 1037 4511 dum
1051 4467 1155 4511 norma
1168 4455 1312 4512 sermonis
1324 4449 1435 4515 conant
1447 4453 1590 4530 mqulrat.

653 4683 691 4757 (4)
709 4681 731 4739 11
743 4675 800 4741 saul
817 4681 866 4740 lire
882 4683 917 4741 ici
929 4690 1038 4758 quarto.
1053 4686 1092 4743 La
1111 4686 1173 4744 date
1186 4686 1222 4744 du
1235 4687 1320 4744 mardi
1335 4689 1375 4742 l·'
1390 4685 1457 4742 avril
1470 4683 1595 4758 indiquee
1607 4683 1669 4756 plus
1682 4681 1736 4738 loin
1747 4693 1851 4752 prouro
1865 4677 1928 4732 bion
1941 4690 1996 4746 que
2009 4674 2035 4727 le

619 4779 711 4840 laites
725 4787 852 4856 rapportc
866 4780 883 4838 d
897 4780 1002 4872 l'anude
1013 4785 1092 4841 last.
