4534 6074
711 679 952 744 cuuoutcolt
978 680 1279 744 auscultationis
1663 684 1706 746 83

288 819 368 894 Ziro
396 819 553 916 equitare
572 817 841 909 resonaverunt,
868 825 903 890 et
925 839 1006 890 cum
1030 815 1192 888 universo
1215 815 1373 888 exercitu
1398 815 1480 890 fixis
1502 817 1706 914 albergariis

288 951 440 1017 castrum
464 939 552 1014 illud
576 939 738 1014 obsidere
763 951 950 1037 cepemnt,
973 949 1009 1014 et
1026 941 1094 1012 nisi
1120 939 1205 1013 hora
1230 939 1301 1013 diei
1323 939 1468 1012 nimium
1488 941 1560 1032 J'am
1591 942 1708 1014 decli-

287 1076 422 1160 nasset,
439 1076 592 1140 castrum
605 1064 693 1139 illud
706 1075 967 1161 expugnassent
981 1076 1086 1137 manu
1102 1064 1245 1158 potenti.
1262 1064 1425 1159 Sequenti
1438 1085 1520 1138 vero
1534 1066 1593 1138 die
1603 1067 1703 1157 lune,

288 1193 457 1264 immensa
485 1189 668 1263 inundatio
697 1211 869 1285 aquarum
899 1187 1122 1284 supervenit,
1144 1188 1193 1259 ita
1223 1185 1318 1280 quod
1349 1195 1499 1262 castrum
1530 1189 1618 1262 illud
1642 1212 1708 1262 ex·

288 1335 448 1410 pugnare
472 1315 616 1386 minima
637 1321 841 1408 potnerunt,
870 1312 934 1386 ssd
960 1334 1002 1386 ea
1024 1311 1083 1384 die
1106 1311 1172 1382 illis
1197 1322 1360 1403 guastum
1386 1333 1551 1406 maguum
1580 1323 1616 1386 et
1642 1315 1707 1386 im·

288 1459 450 1512 mensum
475 1441 606 1512 facturn
632 1438 715 1530 luit,
744 1437 842 1532 quod
857 1459 965 1532 grave
988 1445 1078 1510 essct
1104 1435 1151 1509 ad
1168 1435 1402 1509 estimandum
1420 1433 1484 1532 (a).
1506 1437 1570 1510 Die
1590 1440 1709 1512 martis

291 1571 453 1655 guastum
474 1563 603 1634 iactum
622 1583 692 1634 non
709 1561 775 1634 luit
789 1583 855 1634 nec
870 1561 967 1634 locus
987 1571 1210 1656 expugnatus
1226 1569 1365 1656 propter
1383 1581 1474 1654 aque
1491 1569 1526 1632 et
1547 1563 1710 1657 temporis

291 1686 548 1779 gravitudinem
562 1707 634 1780 quc
648 1685 708 1758 die
725 1694 760 1759 et
783 1693 884 1758 nocte
911 1686 1030 1758 venire
1049 1707 1118 1758 nou
1141 1685 1300 1758 cessavit.
1320 1687 1448 1757 Verum
1467 1707 1547 1756 cum
1573 1695 1710 1782 tempus

292 1830 363 1881 nou
380 1809 587 1882 adsereuum
604 1808 668 1882 sed
693 1809 890 1882 nubilosum
912 1819 947 1882 et
967 1809 1165 1904 pluviosam
1188 1818 1309 1904 aptum
1326 1817 1416 1881 esset
1430 1818 1466 1883 et
1481 1809 1622 1883 omniuo
1639 1833 1710 1906 pa-

291 1941 420 2022 ratum,
437 1932 627 2007 deliberato
642 1933 805 2006 conscilio
818 1933 875 2006 die
889 1933 1047 2004 mercurii
1061 1933 1168 2006 eloco
1182 1932 1227 2004 de
1239 1933 1320 2004 Ziro
1334 1933 1566 2005 discesserunt
1578 1933 1710 2029 absque

294 2055 365 2128 ulla
391 2057 540 2144 lesione,
561 2066 596 2130 et
618 2057 757 2130 iverunt
778 2055 974 2130 Godauum.
1002 2055 1065 2128 Die
1091 2065 1206 2128 anetem
1227 2055 1318 2148 jovis
1344 2053 1502 2150 proxima
1521 2057 1709 2151 Coplauum

293 2189 525 2272 accesserunt,
541 2187 722 2276 acceptum
732 2181 934 2252 conscilium
943 2178 1041 2275 quod
1050 2201 1154 2274 snper
1163 2177 1355 2274 dampnum
1367 2179 1512 2252 inimicis
1522 2181 1710 2256 inserendis

292 2310 410 2374 ament
430 2303 553 2374 facturi
566 2302 627 2398 (b).
648 2303 779 2376 Moram
795 2325 878 2376 vcro
894 2303 991 2398 apud
1008 2303 1190 2376 Godaunm
1206 2302 1386 2391 iacientes,
1411 2301 1574 2376 domiuus
1591 2305 1712 2378 Chun-

295 2425 405 2498 rados
423 2426 617 2521 lllalaspiua
643 2447 724 2498 cum
743 2425 880 2500 decenti
905 2427 1044 2500 cohorte
1060 2427 1207 2498 militum
1227 2435 1261 2498 et
1279 2425 1531 2520 sagittariorum
1550 2428 1709 2513 intravit,

294 2555 330 2620 et
355 2557 439 2620 tuuc
466 2548 629 2620 dominus
659 2548 766 2620 Obizo
787 2547 980 2646 blalaspina
1005 2571 1108 2623 suum
1131 2549 1323 2622 exercitum
1355 2547 1538 2643 magnifice
1562 2571 1714 2648 cougre-

295 2669 418 2764 gabat,
449 2679 590 2767 paratus
613 2671 735 2744 venire
763 2672 799 2742 iu
825 2682 981 2744 nostrum
1011 2694 1227 2746 succursum.
1257 2673 1320 2744 Die
1344 2693 1428 2745 vero
1454 2673 1593 2746 veneris
1618 2675 1713 2771 apud

295 2795 452 2889 Burgum
470 2793 517 2868 de
532 2795 708 2868 Vallatarii
724 2795 917 2890 redierunt,
935 2806 971 2869 et
985 2817 1025 2870 ea
1045 2797 1103 2870 die
1120 2807 1155 2869 at
1173 2795 1231 2868 die
1248 2797 1384 2869 sabbati
1406 2801 1412 2888 1
1434 2817 1566 2870 moram
1587 2799 1636 2869 ibi
1655 2799 1714 2872 le-

295 2927 417 2991 cerunt
450 2921 642 2993 occaxione
673 2921 756 3014 quia
787 2921 971 3018 episcopus
1000 2922 1172 2995 Placentia
1204 2931 1239 2994 et
1271 2921 1439 2994 Lunensis
1464 2922 1649 3018 episcopus
1680 2931 1715 2997 et

296 3041 443 3136 quidam
460 3043 520 3114 alii
537 3043 776 3140 viripotentes
798 3065 918 3141 pacem
940 3055 974 3119 et
995 3045 1215 3119 concordiam
1235 3046 1324 3118 inter
1338 3067 1523 3118 commuue
1541 3047 1714 3120 Placentia

296 3177 332 3238 et
358 3167 658 3241 Poutremulensas
688 3169 800 3240 iacere
828 3179 864 3242 et
896 3190 1101 3265 componere
1127 3168 1324 3242 studebant.
1345 3169 1575 3263 Percipieutes
1597 3181 1713 3244 autem

296 3291 485 3363 Placentini
511 3293 608 3387 quod
641 3291 842 3388 inceperant
865 3291 912 3366 ad
939 3295 1074 3366 exitum
1102 3293 1244 3365 minime
1273 3292 1463 3387 perducere
1490 3315 1607 3388 posse,
1639 3303 1713 3367 tum

296 3423 437 3509 propter
448 3415 548 3510 panis
558 3416 752 3511 penuriam,
764 3427 837 3488 tum
850 3425 990 3512 propter
1001 3437 1170 3510 aquarum
1181 3413 1454 3506 inundationem,
1469 3414 1527 3488 die
1539 3416 1714 3492 dominica

296 3539 479 3632 sequenti,
510 3539 665 3613 meando
688 3540 817 3613 mensis
842 3540 1047 3636 septembris
1070 3548 1147 3634 post
1174 3537 1381 3634 prandium,
1409 3539 1546 3612 licentia
1570 3540 1713 3614 domum

296 3661 460 3736 rediendi
487 3684 668 3755 concessa,
693 3664 783 3735 illico
813 3663 879 3736 iter
902 3684 1022 3736 eornm
1045 3671 1135 3734 retro
1161 3662 1405 3756 aggredientes
1424 3663 1470 3736 ad
1493 3663 1631 3760 propria
1657 3687 1714 3738 re·

298 3785 374 3858 dire
390 3785 659 3878 festinaverunt,
681 3809 750 3860 non
769 3787 986 3860 solummodo
1007 3785 1106 3882 panis
1126 3788 1271 3882 penuria
1288 3807 1404 3880 neque
1419 3808 1588 3883 aquarum
1606 3789 1714 3861 inun-

297 3909 460 3998 datione,
479 3907 542 3981 sed
559 3909 675 3982 cordis
693 3919 731 3982 et
752 3911 858 3982 animi
876 3909 1064 3984 debilitata.
1092 3909 1191 3984 Unde
1214 3909 1368 3984 dedecus
1385 3913 1513 4006 pariter
1536 3921 1572 3985 et
1588 3914 1714 4010 obpro·

298 4031 413 4103 brinm
427 4031 601 4105 Placentie
614 4034 746 4106 civitati
765 4043 933 4130 perpetuo
948 4044 1192 4130 consequetur3
1210 4033 1261 4106 sic
1277 4034 1369 4107 enim
1382 4035 1476 4126 juste
1490 4035 1560 4109 dici
1573 4047 1710 4132 potest:

303 4179 321 4222 u
340 4155 430 4226 Proh
442 4154 561 4228 dolor!
578 4155 667 4246 heu,
685 4157 773 4248 heu,
794 4156 951 4251 undique
965 4169 1047 4228 suut
1061 4159 1219 4252 augustie
1236 4167 1271 4230 et
1289 4159 1543 4250 tribulationes,
1563 4161 1714 4234 ululatus

302 4301 321 4344 »
341 4285 377 4346 et
393 4275 544 4368 gemitus
562 4285 597 4347 et
609 4277 779 4370 ploratus,
796 4279 879 4374 quia
895 4281 1007 4352 virtus
1022 4281 1174 4376 corporis
1187 4291 1221 4352 et
1239 4279 1346 4352 animi
1363 4282 1544 4375 prudentia
1561 4282 1612 4354 sic
1626 4291 1715 4357 esta

302 4419 320 4464 c
341 4395 478 4468 civibus
495 4397 669 4472 Placentie
695 4422 842 4474 recessa.
861 4402 1025 4476 videntes
1041 4413 1075 4477 et
1097 4403 1334 4477 indubitanter
1356 4414 1602 4498 cognoscentes
1623 4405 1714 4480 Pon·

301 4519 565 4592 »tremuleuses
590 4519 749 4594 inimicos
777 4534 911 4598 nostros
935 4527 981 4598 ab
1007 4525 1168 4599 omnibns
1189 4527 1261 4599 lore
1285 4524 1483 4620 derelictos,
1512 4530 1713 4603 conscilium

339 4673 384 4754 (c)
405 4677 440 4736 In
454 4677 555 4739 codlce
568 4677 792 4741 destinandum.

341 4775 383 4857 (l)
405 4779 502 4842 Locau
515 4785 622 4845 lterum
635 4787 802 4866 iterumque
814 4790 947 4852 mutilus.
