4676 6066
643 619 686 684 ἥ
1068 625 1309 694 cflaorttcoa
1334 633 1639 696 rnacssartauat

644 775 729 829 vero
757 755 996 852 dierenoeis,
1023 781 1116 834 nono
1143 761 1428 860 kalendasjulii‚
1451 767 1638 840 militoect
1667 763 1803 860 pedites
1833 765 1880 840 ds
1909 777 2051 860 quatuor

643 879 753 974 portis
772 879 889 952 Sancti
914 879 1055 956 Andron
1080 883 1298 959 obsedebant
1321 899 1463 962 turrem.
1490 891 1564 962 lloc
1588 889 1675 961 stilo
1699 911 1721 960 a
1747 889 2048 986 Cremona

645 1001 761 1076 statim
781 1003 936 1076 tentoria
955 1006 1053 1100 apud
1072 1009 1313 1084 Zoneaoldum
1334 1013 1463 1086 relictis
1463 1034 1598 1108 ,qum
1617 1012 1721 1084 eitius
1736 1021 1923 1108 potuerunt
1937 1035 2052 1086 versus

645 1123 847 1198 Cremonam
864 1127 1058 1220 redierunt,
1074 1139 1109 1202 et
1122 1131 1205 1204 illuc
1221 1133 1283 1205 ubi
1296 1137 1404 1208 nostri
1425 1135 1569 1210 aderant
1583 1145 1847 1224 concarremnt,
1867 1135 1914 1208 de
1927 1136 2054 1230 qumm

645 1249 755 1344 portis
771 1270 841 1321 nou
865 1247 1012 1324 aderaut
1029 1252 1067 1324 in
1088 1253 1149 1326 illa
1167 1257 1391 1352 expeditione
1411 1279 1476 1331 sex
1496 1269 1635 1331 centum
1655 1257 1799 1348 militas,
1818 1279 1884 1330 nee
1901 1257 1980 1330 (Π.
1993 1281 2055 1353 pe-

648 1370 755 1462 ditcs;
778 1371 873 1468 apud
891 1397 998 1468 quam
1015 1383 1144 1450 turrem
1162 1375 1247 1450 dicti
1261 1379 1506 1454 cenom
1525 1381 1734 1454 iurenoeunt
1753 1389 1790 1452 et
1805 1381 2008 1454 Parmensm
2023 1391 2055 1454 et

647 1495 775 1570 Rmani
790 1507 925 1570 nosnos
941 1500 1106 1574 meante
1126 1501 1338 1578 desarmatus
1353 1514 1500 1592 stantes,
1520 1515 1556 1578 et
1570 1503 1699 1576 dictam
1715 1513 1848 1576 turrem
1862 1526 1968 1598 quam
1987 1505 2056 1596 jam

648 1619 844 1694 habuerant
873 1619 1053 1698 fodientes.
1083 1624 1151 1710 Qui
1175 1625 1419 1700 &cannenses
1442 1650 1522 1699 cnm
1547 1628 1711 1700 omnibus
1741 1627 1908 1722 predictis
1935 1649 2057 1720 magno

465 1757 480 1790 ⁰
538 1752 552 1786 '
602 1770 610 1787 ·
649 1745 807 1818 exercitu
820 1755 1083 1820 contranostrns
1094 1759 1289 1838 nummum,
1304 1751 1497 1846 etprelinm
1512 1750 1731 1822 cumnosbis
1743 1747 2038 1845 commisernutzl

649 1866 757 1940 nostri
781 1866 916 1962 itaque,
936 1871 1029 1944 illico
1044 1873 1154 1967 captis
1177 1873 1302 1961 arnum,
1322 1895 1450 1968 magna
1464 1873 1502 1944 ai
1526 1895 1649 1946 vorsus
1666 1872 1914 1946 fflouenses
1938 1893 2058 1945 cune-

648 1999 748 2082 runt,
766 1999 801 2062 et
816 2011 877 2064 eos
894 1992 931 2063 iu
958 1993 1076 2084 lugam
1099 1995 1266 2067 miscunt
1287 2018 1399 2090 usque
1423 1996 1471 2070 ad
1496 2017 1658 2090 magnam
1685 1997 1829 2068 sclerum
1854 1995 2057 2068 Cremonen·

647 2113 740 2186 sium
763 2123 799 2186 et
824 2113 1060 2189 Parmensium
1088 2127 1123 2190 et
1149 2117 1357 2210 Regensium
1384 2127 1420 2192 et
1443 2119 1591 2192 aliorum
1618 2119 1810 2191 amicorum
1835 2139 1970 2190 eornm.
1994 2119 2059 2204 Qui

649 2257 769 2310 omnes
786 2245 904 2312 conus
927 2247 1064 2312 nostros
1083 2251 1267 2312 venerunt.
1290 2241 1360 2314 Sed
1381 2242 1488 2315 nostri
1508 2243 1561 2314 eis
1584 2241 1743 2314 resistere
1766 2261 1837 2312 uon
1856 2249 2056 2336 potuerunt,

650 2369 684 2434 et
701 2370 785 2434 tunc
797 2371 964 2457 oeperunt
980 2362 1026 2436 da
1042 2363 1169 2436 nostris
1187 2363 1283 2438 XXX
1301 2365 1427 2438 milites
1441 2375 1477 2439 et
1490 2367 1584 2438 circa
1603 2363 1680 2438 oct
1693 2365 1828 2460 pedites
1842 2363 1888 2436 de
1904 2363 2058 2436 civitate.

698 2487 745 2559 bl.
759 2485 829 2576 CC,
854 2495 978 2579 quarto
999 2485 1057 2558 die
1082 2487 1212 2559 mensis
1235 2489 1457 2582 septembris,
1480 2487 1753 2562 Mediolanenses
1773 2509 1854 2558 cum
1875 2487 2011 2559 carocio
2027 2496 2062 2560 et

653 2629 733 2682 oum
748 2607 1019 2682 Novaricnsibus
1036 2617 1071 2681 et
1087 2609 1363 2684 vercellensibus
1380 2621 1416 2683 et
1436 2610 1684 2684 Alexandrinis
1707 2609 1926 2681 intraverunt
1947 2609 1984 2678 in
1998 2609 2063 2682 lo-

653 2731 829 2822 mclinam,
845 2740 880 2804 et
893 2739 1060 2806 steterunt
1075 2731 1113 2804 in
1130 2753 1172 2805 ca
1188 2734 1279 2807 circa
1292 2734 1355 2806 XV
1371 2732 1461 2822 dies,
1483 2741 1518 2806 at
1532 2741 1702 2828 oeperunt
1717 2741 1754 2803 et
1767 2729 2016 2804 destruxerunt
2030 2739 2065 2804 et

654 2855 902 2931 comburerent
912 2856 1161 2930 llortariamet
1172 2857 1229 2930 LV
1246 2857 1324 2929 loca
1342 2855 1388 2930 de
1402 2855 1605 2929 melioribus
1618 2865 1655 2928 ut
1669 2854 1860 2946 majoribus
1876 2853 2061 2927 lomeline.

704 2981 751 3054 ll.
767 2979 834 3072 GC,
857 2979 1046 3054 indictione
1067 2981 1133 3076 ΙΙΙ,
1152 2980 1211 3054 die
1232 2981 1330 3072 lune,
1356 2980 1449 3052 Xllll
1476 2979 1646 3053 kalendas
1669 2977 1823 3052 octulm
1840 2976 1906 3072 (l),
1928 2976 2065 3050 Cremo-

656 3125 782 3178 nenses
798 3113 834 3177 et
852 3103 1058 3178 Parmaxani
1082 3113 1188 3200 atque
1207 3105 1418 3179 llutinonses
1438 3119 1475 3178 et
1496 3105 1624 3178 Ronani
1644 3111 1679 3175 et
1697 3103 1943 3196 Pergamenaes
1961 3101 2067 3172 intra·

656 3237 782 3302 verunt
801 3227 838 3300 in
856 3227 1021 3302 comitatu
1037 3229 1227 3321 Placentia,
1247 3227 1412 3300 videlicet
1428 3227 1465 3298 in
1483 3227 1640 3324 partibus
1660 3225 1776 3298 Sancti
1795 3222 1982 3296 Laurentii.
2001 3221 2067 3308 Qui

657 3350 902 3426 Cremonenses
919 3351 957 3422 in
976 3349 1128 3446 quadam
1151 3351 1243 3424 valle
1264 3351 1426 3446 privatim
1448 3359 1578 3423 stantes
1602 3371 1683 3422 cum
1705 3349 1868 3420 omnibus
1885 3345 2065 3443 predictis,

658 3476 815 3574 exceptis
838 3475 1099 3568 Parmensibus,
1123 3495 1213 3570 quos
1239 3473 1286 3546 ad
1310 3472 1586 3547 comburendum
1612 3471 1730 3546 uillam
1755 3471 1872 3544 Sancti
1897 3469 2069 3542 laurentii

660 3602 840 3676 miserunt.
861 3601 934 3672 Hoc
956 3599 1094 3694 cognitu
1110 3607 1145 3672 et
1165 3598 1201 3669 in
1221 3597 1367 3670 venata
1385 3597 1491 3687 scito,
1514 3605 1550 3668 et
1566 3595 1670 3668 ctiam
1691 3595 1770 3668 viso
1790 3595 1874 3688 igue
1889 3614 1911 3665 a
1925 3593 2069 3664 Placen·

662 3726 743 3800 tinis
755 3725 922 3798 militibus
939 3723 1001 3820 qui
1016 3723 1112 3818 apud
1126 3723 1315 3795 Fouunam
1337 3721 1584 3794 Cremonenses
1605 3717 1853 3814 expectabant,
1873 3715 1968 3787 illico
1990 3715 2071 3786 illuc

662 3858 853 3943 currerunt,
869 3859 905 3922 et
916 3849 1125 3921 invenerunt
1141 3848 1342 3918 Parmenses
1351 3843 1454 3939 juxta
1464 3845 1583 3916 villam
1598 3842 1714 3915 Sancti
1731 3838 1906 3912 laurenti
1922 3847 2069 3928 stantae3

663 3975 725 4070 qui
743 3981 859 4046 contra
878 3993 938 4045 eos
955 3993 1081 4066 ungue
1104 3970 1142 4043 vi
1164 3976 1362 4056 currerunt,
1377 3977 1412 4040 et
1431 3967 1477 4040 de
1494 3967 1545 4039 cis
1564 3973 1729 4060 ceperunt
1748 3964 1820 4036 iere
1845 3970 1986 4033 centum
2008 3959 2072 4032 mi·

664 4097 761 4190 lites3
784 4095 870 4168 alios
891 4115 973 4168 vero
997 4096 1207 4189 fugaverunt
1226 4111 1340 4186 usque
1359 4089 1406 4164 ad
1429 4091 1543 4163 locum
1567 4087 1630 4160 ubi
1653 4087 1898 4158 &montenses
1916 4081 2070 4170 aderant,

668 4221 730 4318 qui
749 4229 866 4294 contra
882 4225 1016 4291 nostros
1041 4238 1168 4310 magno
1189 4215 1321 4311 impetu
1345 4221 1611 4303 concurrerunt,
1636 4221 1671 4284 et
1687 4230 1748 4282 ece
1769 4209 1805 4279 in
1828 4208 1948 4300 lugam
1973 4203 2073 4276 mise·

668 4353 762 4438 runt,
778 4353 814 4418 et
827 4351 992 4439 ceperunt
1010 4340 1056 4415 de
1068 4339 1119 4414 eis
1134 4340 1226 4444 circa
1241 4341 1268 4411 L
1288 4339 1432 4432 milites,
1446 4345 1481 4410 et
1496 4337 1698 4410 Parmenses
1710 4351 1799 4428 quos
1814 4328 2003 4404 Placentini
2020 4348 2074 4402 cc·

705 4727 742 4808 (l)
759 4727 796 4786 Le
806 4725 881 4784 lundi
896 4727 929 4781 tt
941 4723 1104 4800 septembre.
