4554 6080
869 613 911 676 ΙΝ
935 613 1075 675 llaullt
1099 611 1248 675 Gusrls.
1705 609 1766 672 251

355 751 461 825 armis
479 769 560 822 cum
573 747 811 823 Manebaxolis
823 747 875 844 (a)
887 757 922 822 et
941 749 1007 821 illis
1021 749 1066 822 de
1077 747 1206 820 Audite
1218 756 1253 819 et
1266 745 1342 819 aliis
1354 767 1474 818 eorum
1487 743 1607 816 amicis
1619 741 1663 815 de
1672 750 1769 836 parte

354 874 548 947 extrinseca
562 873 623 967 qui
637 873 675 944 iu
690 872 862 945 Placentia
882 883 981 945 erant
1001 881 1036 944 at
1051 873 1113 966 qui
1136 879 1301 944 venerant
1318 869 1362 942 de
1378 865 1572 941 confinibus
1591 863 1770 958 inquibus

356 1018 418 1092 per
434 997 539 1068 istum
556 995 735 1068 Albertum
755 995 800 1068 da
815 995 967 1068 Fontaua
990 994 1093 1090 positi
1114 1003 1210 1066 eram
1228 1003 1262 1065 et
1284 991 1412 1066 reversi
1432 991 1574 1064 domum
1588 987 1770 1062 occasione

353 1121 635 1210 verberatorum,
654 1117 778 1192 smndo
794 1119 956 1190 dominus
973 1117 1181 1189 Cathelanus
1197 1125 1347 1213 potestas
1363 1116 1400 1185 in
1419 1114 1532 1209 platea
1550 1110 1671 1204 majori
1689 1133 1768 1183 oum

353 1243 495 1315 armatis
513 1235 600 1314 viris
615 1240 823 1314 Placentinis
837 1263 883 1313 ex
902 1240 1031 1334 quibus
1046 1240 1102 1311 alii
1120 1238 1280 1312 dicebant
1292 1264 1309 1307 u
1323 1240 1407 1310 Date
1420 1235 1560 1310 forciam
1573 1234 1734 1330 episcopo
1749 1260 1766 1306 u

354 1371 388 1436 et
409 1365 469 1436 alii
498 1363 662 1438 dicebant
679 1389 698 1434 u
718 1365 802 1436 Date
825 1363 966 1436 loreiam
984 1362 1158 1459 potestati,
1180 1387 1198 1432 u
1223 1383 1344 1434 versus
1366 1361 1498 1433 dictum
1524 1359 1702 1431 Albartum
1725 1355 1771 1430 de

353 1485 510 1560 Fuutana
523 1497 558 1560 et
571 1488 648 1578 eius
663 1507 830 1582 sequaces
846 1505 884 1559 se
904 1487 1069 1582 opposuit
1084 1484 1201 1559 eundo
1220 1507 1298 1557 cum
1315 1493 1400 1578 quot
1415 1482 1526 1578 potuit
1540 1483 1586 1555 ad
1606 1481 1769 1554 Sanctum

354 1611 565 1684 salvatorem
585 1610 647 1682 ubi
678 1621 752 1682 erat
773 1611 867 1684 idam
884 1609 1046 1682 Albertus
1070 1631 1149 1682 cum
1170 1609 1243 1680 suis
1266 1607 1487 1702 sequacibus.
1506 1607 1583 1691 Quo
1611 1607 1688 1678 viso
1710 1627 1771 1700 par

353 1735 469 1828 ipsum
479 1734 673 1822 Albertum,
690 1735 805 1807 statim
819 1733 912 1806 idam
930 1733 1090 1806 Albertus
1105 1733 1220 1826 lugam
1234 1732 1338 1828 peciit
1349 1742 1383 1804 et
1399 1731 1537 1823 aufugit
1555 1729 1599 1803 de
1612 1731 1766 1820 civitate;

354 1866 390 1930 et
414 1860 579 1930 contiuuo
600 1858 763 1930 dominus
783 1858 967 1953 episeopus
994 1879 1073 1930 oum
1093 1857 1165 1929 suis
1187 1877 1265 1928 oum
1288 1855 1431 1928 victoria
1452 1855 1548 1927 venit
1567 1855 1603 1925 in
1620 1855 1770 1950 plateam

353 1982 496 2074 majoris
512 1981 658 2054 ecclesie
680 1981 831 2052 obierat
849 1991 998 2075 potestas
1021 1989 1056 2052 et
1073 1980 1154 2053 dato
1173 1979 1315 2052 consilio
1332 1979 1397 2073 ipsi
1411 1979 1570 2074 potestati
1594 2001 1656 2074 pro
1676 1981 1769 2056 bono

354 2125 400 2178 ne
418 2125 478 2198 per
503 2105 661 2176 homines
678 2103 937 2196 occiderentur,
957 2104 1030 2199 ipse
1048 2103 1114 2174 ivit
1137 2101 1182 2175 ad
1201 2101 1369 2196 ospicium
1394 2124 1508 2174 suum.
1531 2103 1573 2174 Et
1588 2104 1712 2177 milites
1735 2116 1770 2177 et

352 2227 487 2322 pedites
502 2227 564 2321 qni
580 2227 628 2298 ibi
647 2234 746 2298 arant
765 2227 942 2320 elegerunt
962 2225 1141 2298 dominum
1154 2225 1353 2320 episcopum
1372 2225 1408 2296 in
1423 2235 1625 2320 potestatem
1647 2236 1681 2300 et
1695 2249 1768 2301 rec·

354 2363 463 2426 torem
474 2351 626 2424 civitatis
638 2351 822 2444 Placentia,
836 2351 1055 2447 Raynaldum
1068 2355 1207 2424 Scotum
1221 2351 1258 2422 iu
1273 2351 1491 2448 capitaneum
1503 2353 1622 2447 populi
1638 2357 1767 2429 :multa

352 2477 445 2547 enim
466 2475 558 2547 bona
581 2475 618 2545 iu
639 2473 834 2568 expelendo
860 2475 990 2548 dietum
1016 2473 1193 2547 Albertum
1220 2475 1374 2547 lecerunt
1391 2475 1494 2548 Scoti.
1516 2477 1583 2560 Qui
1604 2476 1767 2551 dominus

353 2597 537 2693 episeopus
560 2598 674 2692 ipsum
692 2599 846 2689 regimen
868 2597 1010 2672 intrauit
1027 2607 1061 2670 et
1083 2598 1253 2694 suscepit,
1274 2606 1400 2693 etpost
1419 2619 1548 2693 pauoos
1568 2599 1642 2671 dias
1664 2601 1767 2674 mise·

352 2729 433 2790 runt
448 2719 692 2793 ambaxatores
704 2719 941 2794 Mediolanum
956 2741 1019 2816 pro
1039 2721 1200 2814 eligendo
1212 2729 1438 2816 potestatem,
1458 2732 1493 2793 et
1509 2723 1686 2816 elegerunt
1700 2723 1767 2797 Na·

351 2843 531 2936 poleouem
545 2842 724 2917 deLature
739 2843 775 2914 in
789 2853 989 2938 potestatam
1008 2853 1222 2918 structorem
1241 2845 1333 2918 illius
1351 2844 1521 2918 civitatis:
1537 2847 1597 2940 qui
1613 2848 1708 2921 venit
1721 2847 1768 2922 ad

350 2966 507 3058 regimen
524 2967 617 3039 illius
633 2967 783 3040 civitatis
801 2977 836 3040 et
853 2966 975 3042 habuit
989 2969 1059 3042 MM
1075 2968 1163 3040 libra
1181 2989 1243 3064 pro
1260 2967 1373 3040 feodo.

401 3089 444 3162 llt
461 3088 519 3162 die
535 3091 673 3163 veneris
695 3091 754 3164 llll
774 3091 903 3164 mensis
919 3092 1057 3184 marcii,
1078 3111 1193 3164 comes
1214 3091 1401 3163 Ubertinus
1421 3089 1467 3164 de
1487 3091 1616 3167 Audito
1636 3103 1670 3168 et
1687 3094 1768 3167 An-

351 3209 444 3281 rious
459 3219 493 3282 at
505 3209 619 3285 Guido
635 3212 789 3285 marchio
803 3212 1020 3286 Pelauioinus
1031 3235 1110 3286 cnm
1126 3213 1287 3285 omnibus
1305 3214 1474 3286 funestatis
1489 3214 1524 3284 iu
1540 3237 1666 3310 magua
1681 3239 1768 3312 paca

350 3331 566 3406 intraverunt
593 3336 629 3406 in
652 3335 877 3428 Placentiam,
904 3337 967 3410 sed
986 3335 1101 3409 dictus
1119 3336 1338 3431 Napoleonus
1362 3345 1509 3432 potestas
1538 3340 1650 3412 noluit
1672 3342 1767 3435 quod

350 3455 510 3529 venirent
530 3467 564 3530 at
587 3457 792 3553 displicebat
816 3459 900 3550 sibi,
921 3469 1123 3532 tamennon
1144 3459 1281 3534 dicebat
1300 3460 1432 3556 palam,
1455 3461 1516 3535 sed
1539 3462 1586 3537 ad
1607 3465 1766 3539 ultimum

351 3579 463 3651 noluit
479 3590 571 3653 stare
589 3581 625 3652 in
641 3581 716 3676 ipso
731 3581 919 3676 regimine:
939 3581 1078 3656 volebat
1091 3584 1183 3654 euim
1200 3583 1341 3656 leodum
1359 3606 1406 3657 ex
1419 3584 1522 3658 douo.

400 3703 446 3774 ll.
464 3704 527 3776 CC.
548 3702 638 3795 LXI,
657 3703 717 3776 die
732 3703 907 3778 dominico
925 3707 969 3778 lll
984 3707 1112 3779 mensis
1131 3705 1260 3801 aprilis,
1288 3709 1450 3782 dominus
1464 3709 1611 3785 Ubartus
1634 3713 1767 3788 Palavi-

351 3825 451 3896 cinus
472 3847 551 3898 oum
570 3825 763 3899 honorabili
784 3828 930 3902 militum
950 3831 1112 3904 comitiva
1132 3831 1271 3903 intravit
1291 3829 1299 3927 Ι
1320 3831 1545 3925 Placentiam,
1568 3845 1602 3908 et
1625 3835 1684 3908 illa
1707 3837 1765 3910 die
1798 3850 1959 3902 talama·

349 3949 447 4020 venit
472 3949 509 4020 in
534 3951 710 4023 civitatem
735 3951 907 4025 Placentia
928 3951 1089 4026 domiuus
1110 3953 1276 4028 Martinus
1301 3953 1346 4026 da
1372 3955 1511 4046 Lature,
1537 3966 1572 4029 et
1591 3959 1709 4032 relicta
1726 3960 1762 4031 in

349 4093 477 4162 magna
488 4075 659 4169 paoeipsa
671 4073 822 4165 civitate,
835 4075 910 4170 ipse
923 4077 1142 4172 Napoleonus
1156 4077 1293 4170 accesit,
1311 4090 1345 4150 et
1358 4076 1474 4150 dictus
1485 4079 1637 4154 marchio
1649 4083 1685 4153 in
1699 4104 1762 4156 suo

349 4197 427 4266 looo
448 4199 580 4291 possuit
597 4198 841 4273 vicecomitem
861 4199 1095 4273 Pelauioinum
1114 4201 1178 4300 (b),
1194 4201 1344 4294 jurando
1366 4201 1460 4275 idam
1476 4203 1629 4280 marchio
1651 4205 1763 4280 domi·

349 4317 447 4390 nium
470 4329 505 4392 et
526 4323 720 4415 segnoriam
744 4324 916 4398 Placentia
950 4325 1129 4420 usquead
1156 4335 1304 4420 quatuor
1324 4347 1451 4418 annos,
1468 4348 1512 4400 eo
1536 4328 1647 4403 modo
1672 4331 1763 4404 sieut

348 4442 497 4516 habebat
517 4445 610 4518 illam
629 4447 836 4540 Mediolani,
858 4459 893 4521 et
909 4450 1032 4524 redivit
1047 4449 1260 4524 Cremonam.

390 4603 431 4684 (a)
453 4607 490 4666 ln
503 4607 605 4668 oodloe
619 4605 737 4668 marala
750 4606 818 4670 tole

390 4708 429 4784 (l)
450 4711 509 4790 Ap.
525 4712 594 4774 loh.
611 4713 649 4774 de
662 4715 771 4776 Musula
784 4715 904 4776 addltur
916 4721 1047 4796 nepotem
1059 4733 1153 4778 mum.
