4594 6066
586 643 646 706 180
1058 643 1299 708 canonicos
1323 641 1375 702 llll
1400 641 1529 703 REBUS

570 779 777 874 'Basegape,
807 781 997 872 Paranum,
1022 781 1275 868 Landrianum‚
1298 777 1495 866 Clarellam,
1517 785 1552 848 et
1569 783 1698 850 turrem
1716 776 1762 851 de
1781 779 1930 854 Lambro
1947 782 2000 856 di·

581 925 683 974 ruere
700 904 791 975 lecit.
814 905 946 978 Interea
964 905 1175 978 Mutinenses
1194 912 1229 975 et
1241 903 1443 974 Parmenses
1461 899 1598 995 preliati
1614 910 1695 972 sunt
1715 912 1802 996 aput
1818 905 1999 998 vignolam

581 1049 661 1099 cnm
684 1028 959 1100 Bononiensibus
984 1029 1045 1122 qui
1073 1029 1202 1100 ibidem
1222 1025 1390 1098 hostiliter
1406 1033 1589 1114 renuant,
1611 1035 1847 1120 ceperuntque
1872 1051 1921 1101 ex
1947 1031 1998 1103 eis

581 1149 656 1222 CCC
669 1150 795 1221 milites
807 1155 842 1223 et
855 1152 890 1224 M
904 1151 1052 1245 pedites,
1070 1150 1218 1223 etmulti
1236 1171 1282 1222 ex
1297 1148 1382 1244 ipsis
1395 1147 1670 1220 Bononiensibus
1683 1148 1719 1220 in
1732 1149 1842 1222 lluvio
1854 1151 1998 1228 &otene

580 1273 693 1345 necati
714 1282 811 1364 sunt3
828 1296 918 1369 quos
938 1285 1129 1347 carceratos
1146 1274 1323 1346 duxerunt
1336 1271 1503 1342 Mutinam
1518 1279 1552 1342 et
1571 1270 1742 1344 Parmam.
1758 1273 1891 1347 Eodem
1909 1285 1995 1350 tem·

578 1417 664 1491 pore
686 1397 831 1470 Cumani
857 1407 1058 1492 potestatem
1075 1420 1138 1493 per
1162 1399 1400 1492 imperatorem
1430 1403 1645 1490 recepemnt.
1673 1397 1745 1468 Hoc
1765 1406 1884 1470 autem
1903 1401 1993 1474 iece-

578 1529 659 1592 runt
682 1519 731 1616 (o)
751 1519 1024 1614 indignationem
1048 1519 1364 1594 Mediolanensibus
1391 1517 1452 1612 qui
1479 1517 1516 1588 in
1544 1517 1706 1612 preterito
1730 1543 1850 1595 mense
1874 1525 1993 1598 marcii

577 1653 745 1717 nocturna
758 1644 842 1717 bora
859 1645 1033 1718 ciuitatem
1054 1645 1240 1717 Cumarum
1260 1643 1483 1732 intraverant,
1503 1641 1654 1736 petendo
1669 1643 1715 1714 ab
1730 1644 1782 1715 eis
1795 1645 1930 1720 ossides
1946 1649 1992 1722 ad

576 1789 696 1840 eorum
714 1769 925 1840 voluntatem
951 1779 986 1841 et
1003 1777 1114 1840 turres
1130 1765 1279 1840 civitatis
1295 1773 1331 1837 et
1354 1765 1533 1838 castellum
1549 1765 1732 1857 Badaveli,
1754 1767 1910 1842 dicentes
1928 1769 1991 1844 bo-

575 1891 729 1962 minibus
748 1891 841 1962 illius
859 1892 1008 1964 civitatis
1028 1891 1199 1973 dedecus,
1219 1890 1269 1961 ita
1290 1887 1387 1982 quod
1413 1888 1558 1960 Cumani
1578 1887 1804 1983 adprehensis
1827 1893 1933 1965 armis
1953 1895 1990 1966 in

574 2015 758 2088 concordia
784 2025 900 2108 partes
926 2035 1046 2087 eorum
1070 2013 1118 2110 (b)
1143 2013 1188 2086 de
1211 2013 1353 2085 civitate
1376 2014 1596 2108 expulerant.
1616 2013 1778 2085 Similiter
1803 2015 1990 2090 Leobasobi

572 2148 607 2210 et
624 2139 673 2209 illi
694 2139 740 2210 de
760 2139 896 2210 Verona
923 2147 958 2210 et
979 2136 1153 2210 blondello
1176 2134 1494 2208 Mediolanensibus
1517 2135 1741 2207 rebellabant.
1763 2136 1898 2211 Deinde
1922 2140 1987 2210 im·

570 2269 708 2356 perator
732 2263 855 2333 volens
879 2261 1024 2333 transire
1048 2261 1234 2332 Lambrum
1248 2259 1478 2346 Merdarium,
1496 2258 1599 2350 jussit
1620 2257 1694 2331 lieri
1718 2259 1766 2330 Xl
1786 2271 1926 2354 pontes,
1943 2285 1989 2336 ex

569 2384 699 2478 quibus
713 2384 870 2478 quinque
886 2393 1010 2479 pontes
1027 2405 1155 2478 ponere
1171 2384 1252 2454 lecit
1267 2383 1302 2452 in
1319 2401 1426 2452 unam
1446 2389 1580 2474 partem
1598 2391 1632 2454 et
1647 2402 1712 2454 sex
1728 2385 1882 2478 precepit
1900 2395 1988 2460 stare

568 2529 700 2581 vacuos
723 2517 762 2578 ut
779 2509 809 2578 ei
833 2527 975 2579 neeesse
997 2507 1100 2579 luerit
1125 2506 1221 2600 quod
1243 2505 1370 2578 milites
1390 2504 1453 2597 qui
1477 2503 1676 2578 transissent
1694 2502 1742 2600 (c)
1764 2517 1905 2599 possent
1926 2531 1988 2605 per

569 2631 646 2703 illos
661 2629 775 2702 redire
792 2626 840 2701 ad
860 2629 1007 2721 bellum,
1036 2639 1071 2702 et
1087 2651 1168 2701 cum
1186 2629 1363 2700 transisset
1379 2627 1585 2718 Lambrum,
1602 2637 1794 2701 anacastra
1816 2630 1906 2703 inter
1922 2633 1988 2706 Se-

568 2763 728 2826 tezauum
751 2763 786 2824 et
806 2753 944 2825 Plebem
972 2752 1018 2825 de
1040 2753 1183 2824 Looario
1209 2752 1336 2847 posuit.
1362 2751 1430 2836 Qui
1454 2751 1576 2824 volens
1600 2749 1728 2824 intrare
1750 2753 1787 2824 in
1809 2755 1984 2850 Seprium,

567 2877 844 2952 Mediolanenses
864 2897 984 2949 eorum
1010 2875 1192 2970 temptoria
1213 2877 1316 2966 juxta
1339 2883 1450 2947 castra
1479 2874 1695 2969 imperatoris
1720 2874 1893 2966 fixerunt,
1920 2879 1986 2952 du-

568 3011 685 3074 centes
710 3001 801 3074 circa
819 3022 940 3073 eorum
967 3001 1149 3094 temptoria
1168 3019 1384 3095 aquamque
1409 2999 1547 3073 Vitabia
1573 3001 1779 3096 appellatur.
1804 3001 1987 3076 Habebunt

566 3126 660 3197 enim
688 3125 962 3198 Mediolanenses
993 3124 1284 3220 quinquemillia
1313 3125 1469 3218 equites,
1501 3126 1707 3218 computatis
1735 3125 1786 3198 CC
1818 3129 1985 3201 militibus

565 3247 687 3320 Creme
723 3255 758 3320 et
784 3247 886 3320 CCCC
922 3247 1090 3321 militibus
1121 3249 1257 3339 Brixis,
1290 3249 1475 3342 imperator
1502 3267 1589 3321 vero
1616 3255 1694 3320 octo
1719 3249 1828 3322 millia
1861 3251 1985 3324 milites

564 3369 714 3444 babebat
736 3381 771 3442 et
797 3373 925 3442 multos
952 3371 1147 3464 sagittarios
1175 3379 1211 3443 et
1236 3371 1407 3442 balistros.
1437 3371 1481 3442 Et
1505 3370 1563 3445 die
1585 3367 1721 3444 sabbati
1745 3371 1794 3444 Xl
1819 3372 1985 3448 kalendas

564 3493 765 3568 novembris
799 3495 895 3590 apud
930 3497 1133 3567 setezanum
1167 3515 1247 3566 oum
1279 3501 1350 3566 tcto
1383 3493 1538 3566 exercitu
1570 3515 1636 3568 suo
1667 3516 1795 3590 aquam
1830 3497 1984 3570 Ticinelli

563 3618 723 3690 transivit
741 3617 926 3691 sinebello
944 3631 978 3691 et
1004 3625 1089 3715 aput
1109 3617 1229 3692 villam
1251 3615 1445 3688 Lanteriam
1469 3625 1728 3690 castrametatus
1750 3629 1816 3692 est.
1834 3619 1878 3693 Et
1901 3621 1984 3696 inde

563 3753 716 3815 semotus
747 3763 827 3813 cnm
855 3742 1023 3814 militibus
1053 3742 1291 3830 Theotonicis,
1321 3742 1464 3832 Tuscis,
1494 3741 1638 3839 Apulis,
1672 3741 1980 3836 Cremonensibus,

563 3865 820 3955 laudensibus,
852 3865 1019 3937 militibus
1046 3887 1188 3960 quoque
1212 3865 1355 3958 Parme,
1382 3867 1542 3958 Mantue,
1570 3865 1728 3958 Pergami
1756 3875 1861 3961 atque
1890 3889 1982 3942 mar·

562 3988 687 4061 chione
707 3985 756 4084 (d)
779 3989 971 4082 Malaspina
992 4011 1073 4061 cnm
1096 3989 1230 4062 curceio
1248 3989 1415 4064 Cremone
1438 3990 1535 4062 venit
1552 3988 1599 4063 ad
1615 3989 1851 4064 ossiditionem
1867 3993 1982 4085 pontis

561 4113 645 4186 novi
662 4111 953 4204 Placentinorum
972 4134 1037 4186 sua
1054 4135 1197 4209 quoque
1217 4123 1330 4186 eastra
1345 4113 1434 4186 iuter
1457 4121 1588 4187 costam
1610 4111 1657 4186 de
1681 4113 1762 4186 Orio
1786 4123 1822 4186 et
1847 4114 1981 4188 Padum

560 4235 688 4331 posuit.
715 4235 758 4306 Et
783 4233 937 4308 marchio
958 4236 1092 4310 Lancea
1123 4239 1200 4330 ejus
1230 4235 1384 4310 vicarius
1412 4257 1493 4310 cum
1525 4235 1754 4332 Papiensibus
1782 4245 1817 4310 et
1842 4237 1979 4311 carooio

602 4423 644 4504 (a)
663 4421 755 4486 Deest
766 4423 889 4503 uliquld,
899 4431 1023 4506 propter
1033 4427 1081 4487 vel
1094 4425 1276 4506 hujusmodl.

600 4529 641 4610 (b)
663 4531 700 4591 In
713 4529 814 4591 codlce
827 4548 882 4593 eor.

601 4636 639 4717 (c)
665 4635 712 4698 lbt
724 4639 870 4714 quaedam
882 4637 984 4699 deesse
996 4639 1145 4699 rldentur.

600 4743 644 4824 (d)
667 4743 704 4805 In
716 4743 816 4806 codlce
826 4743 953 4806 auretio
966 4747 1029 4807 slve
1039 4743 1183 4806 alcredus.
