4568 6064
800 639 844 696 lN
870 635 1011 697 l'lllnln
1036 633 1189 694 ansuis,
1643 629 1704 692 375

333 775 397 846 Die
417 773 590 847 dominico
606 773 703 846 XXV
720 774 849 844 mensis
872 771 990 876 madii,
1006 772 1041 840 in
1069 768 1255 842 festivitate
1278 765 1395 838 Sancti
1414 765 1542 836 Urbani
1568 765 1705 860 incepto

283 897 392 990 prelio
411 897 500 968 inter
519 897 602 968 istas
618 905 733 988 partes
751 918 858 991 prope
876 897 990 968 locum
1002 893 1122 976 Mauri,
1140 891 1189 962 illi
1205 890 1250 963 de
1264 891 1402 960 civitate
1416 888 1601 960 Mediolani
1616 889 1705 960 obti-

285 1029 437 1092 nuerunt
452 1021 488 1089 in
508 1029 630 1091 totum.
645 1020 684 1090 ln
699 1042 771 1112 quo
786 1020 894 1114 prelio
916 1019 965 1089 illi
980 1017 1024 1089 de
1037 1019 1178 1088 Laturre
1196 1037 1275 1087 cum
1293 1011 1533 1084 Laudensibus
1554 1021 1588 1084 et
1604 1033 1707 1084 cerna

286 1143 433 1214 militum
448 1142 614 1214 Cremone
627 1151 662 1214 et
677 1163 757 1212 cum
771 1142 940 1212 militibus
954 1140 1085 1213 domini
1102 1137 1294 1234 patriarche
1305 1159 1393 1231 qnos
1409 1136 1453 1208 de
1465 1135 1577 1207 Friole
1587 1157 1705 1208 seeum

288 1267 438 1339 duxerat
448 1267 586 1361 penitus
601 1264 774 1338 disconfiti
791 1275 886 1352 sunt,
900 1273 934 1336 et
950 1277 1106 1336 mortuus
1123 1264 1188 1334 luit
1207 1263 1242 1334 in
1256 1263 1348 1334 dicto
1362 1261 1472 1356 prelio
1485 1260 1646 1332 Caxonus
1661 1258 1706 1332 de

287 1391 429 1460 Laturre
444 1398 480 1460 et
495 1388 596 1458 multi
614 1389 746 1460 neccati
766 1387 801 1458 in
815 1387 924 1460 fluvio
941 1385 1069 1461 Addue
1086 1397 1121 1459 et
1139 1386 1229 1458 bene
1247 1384 1326 1456 DCC
1340 1383 1466 1456 mortui
1483 1383 1519 1454 in
1536 1403 1659 1478 eampo
1673 1391 1708 1454 et

288 1512 386 1582 mulli
404 1511 495 1606 capti
515 1513 699 1606 plusquam
718 1512 813 1584 mille
831 1511 920 1584 inter
938 1511 1064 1583 milites
1079 1521 1114 1583 et
1131 1509 1279 1605 pedites.

359 1633 365 1732 Ι
387 1637 450 1706 Die
469 1636 629 1707 mercurii
647 1637 693 1708 Xl
713 1636 840 1708 mensis
853 1636 943 1728 junii
970 1636 1132 1708 dominus
1153 1632 1346 1730 patriarcha
1362 1654 1443 1704 cum
1459 1631 1626 1704 Friolanis
1647 1634 1708 1725 qui

288 1781 334 1832 ex
356 1760 464 1854 prelio
489 1770 671 1832 evaserant
692 1759 737 1832 de
764 1761 903 1832 civitate
923 1759 1042 1832 Laude
1069 1781 1192 1832 versus
1216 1758 1418 1830 Cremonam
1442 1777 1480 1827 se
1499 1755 1632 1826 divisit.
1657 1759 1709 1828 De

288 1905 408 1956 mense
426 1905 510 1956 vero
519 1884 610 1976 junii
623 1884 857 1956 Bononienses
874 1883 1046 1956 intrinseci
1062 1905 1140 1954 cum
1157 1881 1326 1952 militibus
1339 1880 1469 1952 domini
1484 1879 1576 1973 regis
1591 1881 1708 1952 Karoli

288 2017 322 2080 et
348 2029 428 2080 cnm
455 2009 622 2080 militibus
646 2008 798 2080 Ecclesia
818 2017 852 2079 et
882 2030 961 2080 cum
988 2007 1156 2078 militibus
1180 2005 1298 2096 Regii,
1319 2005 1440 2076 Parme
1465 2013 1500 2076 et
1521 2004 1651 2076 Mutine
1674 2014 1708 2076 et

289 2153 369 2202 cum
384 2132 547 2204 omnibns
563 2152 685 2203 eorum
706 2130 828 2202 amicis
849 2131 1015 2204 hostiliter
1034 2132 1173 2203 iverunt
1199 2151 1304 2224 snper
1331 2129 1503 2200 civitatem
1518 2128 1650 2198 Furlini
1671 2129 1706 2198 in

290 2256 392 2347 cujus
415 2253 627 2328 deffensione
644 2266 718 2327 erat
735 2277 850 2328 comes
862 2249 976 2328 Guido¹
992 2257 1038 2328 de
1054 2256 1269 2328 Monteleltro
1284 2275 1363 2326 cum
1378 2253 1535 2325 Gibilinis
1555 2252 1599 2325 de
1614 2254 1709 2324 Tus-

290 2379 343 2450 cia
360 2391 396 2450 et
412 2379 489 2452 aliis
502 2379 660 2474 pluribus
684 2380 760 2470 ejus
779 2379 912 2469 amicis,
930 2389 965 2453 et
982 2379 1027 2452 de
1042 2378 1166 2451 eodem
1185 2399 1303 2452 mense
1322 2379 1412 2450 lacto
1436 2386 1560 2472 guasto
1579 2377 1708 2450 reversi
1774 2446 1777 2452 ,

288 2501 428 2572 suntad
448 2503 598 2596 propria.

339 2625 404 2697 Die
420 2627 568 2698 mercuri
584 2625 661 2698 XVl
678 2625 806 2698 mensis
818 2625 895 2718 julii
916 2625 1077 2700 dominus
1093 2625 1297 2698 Guillelmus
1315 2626 1466 2698 marchio
1484 2627 1709 2698 Montislerati

290 2749 457 2842 applicuit
475 2749 511 2820 in
534 2749 708 2822 civitatem
727 2751 838 2822 lanne
864 2771 944 2822 cum
967 2771 1093 2843 magna
1114 2751 1306 2844 quantitate
1329 2749 1473 2821 militum
1497 2760 1532 2821 et
1555 2751 1709 2823 ballista·

291 2871 418 2942 riorum
447 2873 492 2944 de
515 2873 667 2968 Yspania
697 2871 955 2946 adsoldalorum
978 2895 1038 2967 per
1065 2874 1245 2946 dominum
1269 2895 1385 2968 regem
1412 2873 1457 2945 de
1486 2873 1648 2964 Castella,
1675 2885 1711 2946 et

291 2993 391 3068 vadit
406 2995 451 3066 de
473 2995 530 3068 die
552 2995 588 3066 in
611 2995 705 3068 diem
727 3017 849 3068 versus
871 2997 1105 3070 Mediolanum
1125 3000 1226 3090 cujus
1242 3007 1295 3070 est
1315 2997 1494 3087 dominus;
1516 2996 1630 3091 primo
1647 2997 1711 3068 ivit

290 3117 464 3190 Vercellas
483 3129 517 3190 et
542 3117 684 3192 reduxit
711 3129 842 3214 partem
869 3117 1071 3192 Tizonornm
1098 3141 1168 3212 que
1193 3129 1294 3190 extra
1321 3120 1468 3214 expulsa
1495 3119 1708 3212 incivitate,

291 3241 421 3316 deinde
439 3242 685 3316 Mediolanum.

342 3367 405 3438 Die
418 3367 527 3438 XVlll
547 3368 676 3440 mensis
692 3366 833 3460 angusti
850 3366 1004 3438 existens
1018 3365 1172 3438 marchio
1187 3365 1410 3438 Montislerati
1429 3367 1465 3438 in
1482 3367 1622 3440 civitate
1638 3371 1712 3443 Me·

294 3487 423 3562 diolani
433 3490 537 3582 jussit
549 3490 685 3564 extrahi
699 3491 871 3564 carosium
886 3489 1076 3562 Mediolani
1091 3489 1305 3562 adeundum
1320 3512 1425 3586 super
1441 3499 1564 3564 terram
1580 3493 1710 3583 Laude,

293 3611 423 3686 deinde
449 3614 546 3686 venit
561 3613 703 3710 Papiam
722 3623 756 3686 et
770 3613 874 3706 jussit
898 3613 1034 3688 extrahi
1058 3613 1231 3686 carocium
1250 3623 1285 3685 et
1305 3623 1526 3686 extruserunt
1542 3616 1599 3688 die
1621 3617 1713 3709 jovis

292 3738 431 3810 XXlllll
459 3739 611 3833 augusti.
640 3739 702 3812 Die
724 3739 818 3832 jovis
843 3739 901 3810 llll
930 3738 1059 3810 mensis
1082 3739 1288 3834 septembris
1315 3738 1427 3810 dictus
1453 3741 1606 3813 marchio
1634 3763 1714 3814 cum

294 3861 428 3934 oarooio
447 3862 632 3935 Mediolani
656 3871 691 3934 et
710 3863 784 3934 suis
807 3863 1000 3936 admislatis
1018 3864 1115 3938 venit
1137 3864 1184 3936 ad
1208 3864 1454 3958 hospitandum
1472 3864 1518 3936 ad
1536 3866 1715 3958 Meregna-

295 4007 393 4076 num,
411 3984 539 4058 deinde
557 3985 594 4058 in
618 3986 750 4078 guastis
766 3986 884 4060 Laude
901 3996 936 4058 et
952 3988 1043 4060 stetit
1066 3989 1113 4058 ibi
1140 4009 1199 4082 per
1216 3989 1278 4060 XV
1294 3988 1369 4060 dies
1386 3989 1581 4081 guastando
1605 3999 1715 4062 castra

295 4118 331 4182 et
350 4109 450 4182 villas
470 4120 506 4182 et
525 4111 618 4202 loca,
642 4109 763 4182 vineas
786 4120 820 4182 et
844 4111 984 4184 arbores
1012 4111 1171 4204 undique
1195 4134 1308 4206 usque
1338 4111 1384 4184 ad
1414 4114 1538 4185 fossata
1567 4115 1717 4186 civitatis

297 4233 429 4305 Laude.
451 4233 494 4304 Et
514 4233 571 4306 die
592 4235 752 4305 mercurii
769 4235 861 4306 XVll
886 4236 1090 4330 septembris
1113 4237 1264 4308 recessit.
1285 4236 1531 4309 Cremonenses
1555 4259 1633 4309 cum
1654 4260 1716 4334 po·

296 4358 381 4450 pulo
392 4365 428 4429 et
444 4357 567 4428 militia
585 4379 704 4430 eorum
721 4367 756 4430 et
770 4359 971 4431 Parmenses
987 4359 1145 4432 similiter
1161 4383 1241 4432 cum
1258 4361 1387 4454 populo
1403 4370 1438 4433 et
1453 4361 1579 4432 milicia
1597 4383 1717 4432 eornm

296 4489 333 4550 et
354 4479 480 4552 milites
502 4481 599 4573 liegii
615 4491 649 4552 et
666 4481 799 4553 Mutine
823 4483 884 4575 qui
907 4483 1082 4557 civitatem
1105 4483 1222 4556 Laude
1241 4483 1439 4556 deffendere
1458 4485 1662 4556 tenebantur
1684 4495 1720 4558 et

306 4603 483 4694 volebant,
501 4603 732 4676 veneruntad
748 4605 1002 4678 Pizumleonem
1018 4618 1052 4678 et
1070 4629 1138 4680 non
1157 4609 1295 4680 luerunt
1309 4609 1384 4680 ausi
1402 4610 1544 4680 transire
1557 4608 1720 4682 Adduam

305 4726 354 4798 ad
371 4727 626 4800 succurendum
643 4728 761 4802 hande
780 4739 813 4802 et
829 4730 880 4801 sic
894 4731 1023 4802 reversi
1040 4739 1121 4802 sunt
1133 4752 1253 4804 omnes
1269 4731 1315 4804 ad
1332 4732 1485 4827 propria.
