4594 6066
807 645 852 708 Ill
875 643 1016 706 trebie
1039 641 1189 705 Gestis
1652 631 1712 696 153

339 790 387 865 Μ.
400 789 463 863 OC.
479 785 621 861 xxxvl
641 781 705 880 (a),
721 783 767 856 de
783 803 902 856 mense
914 781 1019 875 junii.

281 914 284 922 '
343 913 600 1002 «Fredericus,
626 909 690 981 Dei
710 907 821 1003 gratia
834 905 1067 979 Romanorum
1093 903 1290 998 imperator,
1318 899 1506 974 Jerusalem
1536 905 1571 970 et
1595 893 1712 968 Sicilie

290 1059 374 1130 rex,
400 1046 437 1112 et
458 1045 587 1110 cetera.
607 1033 693 1105 Cum
713 1033 759 1105 de
778 1029 870 1103 lelici
890 1049 1053 1125 processu
1073 1037 1191 1100 nostro
1212 1027 1337 1100 devota
1355 1023 1430 1096 sitis
1451 1019 1632 1096 allectione
1658 1039 1711 1091 so·

290 1161 374 1234 liciti
406 1171 442 1234 et
462 1159 509 1233 ad
530 1177 651 1230 eorum
669 1175 740 1249 que
757 1153 849 1226 circa
864 1173 930 1224 nos
946 1159 1098 1245 aguntur
1111 1149 1274 1222 noticiam
1294 1147 1470 1243 aspiretis,
1493 1143 1711 1217 universitati

292 1295 408 1360 vestre
441 1282 660 1380 presentibus
692 1279 893 1350 intimemus
921 1275 966 1374 (b)
988 1275 1231 1350 occurentibus
1262 1273 1363 1344 nobis
1397 1269 1554 1365 undique
1585 1267 1712 1365 princi·

292 1409 396 1506 pibus
415 1406 545 1481 nostris
557 1405 618 1500 qui
638 1412 738 1476 erant
755 1403 791 1474 in
809 1402 951 1496 regiorm
971 1400 1064 1473 Utini
1081 1397 1145 1496 (c),
1166 1409 1236 1471 tam
1258 1395 1343 1493 ipsis
1363 1417 1470 1490 quam
1493 1391 1713 1486 magnatibus

292 1539 329 1604 et
354 1529 494 1626 populis
519 1527 671 1600 civitatis
702 1525 918 1622 presenciam
948 1532 1100 1596 nostram
1125 1521 1370 1618 recipientibus
1395 1539 1532 1590 summo
1558 1525 1653 1589 voto.
1672 1517 1715 1588 Et

293 1673 374 1724 cum
398 1651 602 1726 mandatum
629 1658 783 1722 nostrum
816 1669 880 1745 per
907 1647 1036 1720 litteras
1060 1655 1194 1718 nostras
1217 1655 1254 1717 et
1280 1643 1426 1715 nuncios
1447 1647 1642 1714 emanasset
1669 1639 1715 1712 ad

294 1775 422 1848 multos
444 1783 485 1846 ut
508 1774 711 1866 abjurantes
732 1773 828 1845 omni
851 1771 1046 1863 iuramento
1072 1771 1101 1841 si
1124 1768 1211 1864 quid
1234 1767 1339 1840 alicui
1362 1767 1530 1859 lecerunt,
1554 1763 1654 1837 nobis
1680 1773 1716 1836 et

294 1898 442 1994 imperio
463 1897 659 1993 specialiter
680 1893 858 1971 fidelitatis
879 1896 1074 1987 juramenta
1091 1903 1301 1987 prestarent,
1323 1899 1392 1964 tam
1409 1891 1459 1961 illi
1475 1890 1538 1985 qui
1555 1889 1643 1981 jussi
1665 1887 1715 1984 (d)

295 2021 433 2094 inerant
452 2041 560 2115 quam
588 2018 694 2092 ceteri
715 2017 763 2090 ad
783 2039 872 2112 quos
890 2025 1039 2090 eventus
1059 2017 1167 2088 nostri
1189 2017 1279 2088 lama
1304 2015 1480 2110 pervenit,
1505 2013 1578 2086 nelo
1595 2009 1717 2085 fideli-

295 2143 377 2215 tatis
397 2141 447 2236 (ο)
463 2141 624 2230 accensi,
644 2141 813 2231 abjuratis
842 2139 1056 2233 quibuslibet
1079 2139 1303 2230 juramentis,
1329 2147 1455 2210 statuta
1483 2159 1628 2233 persona
1655 2159 1716 2231 pro

296 2273 395 2357 parte
407 2271 526 2334 nostra
537 2263 573 2334 in
591 2263 787 2358 receptione
804 2262 856 2358 (s)
870 2261 1158 2354 juramentorum,
1173 2261 1274 2334 nobis
1290 2271 1325 2334 et
1339 2261 1483 2357 imperio
1496 2261 1718 2355 sollenpnitcr

292 2385 513 2478 juraverunt.
530 2384 601 2458 Sed
620 2385 682 2458 ubi
701 2387 925 2482 pervenimus
942 2387 1189 2482 Ratispcniam,
1209 2387 1437 2458 conveniente
1455 2385 1584 2458 ibidem
1602 2385 1718 2455 nobis·

297 2529 378 2580 cum
403 2509 545 2603 egregia
562 2509 760 2605 principum
780 2509 965 2600 comitiva,
985 2509 1160 2581 nobilibus
1184 2517 1218 2580 et
1238 2508 1518 2580 ministerialibus
1535 2505 1582 2602 (p)
1601 2507 1718 2578 multis

296 2653 345 2705 ex
372 2631 522 2706 diversis
551 2633 730 2706 Alamenie
757 2631 914 2728 partibus
943 2641 979 2704 et
998 2631 1043 2704 de
1064 2631 1192 2703 ducatu
1220 2641 1336 2704 nostro
1367 2631 1495 2704 Suevie
1521 2651 1718 2704 concursu-

296 2755 391 2828 tibns
415 2755 463 2829 ad
490 2767 643 2830 nostram
669 2755 903 2852 presenciam,
933 2753 979 2827 de
1005 2755 1251 2848 tranquillitate
1269 2755 1532 2847 circonjacentis
1558 2755 1609 2850 (lt)
1635 2775 1719 2849 pro·

299 2879 414 2952 vincis
430 2879 533 2976 plene
551 2881 786 2968 tractavimus,
805 2879 1014 2974 recipientes
1030 2877 1080 2949 ibi
1096 2877 1244 2951 nuncios
1260 2877 1305 2950 de
1319 2901 1482 2975 prospero
1498 2888 1589 2950 statu
1605 2879 1720 2950 future

298 3002 467 3074 consertis
480 3011 597 3076 nostre
615 3003 741 3076 sororis
754 3001 895 3074 illustris
911 3002 1004 3096 regis
1017 3001 1224 3096 Anglorum,
1239 3023 1310 3096 que
1324 3011 1401 3096 post
1417 3023 1596 3074 accessum
1615 3025 1719 3074 suum

298 3125 336 3196 in
358 3121 578 3197 Alamaniam
599 3145 810 3221 quocunque
835 3125 996 3198 transivit
1012 3126 1109 3198 omni
1129 3123 1391 3200 honorificentia
1413 3127 1630 3222 principum,
1655 3147 1719 3200 no·

299 3248 442 3341 billum,
479 3249 687 3346 populorum
719 3250 912 3324 devocione
943 3249 1127 3344 magnilica
1154 3251 1207 3346 (i)
1236 3250 1404 3323 duximus
1433 3249 1715 3345 procedendum,

299 3383 403 3469 prout
430 3373 515 3444 tanti
543 3371 672 3446 federis
698 3373 810 3464 exigit
835 3373 1053 3467 magnitudo.
1087 3374 1245 3447 Preterea
1268 3375 1351 3468 quia
1376 3394 1439 3446 rex
1467 3372 1561 3444 filius
1589 3381 1717 3463 noster,

299 3497 543 3572 recedentibus
559 3499 723 3572 omnibus
737 3499 783 3572 ab
802 3519 845 3574 eo
863 3507 942 3596 post
962 3495 969 3594 Ι
990 3497 1180 3572 adveutum
1195 3507 1349 3574 nostrum
1367 3521 1456 3596 quos
1472 3499 1600 3572 invitos
1616 3499 1664 3572 ad
1681 3521 1720 3576 se
1744 3512 1795 3558 1²⁰¹·
1808 3514 1911 3560 romu.

344 3791 386 3873 (a)
408 3795 465 3858 lile
477 3799 640 3860 certissime
652 3801 722 3860 anni
734 3803 849 3862 notatio
861 3803 977 3862 unitate
990 3795 1136 3875 abundat,
1152 3797 1224 3861 dum
1247 3799 1345 3860 adhuc
1363 3799 1400 3860 de
1419 3815 1497 3862 anno
1513 3809 1587 3862 tlte
1603 3807 1718 3880 agatur,

300 3905 337 3960 nt
348 3916 388 3961 ex
400 3917 499 3964 rerum
512 3905 588 3964 serie
600 3905 688 3982 plene
702 3906 806 3984 liquet.

344 4003 386 4085 (b)
408 4007 471 4070 Sub
483 4009 542 4071 boc
559 4011 624 4072 loco
638 4011 786 4089 quaedam
800 4011 902 4074 deesse
914 4013 1063 4074 videntur.

343 4110 382 4190 (c)
407 4113 444 4174 In
455 4115 556 4178 mdlm
567 4117 666 4177 victui
682 4115 770 4191 Quod
783 4133 904 4180 sensum
914 4121 1036 4180 omnino
1049 4117 1159 4181 toedet.

344 4215 389 4300 (d)
409 4221 446 4282 In
457 4221 558 4284 cctllce
569 4241 659 4304 quem
675 4223 754 4287 cisti.

344 4323 384 4405 (e)
410 4325 841 4404 lnecdlcecclcfidclitetidttt.

344 4429 395 4509 (s)
409 4431 446 4493 ln
459 4433 560 4494 codice
572 4435 723 4514 rccipiunt

345 4533 387 4616 (p)
409 4536 446 4598 ln
459 4539 560 4602 codice
572 4541 814 4606 ministrantibus.

345 4639 388 4721 (l)
410 4641 446 4702 ln
460 4645 561 4709 codice
573 4649 810 4714 &conducentia

345 4745 389 4828 (i)
411 4751 564 4827 Qucum
578 4753 620 4816 tbl
634 4753 732 4819 denuo
746 4759 848 4821 deuse
861 4758 1009 4836 videntur,
1024 4761 1083 4822 nlsl
1096 4760 1179 4822 locus
1191 4756 1316 4820 nubles
1327 4760 1374 4819 stt

1520 4873 1559 4926 2⁰
