4554 6080
821 606 863 666 IN
887 605 1027 667 trama
1051 606 1203 670 GES'l'lS.
1656 603 1717 667 aot

294 738 490 828 Placentia,
512 741 667 813 iecerunt
686 741 887 836 congregari
915 740 951 812 in
974 742 1116 815 ecclesia
1141 743 1207 814 ista
1225 741 1263 814 in
1278 761 1398 816 eorum
1414 741 1585 835 presentia
1604 761 1718 834 usqne

297 861 339 933 in
359 865 418 934 LX
437 862 482 935 de
498 863 719 958 magnatibus
740 864 851 960 ipsius
868 865 1016 938 civitatis
1034 887 1122 959 quos
1144 865 1232 938 inter
1256 887 1294 937 se
1309 864 1464 937 vicissim
1480 866 1632 937 lecerunt
1650 865 1719 936 ob-

297 987 428 1059 sculari
448 997 483 1060 et
508 987 723 1062 sacerdotem
742 1010 823 1060 cnm
846 1008 989 1060 munero
1009 986 1085 1082 (sio)
1104 989 1140 1060 in
1161 1010 1221 1062 ore
1241 997 1276 1062 et
1297 989 1414 1080 jurare
1432 1007 1534 1080 super
1555 985 1719 1080 reliquias

297 1120 501 1184 sanctornm
521 1120 556 1183 et
580 1131 718 1185 mucem
739 1121 895 1184 sanctam
915 1120 949 1184 et
974 1113 1196 1203 evangelium
1218 1109 1226 1209 Ι
1246 1113 1385 1185 Domini
1407 1131 1527 1206 paoem
1553 1109 1641 1180 inter
1660 1131 1720 1182 eos

298 1240 472 1328 perpetuo
485 1232 682 1326 observare,
696 1233 941 1306 renunciantes
958 1235 1053 1306 omni
1074 1234 1245 1328 adjutorio
1257 1235 1333 1326 Dei,
1349 1235 1376 1306 si
1396 1235 1475 1328 quis
1493 1239 1610 1306 contra
1626 1234 1718 1306 iace·

296 1365 372 1445 rct;
390 1356 486 1450 quod
502 1357 826 1430 maleobservatnm
846 1357 922 1429 tuit.

350 1479 395 1550 tlt
410 1486 493 1552 tunc
509 1479 653 1576 predicti
668 1480 772 1575 legati
785 1501 866 1552 cum
880 1479 1040 1552 iratribus
1055 1479 1327 1575 predicatoribus
1340 1480 1386 1552 ad
1396 1478 1484 1552 illud
1499 1479 1643 1553 offitium
1658 1499 1720 1574 per

298 1623 477 1674 sommum
496 1603 690 1698 pontificem
707 1602 881 1698 deputatis
899 1603 1023 1674 multos
1041 1602 1211 1676 hereticos
1235 1604 1269 1674 in
1291 1603 1431 1676 civitate
1448 1602 1613 1674 Cremona
1631 1609 1666 1674 et
1683 1602 1720 1673 in

299 1727 444 1800 civitate
456 1728 631 1800 Placentia
653 1735 820 1821 ceperunt
837 1736 871 1797 et
894 1727 1163 1814 combuxerunt,
1188 1737 1223 1799 et
1246 1727 1370 1800 multos
1387 1727 1422 1798 in
1439 1725 1654 1798 Provinciam
1676 1725 1722 1799 de

299 1851 423 1945 lingna
437 1851 637 1945 provinciali
652 1849 856 1922 direxerunt
871 1849 1022 1922 vinculis
1039 1849 1210 1944 alligatos.
1227 1851 1384 1924 Preterea
1397 1848 1543 1944 predicti
1561 1849 1663 1942 legati
1677 1851 1721 1924 de

299 1973 488 2046 discordiis
510 1974 651 2064 Parme,
672 1972 876 2062 Mediolani,
903 1973 1062 2062 Mantus,
1088 1973 1261 2061 Ferraria,
1286 1973 1435 2063 Laudis,
1464 1973 1716 2060 vercellarum,

299 2097 469 2186 Novaria,
494 2097 679 2168 Cumarum
704 2107 740 2166 et
764 2096 910 2167 aliarum
932 2096 1111 2167 civitatum
1133 2116 1171 2168 se
1196 2096 1290 2166 nullo
1315 2095 1418 2168 modo
1443 2095 1717 2188 intromiserunt,

300 2219 366 2292 sed
390 2219 487 2314 quod
514 2221 592 2316 plns
620 2229 672 2292 est
700 2239 820 2292 omnes
844 2218 1006 2292 bannitus
1033 2218 1174 2290 istarum
1202 2218 1382 2292 civitatum
1408 2219 1533 2290 iterum
1557 2219 1602 2292 de
1629 2241 1721 2294 novo

298 2343 486 2416 rebannire
499 2346 696 2437 jusserunt,
716 2341 763 2414 ita
781 2341 878 2436 qnod
894 2341 1042 2436 quilibet
1061 2341 1225 2414 bannitus
1242 2350 1334 2415 esset
1355 2341 1541 2432 cuiuslibet
1556 2342 1717 2414 civitatis.

299 2468 435 2539 Interea
452 2465 598 2561 predicti
624 2465 729 2559 legati
746 2474 941 2538 statuerunt
962 2465 1075 2537 lacere
1094 2465 1302 2558 colloquium
1322 2461 1418 2558 apud
1435 2465 1626 2536 Romanum
1641 2467 1721 2560 epi-

298 2600 463 2685 scopatus
478 2589 634 2683 Pergami
650 2610 730 2660 cnm
745 2589 909 2660 omnibus
924 2589 1137 2680 Lombardis,
1154 2589 1275 2683 inquo
1291 2587 1464 2682 colloquio
1473 2587 1722 2660 ordinaverunt

300 2733 427 2810 capere
450 2713 631 2787 dominum
657 2711 814 2784 Bossium
836 2711 881 2786 de
901 2711 1050 2784 Dovaria
1074 2720 1108 2784 et
1130 2711 1289 2784 comitem
1312 2711 1514 2784 Ubertinum
1537 2710 1583 2783 de
1602 2711 1722 2784 Lando

297 2860 391 2932 quos
407 2837 453 2911 ad
463 2839 577 2932 ipsum
591 2835 800 2930 colloquium
813 2835 1059 2908 invitaverunt.
1072 2834 1139 2908 Sed
1153 2835 1293 2908 Bossins
1306 2835 1416 2908 noluit
1429 2835 1490 2908 ire.
1506 2835 1627 2908 Comes
1637 2855 1722 2909 vero

298 2962 364 3035 ivit
379 2981 492 3056 usquo
504 2960 552 3033 ad
570 2958 796 3050 Suncoinum,
817 2959 878 3054 qui
896 2957 1032 3053 fingens
1047 2981 1123 3031 esse
1137 2981 1260 3052 egrum
1274 2979 1345 3030 non
1364 2959 1428 3030 ivit
1443 2959 1544 3032 ultra.
1562 2959 1605 3030 Et
1621 2980 1722 3032 com-

299 3086 393 3180 pleto
407 3083 581 3178 colloquio
595 3083 657 3154 nbi
673 3083 781 3154 multa
803 3083 894 3154 mala
914 3083 1073 3156 ordinata
1089 3085 1230 3154 luerunt
1246 3089 1363 3156 contra
1379 3091 1511 3176 partem
1527 3081 1660 3177 imperii
1682 3082 1720 3156 in

298 3207 526 3301 Lombardia,
551 3207 680 3281 reversi
709 3215 790 3278 sunt
814 3227 935 3279 omnes
960 3205 1006 3279 ad
1032 3205 1182 3302 propria.
1208 3207 1304 3277 Tunc
1335 3205 1438 3296 legati
1465 3213 1656 3282 statuerunt
1686 3215 1721 3280 et

299 3333 489 3404 voluerunt
504 3330 601 3426 quod
617 3330 756 3402 lloohus
771 3327 818 3402 ds
834 3329 944 3402 Strata
962 3329 1024 3424 qui
1040 3339 1113 3402 erat
1129 3337 1279 3424 potestas
1294 3329 1458 3402 Cremone
1481 3327 1657 3402 recederet
1675 3329 1720 3402 ab

301 3456 377 3548 ipso
388 3453 568 3547 regimine,
580 3454 804 3547 stelogerunt
816 3452 853 3523 in
864 3453 942 3525 loeo
955 3474 1019 3525 sno
1035 3451 1250 3548 Raynaldum
1265 3451 1405 3524 Scotum
1420 3451 1532 3525 civem
1548 3452 1720 3528 Placentia

300 3583 542 3668 mercatorem,
556 3575 602 3648 de
616 3595 687 3669 quo
703 3575 802 3646 mnlti
817 3584 997 3670 magnates
1014 3576 1162 3649 civitatis
1177 3575 1349 3648 Placentie
1361 3574 1548 3650 doluerunt
1563 3576 1607 3650 ad
1632 3594 1720 3650 mor

299 3705 369 3770 tem
386 3706 525 3794 pmpter
538 3697 658 3771 odium
671 3697 767 3792 quod
780 3698 909 3771 habent
922 3700 1233 3796 versuspopulum.
1245 3700 1289 3772 Et
1301 3708 1473 3772 venerunt
1485 3699 1531 3773 ad
1543 3700 1719 3774 civitatem

298 3821 491 3914 Placenti03
510 3821 747 3918 deposuerunt
773 3820 819 3895 de
837 3823 914 3918 ipso
938 3823 1109 3917 regimine
1127 3821 1345 3896 Girardinnm
1368 3813 1414 3896 de
1429 3823 1578 3898 Dovaria
1595 3833 1628 3897 et
1643 3825 1718 3898 looo

298 3947 374 4036 ejus
391 3955 601 4039 posunerunt
614 3943 802 4018 Gnidotum
818 3944 862 4017 de
876 3943 1140 4019 Archidiaoonis
1153 3947 1266 4020 civem
1286 3946 1469 4043 Cremona.¹
1483 3947 1526 4020 Et
1538 3957 1621 4020 tuno
1632 3961 1718 4022 tem·

298 4065 393 4160 poris
416 4066 565 4162 predicti
586 4069 688 4164 legati
712 4076 923 4142 revertentes
950 4067 1149 4142 Cremonam
1176 4077 1369 4143 statuerunt
1395 4068 1549 4144 contines
1576 4069 1718 4144 domino

297 4189 416 4262 Bossio
437 4189 483 4264 de
498 4191 646 4266 Dovaria
662 4200 696 4264 et
716 4193 828 4264 tribus
843 4213 924 4263 cum
942 4213 984 4264 eo
1006 4191 1051 4264 de
1069 4202 1166 4288 parte
1188 4203 1302 4266 suaet
1319 4193 1461 4267 domino
1478 4191 1650 4268 Amadino
1671 4195 1718 4270 de

298 4310 433 4386 Amatis
441 4333 520 4386 cnm
534 4315 644 4388 tribus
655 4315 733 4388 aliis
747 4315 896 4412 departe
909 4337 973 4388 soa
988 4343 997 4386 ε
1014 4315 1075 4412 qui
1088 4318 1217 4410 statim,
1227 4317 1317 4390 sicut
1329 4328 1568 4414 preceperunt,
1578 4319 1717 4392 iverunt

298 4435 345 4508 ad
369 4433 522 4510 contines
549 4437 616 4510 sibi
646 4439 835 4513 ordinatas.
870 4441 1004 4514 luteroa
1031 4439 1193 4513 dominus
1225 4464 1316 4536 papa
1343 4441 1477 4534 absque
1502 4442 1716 4518 consciencia

298 4557 526 4632 cardinalium
541 4561 729 4634 transmisit
748 4564 783 4636 in
798 4563 958 4638 Tusciam
979 4563 1178 4658 quingintos
1191 4544 1317 4638 milites
1333 4566 1395 4660 qui
1408 4566 1648 4657 ignorantibus
1667 4566 1715 4662 (o)

342 4703 384 4784 (u)
405 4705 443 4766 ln
455 4705 556 4768 codice
570 4706 746 4787 quocum.
