<?xml version="1.0" encoding="UTF-8"?>
<!DOCTYPE html PUBLIC "-//W3C//DTD XHTML 1.0 Transitional//EN"
    "http://www.w3.org/TR/xhtml1/DTD/xhtml1-transitional.dtd">
<html xmlns="http://www.w3.org/1999/xhtml" xml:lang="en" lang="en">
 <head>
  <title>
</title>
<meta http-equiv="Content-Type" content="text/html;charset=utf-8" />
  <meta name='ocr-system' content='tesseract 3.04.00' />
  <meta name='ocr-capabilities' content='ocr_page ocr_carea ocr_par ocr_line ocrx_word'/>
</head>
<body>
  <div class='ocr_page' id='page_1' title='image "./chroniconplacen00huilgoog_0075.png"; bbox 0 0 4676 6066; ppageno 0'>
   <div class='ocr_carea' id='block_1_1' title="bbox 617 653 1599 722">
    <p class='ocr_par' dir='ltr' id='par_1_1' title="bbox 617 653 1599 722">
     <span class='ocr_line' id='line_1_1' title="bbox 617 653 1599 722; baseline -0.006 0"><span class='ocrx_word' id='word_1_1' title='bbox 617 659 656 722; x_wconf 81' lang='grc'><strong>11</strong></span> <span class='ocrx_word' id='word_1_2' title='bbox 1031 653 1274 717; x_wconf 71' lang='lat' dir='ltr'><strong>conculcen</strong></span> <span class='ocrx_word' id='word_1_3' title='bbox 1299 655 1599 718; x_wconf 70' lang='lat' dir='ltr'><strong>auscultaturus</strong></span> 
     </span>
    </p>
   </div>
   <div class='ocr_carea' id='block_1_2' title="bbox 615 788 2070 3734">
    <p class='ocr_par' dir='ltr' id='par_1_2' title="bbox 615 788 2034 1136">
     <span class='ocr_line' id='line_1_2' title="bbox 615 788 2034 890; baseline -0.003 -22"><span class='ocrx_word' id='word_1_4' title='bbox 615 803 650 868; x_wconf 91' lang='lat' dir='ltr'><strong>et</strong></span> <span class='ocrx_word' id='word_1_5' title='bbox 668 791 780 890; x_wconf 92' lang='lat' dir='ltr'><strong>primo</strong></span> <span class='ocrx_word' id='word_1_6' title='bbox 795 790 933 887; x_wconf 78' lang='lat' dir='ltr'><strong>perexit</strong></span> <span class='ocrx_word' id='word_1_7' title='bbox 948 788 995 863; x_wconf 89' lang='lat' dir='ltr'><strong>ad</strong></span> <span class='ocrx_word' id='word_1_8' title='bbox 1013 789 1190 886; x_wconf 80' lang='lat' dir='ltr'>quoddam</span> <span class='ocrx_word' id='word_1_9' title='bbox 1205 799 1355 866; x_wconf 79' lang='lat' dir='ltr'><strong>castrum</strong></span> <span class='ocrx_word' id='word_1_10' title='bbox 1372 791 1469 888; x_wconf 90' lang='lat' dir='ltr'><strong>quod</strong></span> <span class='ocrx_word' id='word_1_11' title='bbox 1484 789 1892 888; x_wconf 81' lang='lat' dir='ltr'><strong>appellaturVellianum,</strong></span> <span class='ocrx_word' id='word_1_12' title='bbox 1908 791 2034 865; x_wconf 81' lang='lat' dir='ltr'><strong>etfacit</strong></span> 
     </span>
     <span class='ocr_line' id='line_1_3' title="bbox 616 913 2031 1011; baseline 0.001 -21"><span class='ocrx_word' id='word_1_13' title='bbox 616 917 666 990; x_wconf 90' lang='lat' dir='ltr'><strong>ibi</strong></span> <span class='ocrx_word' id='word_1_14' title='bbox 685 915 760 990; x_wconf 88' lang='lat' dir='ltr'><strong>fieri</strong></span> <span class='ocrx_word' id='word_1_15' title='bbox 784 935 976 1008; x_wconf 77' lang='lat' dir='ltr'><strong>mangauos</strong></span> <span class='ocrx_word' id='word_1_16' title='bbox 993 923 1029 988; x_wconf 90' lang='lat' dir='ltr'><strong>et</strong></span> <span class='ocrx_word' id='word_1_17' title='bbox 1044 915 1241 1011; x_wconf 84' lang='lat' dir='ltr'><strong>predarios,</strong></span> <span class='ocrx_word' id='word_1_18' title='bbox 1256 927 1291 989; x_wconf 89' lang='lat' dir='ltr'><strong>et</strong></span> <span class='ocrx_word' id='word_1_19' title='bbox 1307 917 1399 990; x_wconf 89' lang='lat' dir='ltr'><strong>stetit</strong></span> <span class='ocrx_word' id='word_1_20' title='bbox 1420 918 1510 990; x_wconf 87' lang='lat' dir='ltr'><strong>circa</strong></span> <span class='ocrx_word' id='word_1_21' title='bbox 1533 913 1620 988; x_wconf 93' lang='lat' dir='ltr'><strong>illud</strong></span> <span class='ocrx_word' id='word_1_22' title='bbox 1635 937 1698 1011; x_wconf 87' lang='lat' dir='ltr'><strong>per</strong></span> <span class='ocrx_word' id='word_1_23' title='bbox 1714 913 1915 1010; x_wconf 90' lang='lat' dir='ltr'><strong>quindecim</strong></span> <span class='ocrx_word' id='word_1_24' title='bbox 1932 914 2031 1010; x_wconf 90' lang='lat' dir='ltr'><strong>dies,</strong></span> 
     </span>
     <span class='ocr_line' id='line_1_4' title="bbox 617 1037 1010 1136; baseline -0.01 -21"><span class='ocrx_word' id='word_1_25' title='bbox 617 1049 653 1115; x_wconf 93' lang='lat' dir='ltr'><strong>et</strong></span> <span class='ocrx_word' id='word_1_26' title='bbox 670 1040 762 1136; x_wconf 88' lang='lat' dir='ltr'><strong>cepit</strong></span> <span class='ocrx_word' id='word_1_27' title='bbox 774 1050 809 1112; x_wconf 89' lang='lat' dir='ltr'><strong>et</strong></span> <span class='ocrx_word' id='word_1_28' title='bbox 826 1037 1010 1114; x_wconf 78' lang='lat' dir='ltr'><strong>destruxit.</strong></span> 
     </span>
    </p>

    <p class='ocr_par' dir='ltr' id='par_1_3' title="bbox 616 1157 2070 1858">
     <span class='ocr_line' id='line_1_5' title="bbox 666 1157 2035 1260; baseline -0.002 -21"><span class='ocrx_word' id='word_1_29' title='bbox 666 1166 714 1239; x_wconf 89' lang='lat' dir='ltr'><strong>bl.</strong></span> <span class='ocrx_word' id='word_1_30' title='bbox 733 1157 1019 1260; x_wconf 81' lang='lat' dir='ltr'><strong>c.txxxvl[1]‚</strong></span> <span class='ocrx_word' id='word_1_31' title='bbox 1042 1159 1231 1234; x_wconf 82' lang='lat' dir='ltr'><strong>indictione</strong></span> <span class='ocrx_word' id='word_1_32' title='bbox 1244 1172 1360 1253; x_wconf 86' lang='lat' dir='ltr'><strong>sexta,</strong></span> <span class='ocrx_word' id='word_1_33' title='bbox 1378 1183 1497 1236; x_wconf 91' lang='lat' dir='ltr'><strong>mense</strong></span> <span class='ocrx_word' id='word_1_34' title='bbox 1511 1160 1667 1250; x_wconf 92' lang='lat' dir='ltr'><strong>octobri,</strong></span> <span class='ocrx_word' id='word_1_35' title='bbox 1685 1159 1855 1252; x_wconf 90' lang='lat' dir='ltr'><strong>dieluue,</strong></span> <span class='ocrx_word' id='word_1_36' title='bbox 1872 1161 1952 1235; x_wconf 89' lang='lat' dir='ltr'><strong>Xlll</strong></span> <span class='ocrx_word' id='word_1_37' title='bbox 1969 1162 2035 1236; x_wconf 82' lang='lat' dir='ltr'><strong>lm-</strong></span> 
     </span>
     <span class='ocr_line' id='line_1_6' title="bbox 616 1283 2035 1383; baseline -0.003 -21"><span class='ocrx_word' id='word_1_38' title='bbox 616 1287 739 1362; x_wconf 90' lang='lat' dir='ltr'><strong>lendas</strong></span> <span class='ocrx_word' id='word_1_39' title='bbox 766 1285 982 1375; x_wconf 82' lang='lat' dir='ltr'><strong>novembris,</strong></span> <span class='ocrx_word' id='word_1_40' title='bbox 998 1284 1085 1359; x_wconf 92' lang='lat' dir='ltr'><strong>obiit</strong></span> <span class='ocrx_word' id='word_1_41' title='bbox 1098 1307 1188 1382; x_wconf 84' lang='lat' dir='ltr'><strong>papa</strong></span> <span class='ocrx_word' id='word_1_42' title='bbox 1202 1285 1362 1358; x_wconf 92' lang='lat' dir='ltr'><strong>Urbanus</strong></span> <span class='ocrx_word' id='word_1_43' title='bbox 1375 1285 1426 1383; x_wconf 89' lang='lat' dir='ltr'><strong>(l)</strong></span> <span class='ocrx_word' id='word_1_44' title='bbox 1443 1285 1599 1374; x_wconf 86' lang='lat' dir='ltr'><strong>Feraria,</strong></span> <span class='ocrx_word' id='word_1_45' title='bbox 1618 1285 1679 1380; x_wconf 89' lang='lat' dir='ltr'><strong>qui</strong></span> <span class='ocrx_word' id='word_1_46' title='bbox 1708 1284 1776 1357; x_wconf 88' lang='lat' dir='ltr'><strong>luit</strong></span> <span class='ocrx_word' id='word_1_47' title='bbox 1797 1283 2035 1381; x_wconf 87' lang='lat' dir='ltr'><strong>archiepisco-</strong></span> 
     </span>
     <span class='ocr_line' id='line_1_7' title="bbox 616 1409 2070 1510; baseline -0.001 -26"><span class='ocrx_word' id='word_1_48' title='bbox 616 1435 684 1510; x_wconf 90' lang='lat' dir='ltr'><strong>pus</strong></span> <span class='ocrx_word' id='word_1_49' title='bbox 700 1410 904 1502; x_wconf 76' lang='lat' dir='ltr'><strong>Mediolani,</strong></span> <span class='ocrx_word' id='word_1_50' title='bbox 923 1419 959 1484; x_wconf 91' lang='lat' dir='ltr'><strong>et</strong></span> <span class='ocrx_word' id='word_1_51' title='bbox 980 1409 1115 1482; x_wconf 85' lang='lat' dir='ltr'><strong>levatus</strong></span> <span class='ocrx_word' id='word_1_52' title='bbox 1131 1409 1196 1480; x_wconf 89' lang='lat' dir='ltr'><strong>luit</strong></span> <span class='ocrx_word' id='word_1_53' title='bbox 1212 1430 1304 1506; x_wconf 87' lang='lat' dir='ltr'><strong>papa</strong></span> <span class='ocrx_word' id='word_1_54' title='bbox 1321 1409 1506 1504; x_wconf 74' lang='lat' dir='ltr'><strong>Gregorius</strong></span> <span class='ocrx_word' id='word_1_55' title='bbox 1521 1409 1583 1504; x_wconf 91' lang='lat' dir='ltr'><strong>qui</strong></span> <span class='ocrx_word' id='word_1_56' title='bbox 1601 1417 1684 1481; x_wconf 92' lang='lat' dir='ltr'><strong>tunc</strong></span> <span class='ocrx_word' id='word_1_57' title='bbox 1700 1417 1775 1482; x_wconf 88' lang='lat' dir='ltr'><strong>eret</strong></span> <span class='ocrx_word' id='word_1_58' title='bbox 1791 1409 2032 1500; x_wconf 60' lang='lat' dir='ltr'><strong>cancellarium</strong></span> <span class='ocrx_word' id='word_1_59' title='bbox 2066 1453 2070 1460; x_wconf 88' lang='lat'><em>-</em></span> 
     </span>
     <span class='ocr_line' id='line_1_8' title="bbox 617 1532 2036 1632; baseline -0.001 -24"><span class='ocrx_word' id='word_1_60' title='bbox 617 1534 775 1632; x_wconf 88' lang='lat' dir='ltr'><strong>sequenti</strong></span> <span class='ocrx_word' id='word_1_61' title='bbox 793 1555 876 1608; x_wconf 89' lang='lat' dir='ltr'><strong>vero</strong></span> <span class='ocrx_word' id='word_1_62' title='bbox 894 1553 1035 1625; x_wconf 91' lang='lat' dir='ltr'><strong>mense,</strong></span> <span class='ocrx_word' id='word_1_63' title='bbox 1061 1534 1096 1604; x_wconf 90' lang='lat' dir='ltr'><strong>in</strong></span> <span class='ocrx_word' id='word_1_64' title='bbox 1121 1533 1304 1607; x_wconf 87' lang='lat' dir='ltr'><strong>medietate</strong></span> <span class='ocrx_word' id='word_1_65' title='bbox 1331 1533 1490 1627; x_wconf 89' lang='lat' dir='ltr'><strong>ejusdem</strong></span> <span class='ocrx_word' id='word_1_66' title='bbox 1517 1534 1662 1625; x_wconf 88' lang='lat' dir='ltr'><strong>mensis,</strong></span> <span class='ocrx_word' id='word_1_67' title='bbox 1686 1533 1773 1606; x_wconf 90' lang='lat' dir='ltr'><strong>obiit</strong></span> <span class='ocrx_word' id='word_1_68' title='bbox 1798 1534 1863 1606; x_wconf 89' lang='lat' dir='ltr'><strong>iste</strong></span> <span class='ocrx_word' id='word_1_69' title='bbox 1878 1532 1930 1632; x_wconf 88' lang='lat' dir='ltr'><strong>(o)</strong></span> <span class='ocrx_word' id='word_1_70' title='bbox 1945 1533 2036 1608; x_wconf 84' lang='lat' dir='ltr'><strong>Gre-</strong></span> 
     </span>
     <span class='ocr_line' id='line_1_9' title="bbox 617 1655 2036 1756; baseline 0.001 -24"><span class='ocrx_word' id='word_1_71' title='bbox 617 1659 737 1756; x_wconf 75' lang='lat' dir='ltr'><strong>gorius</strong></span> <span class='ocrx_word' id='word_1_72' title='bbox 764 1656 922 1754; x_wconf 72' lang='lat' dir='ltr'><strong>(allisis</strong></span> <span class='ocrx_word' id='word_1_73' title='bbox 948 1655 1008 1753; x_wconf 84' lang='lat' dir='ltr'><strong>(l),</strong></span> <span class='ocrx_word' id='word_1_74' title='bbox 1038 1665 1074 1730; x_wconf 90' lang='lat' dir='ltr'><strong>st</strong></span> <span class='ocrx_word' id='word_1_75' title='bbox 1100 1657 1235 1730; x_wconf 86' lang='lat' dir='ltr'><strong>levatus</strong></span> <span class='ocrx_word' id='word_1_76' title='bbox 1263 1658 1329 1730; x_wconf 85' lang='lat' dir='ltr'><strong>tuit</strong></span> <span class='ocrx_word' id='word_1_77' title='bbox 1354 1679 1446 1754; x_wconf 87' lang='lat' dir='ltr'><strong>papa</strong></span> <span class='ocrx_word' id='word_1_78' title='bbox 1473 1658 1630 1733; x_wconf 88' lang='lat' dir='ltr'><strong>Clemens</strong></span> <span class='ocrx_word' id='word_1_79' title='bbox 1659 1657 1722 1753; x_wconf 92' lang='lat' dir='ltr'><strong>qni</strong></span> <span class='ocrx_word' id='word_1_80' title='bbox 1758 1658 1824 1730; x_wconf 84' lang='lat' dir='ltr'><strong>luit</strong></span> <span class='ocrx_word' id='word_1_81' title='bbox 1853 1659 2036 1755; x_wconf 87' lang='lat' dir='ltr'><strong>episcopus</strong></span> 
     </span>
     <span class='ocr_line' id='line_1_10' title="bbox 618 1783 802 1858; baseline -0.027 0"><span class='ocrx_word' id='word_1_82' title='bbox 618 1783 802 1858; x_wconf 88' lang='lat' dir='ltr'><strong>Palestine.</strong></span> 
     </span>
    </p>

    <p class='ocr_par' dir='ltr' id='par_1_4' title="bbox 617 1902 2038 3734">
     <span class='ocr_line' id='line_1_11' title="bbox 666 1902 2037 2001; baseline -0.001 -23"><span class='ocrx_word' id='word_1_83' title='bbox 666 1904 816 1994; x_wconf 83' lang='lat' dir='ltr'><strong>Quando</strong></span> <span class='ocrx_word' id='word_1_84' title='bbox 833 1904 1018 1978; x_wconf 83' lang='lat' dir='ltr'><strong>Muniellus</strong></span> <span class='ocrx_word' id='word_1_85' title='bbox 1034 1903 1088 2001; x_wconf 83' lang='lat'><strong>(3)</strong></span> <span class='ocrx_word' id='word_1_86' title='bbox 1106 1903 1243 1978; x_wconf 90' lang='lat' dir='ltr'><strong>obsedit</strong></span> <span class='ocrx_word' id='word_1_87' title='bbox 1259 1905 1410 1978; x_wconf 89' lang='lat' dir='ltr'><strong>blontem</strong></span> <span class='ocrx_word' id='word_1_88' title='bbox 1428 1902 1605 1978; x_wconf 84' lang='lat' dir='ltr'><strong>Arciolum</strong></span> <span class='ocrx_word' id='word_1_89' title='bbox 1622 1913 1657 1976; x_wconf 92' lang='lat' dir='ltr'><strong>et</strong></span> <span class='ocrx_word' id='word_1_90' title='bbox 1673 1905 1767 1976; x_wconf 93' lang='lat' dir='ltr'><strong>stetit</strong></span> <span class='ocrx_word' id='word_1_91' title='bbox 1781 1904 1831 1976; x_wconf 93' lang='lat' dir='ltr'><strong>ibi</strong></span> <span class='ocrx_word' id='word_1_92' title='bbox 1848 1927 1913 2001; x_wconf 90' lang='lat' dir='ltr'><strong>per</strong></span> <span class='ocrx_word' id='word_1_93' title='bbox 1927 1905 2037 2000; x_wconf 91' lang='lat' dir='ltr'><strong>quiu-</strong></span> 
     </span>
     <span class='ocr_line' id='line_1_12' title="bbox 618 2026 2036 2124; baseline -0.001 -20"><span class='ocrx_word' id='word_1_94' title='bbox 618 2029 733 2104; x_wconf 87' lang='lat' dir='ltr'><strong>dccim</strong></span> <span class='ocrx_word' id='word_1_95' title='bbox 751 2029 841 2119; x_wconf 90' lang='lat' dir='ltr'><strong>dies,</strong></span> <span class='ocrx_word' id='word_1_96' title='bbox 859 2037 893 2101; x_wconf 93' lang='lat' dir='ltr'><strong>et</strong></span> <span class='ocrx_word' id='word_1_97' title='bbox 908 2028 1031 2101; x_wconf 86' lang='lat' dir='ltr'><strong>babuit</strong></span> <span class='ocrx_word' id='word_1_98' title='bbox 1046 2027 1133 2102; x_wconf 94' lang='lat' dir='ltr'><strong>illud</strong></span> <span class='ocrx_word' id='word_1_99' title='bbox 1146 2049 1216 2100; x_wconf 94' lang='lat' dir='ltr'><strong>non</strong></span> <span class='ocrx_word' id='word_1_100' title='bbox 1233 2029 1283 2116; x_wconf 89' lang='lat' dir='ltr'><strong>vi,</strong></span> <span class='ocrx_word' id='word_1_101' title='bbox 1293 2027 1357 2102; x_wconf 89' lang='lat' dir='ltr'><strong>sed</strong></span> <span class='ocrx_word' id='word_1_102' title='bbox 1371 2049 1432 2124; x_wconf 92' lang='lat' dir='ltr'><strong>per</strong></span> <span class='ocrx_word' id='word_1_103' title='bbox 1449 2026 1683 2120; x_wconf 90' lang='lat' dir='ltr'><strong>concordiam,</strong></span> <span class='ocrx_word' id='word_1_104' title='bbox 1693 2037 1792 2101; x_wconf 90' lang='lat' dir='ltr'><strong>eraut</strong></span> <span class='ocrx_word' id='word_1_105' title='bbox 1804 2029 1887 2100; x_wconf 89' lang='lat' dir='ltr'><strong>anni</strong></span> <span class='ocrx_word' id='word_1_106' title='bbox 1899 2031 2036 2102; x_wconf 87' lang='lat' dir='ltr'><strong>Domini</strong></span> 
     </span>
     <span class='ocr_line' id='line_1_13' title="bbox 619 2150 2034 2250; baseline 0.001 -24"><span class='ocrx_word' id='word_1_107' title='bbox 619 2155 668 2226; x_wconf 87' lang='grc' dir='ltr'><strong>Μ.</strong></span> <span class='ocrx_word' id='word_1_108' title='bbox 689 2153 726 2226; x_wconf 88' lang='lat' dir='ltr'><strong>C.</strong></span> <span class='ocrx_word' id='word_1_109' title='bbox 754 2153 937 2226; x_wconf 80' lang='lat' dir='ltr'>LXXXVII</span> <span class='ocrx_word' id='word_1_110' title='bbox 955 2150 1022 2250; x_wconf 75' lang='lat' dir='ltr'><strong>(d),</strong></span> <span class='ocrx_word' id='word_1_111' title='bbox 1042 2151 1231 2226; x_wconf 82' lang='lat' dir='ltr'><strong>indictione</strong></span> <span class='ocrx_word' id='word_1_112' title='bbox 1255 2162 1373 2245; x_wconf 86' lang='lat' dir='ltr'><strong>sexta,</strong></span> <span class='ocrx_word' id='word_1_113' title='bbox 1402 2152 1460 2225; x_wconf 91' lang='lat' dir='ltr'><strong>die</strong></span> <span class='ocrx_word' id='word_1_114' title='bbox 1481 2154 1581 2242; x_wconf 91' lang='lat' dir='ltr'><strong>lune,</strong></span> <span class='ocrx_word' id='word_1_115' title='bbox 1599 2153 1677 2226; x_wconf 91' lang='lat' dir='ltr'><strong>vlll</strong></span> <span class='ocrx_word' id='word_1_116' title='bbox 1700 2153 1828 2226; x_wconf 92' lang='lat' dir='ltr'><strong>mensis</strong></span> <span class='ocrx_word' id='word_1_117' title='bbox 1849 2153 2034 2245; x_wconf 82' lang='lat' dir='ltr'><strong>februarii,</strong></span> 
     </span>
     <span class='ocr_line' id='line_1_14' title="bbox 617 2275 2037 2369; baseline 0.001 -20"><span class='ocrx_word' id='word_1_118' title='bbox 617 2277 706 2350; x_wconf 91' lang='lat' dir='ltr'><strong>illud</strong></span> <span class='ocrx_word' id='word_1_119' title='bbox 720 2277 861 2368; x_wconf 77' lang='lat' dir='ltr'><strong>habuit3</strong></span> <span class='ocrx_word' id='word_1_120' title='bbox 886 2286 921 2349; x_wconf 89' lang='lat' dir='ltr'><strong>et</strong></span> <span class='ocrx_word' id='word_1_121' title='bbox 939 2283 1022 2348; x_wconf 89' lang='lat' dir='ltr'><strong>tunc</strong></span> <span class='ocrx_word' id='word_1_122' title='bbox 1037 2275 1226 2348; x_wconf 79' lang='lat' dir='ltr'><strong>Placentini</strong></span> <span class='ocrx_word' id='word_1_123' title='bbox 1242 2277 1340 2348; x_wconf 90' lang='lat' dir='ltr'><strong>ibant</strong></span> <span class='ocrx_word' id='word_1_124' title='bbox 1357 2277 1394 2347; x_wconf 94' lang='lat' dir='ltr'><strong>iu</strong></span> <span class='ocrx_word' id='word_1_125' title='bbox 1413 2275 1624 2369; x_wconf 87' lang='lat' dir='ltr'><strong>adjutorium</strong></span> <span class='ocrx_word' id='word_1_126' title='bbox 1643 2275 1734 2348; x_wconf 90' lang='lat' dir='ltr'><strong>illius</strong></span> <span class='ocrx_word' id='word_1_127' title='bbox 1752 2277 1873 2369; x_wconf 88' lang='lat' dir='ltr'><strong>castri,</strong></span> <span class='ocrx_word' id='word_1_128' title='bbox 1894 2287 1930 2350; x_wconf 86' lang='lat' dir='ltr'><strong>et</strong></span> <span class='ocrx_word' id='word_1_129' title='bbox 1954 2279 2037 2351; x_wconf 82' lang='lat' dir='ltr'><strong>lue-</strong></span> 
     </span>
     <span class='ocr_line' id='line_1_15' title="bbox 620 2397 2037 2494; baseline 0.003 -22"><span class='ocrx_word' id='word_1_130' title='bbox 620 2409 701 2472; x_wconf 92' lang='lat' dir='ltr'><strong>runt</strong></span> <span class='ocrx_word' id='word_1_131' title='bbox 717 2400 789 2472; x_wconf 85' lang='lat' dir='ltr'><strong>lere</strong></span> <span class='ocrx_word' id='word_1_132' title='bbox 806 2417 920 2494; x_wconf 88' lang='lat' dir='ltr'><strong>usque</strong></span> <span class='ocrx_word' id='word_1_133' title='bbox 937 2399 1104 2491; x_wconf 84' lang='lat' dir='ltr'><strong>olzolun,</strong></span> <span class='ocrx_word' id='word_1_134' title='bbox 1126 2397 1188 2471; x_wconf 83' lang='lat' dir='ltr'><strong>sed</strong></span> <span class='ocrx_word' id='word_1_135' title='bbox 1215 2401 1289 2491; x_wconf 86' lang='lat' dir='ltr'><strong>jam</strong></span> <span class='ocrx_word' id='word_1_136' title='bbox 1316 2399 1403 2472; x_wconf 93' lang='lat' dir='ltr'><strong>illud</strong></span> <span class='ocrx_word' id='word_1_137' title='bbox 1428 2399 1617 2491; x_wconf 81' lang='lat' dir='ltr'><strong>babuerat3</strong></span> <span class='ocrx_word' id='word_1_138' title='bbox 1642 2409 1677 2473; x_wconf 91' lang='lat' dir='ltr'><strong>et</strong></span> <span class='ocrx_word' id='word_1_139' title='bbox 1703 2401 1828 2474; x_wconf 86' lang='lat' dir='ltr'><strong>milites</strong></span> <span class='ocrx_word' id='word_1_140' title='bbox 1851 2401 2037 2476; x_wconf 86' lang='lat' dir='ltr'><strong>Mediolani</strong></span> 
     </span>
     <span class='ocr_line' id='line_1_16' title="bbox 618 2521 2036 2615; baseline 0.003 -19"><span class='ocrx_word' id='word_1_141' title='bbox 618 2523 777 2596; x_wconf 87' lang='lat' dir='ltr'><strong>similiter</strong></span> <span class='ocrx_word' id='word_1_142' title='bbox 794 2531 965 2596; x_wconf 85' lang='lat' dir='ltr'><strong>venerunt</strong></span> <span class='ocrx_word' id='word_1_143' title='bbox 988 2523 1025 2594; x_wconf 95' lang='lat' dir='ltr'><strong>in</strong></span> <span class='ocrx_word' id='word_1_144' title='bbox 1047 2522 1240 2612; x_wconf 89' lang='lat' dir='ltr'><strong>Placentie,</strong></span> <span class='ocrx_word' id='word_1_145' title='bbox 1269 2523 1306 2594; x_wconf 93' lang='lat' dir='ltr'><strong>in</strong></span> <span class='ocrx_word' id='word_1_146' title='bbox 1326 2521 1499 2615; x_wconf 90' lang='lat' dir='ltr'><strong>adjutorio</strong></span> <span class='ocrx_word' id='word_1_147' title='bbox 1518 2523 1611 2596; x_wconf 89' lang='lat' dir='ltr'><strong>illius</strong></span> <span class='ocrx_word' id='word_1_148' title='bbox 1628 2523 1751 2614; x_wconf 87' lang='lat' dir='ltr'><strong>castri,</strong></span> <span class='ocrx_word' id='word_1_149' title='bbox 1766 2533 1802 2597; x_wconf 92' lang='lat' dir='ltr'><strong>et</strong></span> <span class='ocrx_word' id='word_1_150' title='bbox 1819 2525 1856 2596; x_wconf 92' lang='lat' dir='ltr'><strong>in</strong></span> <span class='ocrx_word' id='word_1_151' title='bbox 1873 2525 1932 2599; x_wconf 92' lang='lat' dir='ltr'><strong>illo</strong></span> <span class='ocrx_word' id='word_1_152' title='bbox 1950 2536 2036 2600; x_wconf 89' lang='lat' dir='ltr'><strong>tem·</strong></span> 
     </span>
     <span class='ocr_line' id='line_1_17' title="bbox 618 2647 2036 2744; baseline 0.002 -24"><span class='ocrx_word' id='word_1_153' title='bbox 618 2669 702 2744; x_wconf 90' lang='lat' dir='ltr'><strong>pore</strong></span> <span class='ocrx_word' id='word_1_154' title='bbox 714 2649 816 2720; x_wconf 86' lang='lat' dir='ltr'><strong>Ozola</strong></span> <span class='ocrx_word' id='word_1_155' title='bbox 832 2647 1078 2721; x_wconf 84' lang='lat' dir='ltr'><strong>levabatur.Et</strong></span> <span class='ocrx_word' id='word_1_156' title='bbox 1094 2655 1176 2719; x_wconf 89' lang='lat' dir='ltr'><strong>tunc</strong></span> <span class='ocrx_word' id='word_1_157' title='bbox 1187 2647 1253 2719; x_wconf 92' lang='lat' dir='ltr'><strong>luit</strong></span> <span class='ocrx_word' id='word_1_158' title='bbox 1264 2648 1439 2719; x_wconf 86' lang='lat' dir='ltr'><strong>maximus</strong></span> <span class='ocrx_word' id='word_1_159' title='bbox 1454 2669 1573 2720; x_wconf 91' lang='lat' dir='ltr'><strong>rumor</strong></span> <span class='ocrx_word' id='word_1_160' title='bbox 1588 2655 1623 2720; x_wconf 91' lang='lat' dir='ltr'><strong>et</strong></span> <span class='ocrx_word' id='word_1_161' title='bbox 1638 2647 1736 2722; x_wconf 93' lang='lat' dir='ltr'><strong>dolor</strong></span> <span class='ocrx_word' id='word_1_162' title='bbox 1749 2669 1812 2742; x_wconf 86' lang='lat' dir='ltr'><strong>per</strong></span> <span class='ocrx_word' id='word_1_163' title='bbox 1826 2656 1932 2720; x_wconf 86' lang='lat' dir='ltr'><strong>totam</strong></span> <span class='ocrx_word' id='word_1_164' title='bbox 1949 2650 2036 2724; x_wconf 84' lang='lat' dir='ltr'><strong>ciui·</strong></span> 
     </span>
     <span class='ocr_line' id='line_1_18' title="bbox 617 2769 2037 2866; baseline 0 -22"><span class='ocrx_word' id='word_1_165' title='bbox 617 2780 740 2864; x_wconf 73' lang='lat' dir='ltr'><strong>mtem,</strong></span> <span class='ocrx_word' id='word_1_166' title='bbox 762 2779 797 2844; x_wconf 93' lang='lat' dir='ltr'><strong>et</strong></span> <span class='ocrx_word' id='word_1_167' title='bbox 814 2791 860 2844; x_wconf 84' lang='lat' dir='ltr'><strong>cx</strong></span> <span class='ocrx_word' id='word_1_168' title='bbox 879 2771 938 2843; x_wconf 92' lang='lat' dir='ltr'><strong>illo</strong></span> <span class='ocrx_word' id='word_1_169' title='bbox 954 2791 1091 2843; x_wconf 89' lang='lat' dir='ltr'><strong>rumore</strong></span> <span class='ocrx_word' id='word_1_170' title='bbox 1107 2781 1141 2843; x_wconf 91' lang='lat' dir='ltr'><strong>et</strong></span> <span class='ocrx_word' id='word_1_171' title='bbox 1157 2769 1275 2844; x_wconf 90' lang='lat' dir='ltr'><strong>dolore</strong></span> <span class='ocrx_word' id='word_1_172' title='bbox 1292 2771 1480 2843; x_wconf 86' lang='lat' dir='ltr'><strong>Placentini</strong></span> <span class='ocrx_word' id='word_1_173' title='bbox 1496 2770 1678 2862; x_wconf 89' lang='lat' dir='ltr'><strong>commoti,</strong></span> <span class='ocrx_word' id='word_1_174' title='bbox 1696 2769 1928 2866; x_wconf 81' lang='lat' dir='ltr'><strong>quadamdie</strong></span> <span class='ocrx_word' id='word_1_175' title='bbox 1944 2793 2037 2845; x_wconf 91' lang='lat' dir='ltr'><strong>mer·</strong></span> 
     </span>
     <span class='ocr_line' id='line_1_19' title="bbox 620 2891 2038 2992; baseline 0 -22"><span class='ocrx_word' id='word_1_176' title='bbox 620 2895 708 2970; x_wconf 88' lang='lat' dir='ltr'><strong>curii</strong></span> <span class='ocrx_word' id='word_1_177' title='bbox 721 2895 871 2992; x_wconf 87' lang='lat' dir='ltr'><strong>proximi</strong></span> <span class='ocrx_word' id='word_1_178' title='bbox 888 2916 1014 2990; x_wconf 77' lang='lat' dir='ltr'><strong>magne</strong></span> <span class='ocrx_word' id='word_1_179' title='bbox 1031 2917 1109 2990; x_wconf 91' lang='lat' dir='ltr'><strong>pars</strong></span> <span class='ocrx_word' id='word_1_180' title='bbox 1121 2915 1242 2968; x_wconf 93' lang='lat' dir='ltr'><strong>eorum</strong></span> <span class='ocrx_word' id='word_1_181' title='bbox 1257 2916 1295 2968; x_wconf 92' lang='lat' dir='ltr'><strong>se</strong></span> <span class='ocrx_word' id='word_1_182' title='bbox 1307 2893 1593 2968; x_wconf 83' lang='lat' dir='ltr'><strong>coadunaverunt</strong></span> <span class='ocrx_word' id='word_1_183' title='bbox 1605 2891 1703 2990; x_wconf 87' lang='lat' dir='ltr'><strong>apud</strong></span> <span class='ocrx_word' id='word_1_184' title='bbox 1717 2893 1895 2967; x_wconf 89' lang='lat' dir='ltr'><strong>ecclesiam</strong></span> <span class='ocrx_word' id='word_1_185' title='bbox 1913 2897 2038 2971; x_wconf 90' lang='lat' dir='ltr'><strong>Sancte</strong></span> 
     </span>
     <span class='ocr_line' id='line_1_20' title="bbox 620 3015 2034 3114; baseline -0.001 -20"><span class='ocrx_word' id='word_1_186' title='bbox 620 3018 728 3094; x_wconf 83' lang='lat' dir='ltr'><strong>blarie</strong></span> <span class='ocrx_word' id='word_1_187' title='bbox 746 3017 791 3091; x_wconf 94' lang='lat' dir='ltr'><strong>de</strong></span> <span class='ocrx_word' id='word_1_188' title='bbox 813 3019 954 3114; x_wconf 85' lang='lat' dir='ltr'><strong>Templo</strong></span> <span class='ocrx_word' id='word_1_189' title='bbox 970 3027 1005 3092; x_wconf 89' lang='lat' dir='ltr'><strong>et</strong></span> <span class='ocrx_word' id='word_1_190' title='bbox 1021 3017 1071 3091; x_wconf 91' lang='lat' dir='ltr'><strong>ibi</strong></span> <span class='ocrx_word' id='word_1_191' title='bbox 1088 3019 1196 3091; x_wconf 85' lang='lat' dir='ltr'><strong>multa</strong></span> <span class='ocrx_word' id='word_1_192' title='bbox 1211 3027 1426 3092; x_wconf 86' lang='lat' dir='ltr'><strong>sacramenta</strong></span> <span class='ocrx_word' id='word_1_193' title='bbox 1441 3016 1487 3091; x_wconf 93' lang='lat' dir='ltr'><strong>de</strong></span> <span class='ocrx_word' id='word_1_194' title='bbox 1500 3025 1667 3114; x_wconf 83' lang='lat' dir='ltr'><strong>potestate</strong></span> <span class='ocrx_word' id='word_1_195' title='bbox 1684 3015 1846 3092; x_wconf 88' lang='lat' dir='ltr'><strong>habenda</strong></span> <span class='ocrx_word' id='word_1_196' title='bbox 1861 3020 2034 3113; x_wconf 84' lang='lat' dir='ltr'><strong>fecerunt,</strong></span> 
     </span>
     <span class='ocr_line' id='line_1_21' title="bbox 621 3140 2038 3236; baseline 0.002 -20"><span class='ocrx_word' id='word_1_197' title='bbox 621 3151 727 3236; x_wconf 85' lang='lat' dir='ltr'><strong>atque</strong></span> <span class='ocrx_word' id='word_1_198' title='bbox 752 3141 978 3214; x_wconf 82' lang='lat' dir='ltr'><strong>Albertonum</strong></span> <span class='ocrx_word' id='word_1_199' title='bbox 1008 3140 1054 3215; x_wconf 93' lang='lat' dir='ltr'><strong>de</strong></span> <span class='ocrx_word' id='word_1_200' title='bbox 1079 3141 1219 3235; x_wconf 84' lang='lat' dir='ltr'><strong>Audito,</strong></span> <span class='ocrx_word' id='word_1_201' title='bbox 1238 3141 1440 3216; x_wconf 82' lang='lat' dir='ltr'><strong>Albinonem</strong></span> <span class='ocrx_word' id='word_1_202' title='bbox 1457 3149 1492 3215; x_wconf 88' lang='lat' dir='ltr'><strong>et</strong></span> <span class='ocrx_word' id='word_1_203' title='bbox 1520 3141 1799 3216; x_wconf 85' lang='lat' dir='ltr'><strong>Mazaburrinum</strong></span> <span class='ocrx_word' id='word_1_204' title='bbox 1826 3143 1863 3214; x_wconf 92' lang='lat' dir='ltr'><strong>in</strong></span> <span class='ocrx_word' id='word_1_205' title='bbox 1889 3151 2038 3218; x_wconf 86' lang='lat' dir='ltr'><strong>rectores</strong></span> 
     </span>
     <span class='ocr_line' id='line_1_22' title="bbox 620 3263 2036 3362; baseline 0 -21"><span class='ocrx_word' id='word_1_206' title='bbox 620 3273 855 3362; x_wconf 90' lang='lat' dir='ltr'><strong>sumpserunt.</strong></span> <span class='ocrx_word' id='word_1_207' title='bbox 869 3263 948 3338; x_wconf 81' lang='lat' dir='ltr'><strong>Alio</strong></span> <span class='ocrx_word' id='word_1_208' title='bbox 974 3265 1032 3338; x_wconf 90' lang='lat' dir='ltr'><strong>die</strong></span> <span class='ocrx_word' id='word_1_209' title='bbox 1057 3266 1236 3361; x_wconf 88' lang='lat' dir='ltr'><strong>sequenti,</strong></span> <span class='ocrx_word' id='word_1_210' title='bbox 1259 3264 1404 3361; x_wconf 87' lang='lat' dir='ltr'><strong>predicti</strong></span> <span class='ocrx_word' id='word_1_211' title='bbox 1431 3263 1638 3340; x_wconf 78' lang='lat' dir='ltr'><strong>Albertonus</strong></span> <span class='ocrx_word' id='word_1_212' title='bbox 1667 3274 1702 3339; x_wconf 91' lang='lat' dir='ltr'><strong>et</strong></span> <span class='ocrx_word' id='word_1_213' title='bbox 1729 3265 1813 3338; x_wconf 93' lang='lat' dir='ltr'><strong>socii</strong></span> <span class='ocrx_word' id='word_1_214' title='bbox 1843 3269 2036 3341; x_wconf 89' lang='lat' dir='ltr'><strong>contionem</strong></span> 
     </span>
     <span class='ocr_line' id='line_1_23' title="bbox 620 3387 2038 3480; baseline 0.004 -19"><span class='ocrx_word' id='word_1_215' title='bbox 620 3392 794 3480; x_wconf 82' lang='lat' dir='ltr'><strong>iecerunt,</strong></span> <span class='ocrx_word' id='word_1_216' title='bbox 809 3397 845 3461; x_wconf 89' lang='lat' dir='ltr'><strong>et</strong></span> <span class='ocrx_word' id='word_1_217' title='bbox 861 3387 1018 3461; x_wconf 89' lang='lat' dir='ltr'><strong>homines</strong></span> <span class='ocrx_word' id='word_1_218' title='bbox 1036 3389 1085 3461; x_wconf 94' lang='lat' dir='ltr'><strong>ibi</strong></span> <span class='ocrx_word' id='word_1_219' title='bbox 1099 3389 1252 3462; x_wconf 88' lang='lat' dir='ltr'><strong>conscilii</strong></span> <span class='ocrx_word' id='word_1_220' title='bbox 1267 3389 1439 3462; x_wconf 89' lang='lat' dir='ltr'><strong>Placentie</strong></span> <span class='ocrx_word' id='word_1_221' title='bbox 1451 3397 1487 3464; x_wconf 91' lang='lat' dir='ltr'><strong>et</strong></span> <span class='ocrx_word' id='word_1_222' title='bbox 1500 3391 1660 3464; x_wconf 89' lang='lat' dir='ltr'><strong>consules</strong></span> <span class='ocrx_word' id='word_1_223' title='bbox 1672 3389 1858 3463; x_wconf 87' lang='lat' dir='ltr'><strong>offitiorum</strong></span> <span class='ocrx_word' id='word_1_224' title='bbox 1873 3399 1909 3465; x_wconf 88' lang='lat' dir='ltr'><strong>et</strong></span> <span class='ocrx_word' id='word_1_225' title='bbox 1929 3393 2038 3466; x_wconf 86' lang='lat' dir='ltr'><strong>socie·</strong></span> 
     </span>
     <span class='ocr_line' id='line_1_24' title="bbox 620 3512 2038 3610; baseline 0.001 -22"><span class='ocrx_word' id='word_1_226' title='bbox 620 3523 729 3588; x_wconf 88' lang='lat' dir='ltr'><strong>tatum</strong></span> <span class='ocrx_word' id='word_1_227' title='bbox 742 3514 862 3605; x_wconf 82' lang='lat' dir='ltr'><strong>J&#39;urare</strong></span> <span class='ocrx_word' id='word_1_228' title='bbox 879 3514 1051 3602; x_wconf 87' lang='lat' dir='ltr'><strong>iecerunt,</strong></span> <span class='ocrx_word' id='word_1_229' title='bbox 1078 3522 1113 3586; x_wconf 90' lang='lat' dir='ltr'><strong>et</strong></span> <span class='ocrx_word' id='word_1_230' title='bbox 1133 3512 1275 3586; x_wconf 87' lang='lat' dir='ltr'><strong>duravit</strong></span> <span class='ocrx_word' id='word_1_231' title='bbox 1292 3513 1350 3588; x_wconf 91' lang='lat' dir='ltr'><strong>illa</strong></span> <span class='ocrx_word' id='word_1_232' title='bbox 1365 3515 1481 3587; x_wconf 90' lang='lat' dir='ltr'><strong>contio</strong></span> <span class='ocrx_word' id='word_1_233' title='bbox 1496 3513 1637 3588; x_wconf 90' lang='lat' dir='ltr'><strong>cottidie</strong></span> <span class='ocrx_word' id='word_1_234' title='bbox 1650 3537 1712 3610; x_wconf 88' lang='lat' dir='ltr'><strong>per</strong></span> <span class='ocrx_word' id='word_1_235' title='bbox 1723 3523 1828 3587; x_wconf 91' lang='lat' dir='ltr'><strong>totam</strong></span> <span class='ocrx_word' id='word_1_236' title='bbox 1843 3513 1950 3589; x_wconf 91' lang='lat' dir='ltr'><strong>diem.</strong></span> <span class='ocrx_word' id='word_1_237' title='bbox 1965 3517 2038 3589; x_wconf 88' lang='lat' dir='ltr'><strong>lloc</strong></span> 
     </span>
     <span class='ocr_line' id='line_1_25' title="bbox 619 3634 2037 3734; baseline 0.002 -25"><span class='ocrx_word' id='word_1_238' title='bbox 619 3638 669 3712; x_wconf 87' lang='lat' dir='ltr'><strong>ita</strong></span> <span class='ocrx_word' id='word_1_239' title='bbox 687 3639 777 3712; x_wconf 81' lang='lat' dir='ltr'><strong>iacto</strong></span> <span class='ocrx_word' id='word_1_240' title='bbox 799 3647 834 3711; x_wconf 89' lang='lat' dir='ltr'><strong>et</strong></span> <span class='ocrx_word' id='word_1_241' title='bbox 851 3637 1026 3731; x_wconf 90' lang='lat' dir='ltr'><strong>ordinato,</strong></span> <span class='ocrx_word' id='word_1_242' title='bbox 1050 3635 1228 3734; x_wconf 86' lang='lat' dir='ltr'><strong>predictus</strong></span> <span class='ocrx_word' id='word_1_243' title='bbox 1249 3634 1457 3712; x_wconf 83' lang='lat' dir='ltr'><strong>Albertonus</strong></span> <span class='ocrx_word' id='word_1_244' title='bbox 1480 3659 1527 3712; x_wconf 84' lang='lat' dir='ltr'><strong>ex</strong></span> <span class='ocrx_word' id='word_1_245' title='bbox 1545 3637 1717 3712; x_wconf 91' lang='lat' dir='ltr'><strong>sociorum</strong></span> <span class='ocrx_word' id='word_1_246' title='bbox 1736 3659 1880 3712; x_wconf 89' lang='lat' dir='ltr'><strong>suorum</strong></span> <span class='ocrx_word' id='word_1_247' title='bbox 1910 3639 2037 3712; x_wconf 83' lang='lat' dir='ltr'><strong>volun·</strong></span> 
     </span>
    </p>
   </div>
   <div class='ocr_carea' id='block_1_3' title="bbox 663 3824 1005 4011">
    <p class='ocr_par' dir='ltr' id='par_1_5' title="bbox 663 3824 1005 4011">
     <span class='ocr_line' id='line_1_26' title="bbox 663 3824 1005 3905; baseline -0.003 -18"><span class='ocrx_word' id='word_1_248' title='bbox 663 3824 705 3905; x_wconf 83' lang='lat' dir='ltr'><strong>(a)</strong></span> <span class='ocrx_word' id='word_1_249' title='bbox 728 3827 763 3886; x_wconf 91' lang='lat' dir='ltr'><strong>ln</strong></span> <span class='ocrx_word' id='word_1_250' title='bbox 777 3825 877 3887; x_wconf 84' lang='lat' dir='ltr'><strong>codice</strong></span> <span class='ocrx_word' id='word_1_251' title='bbox 888 3825 1005 3887; x_wconf 75' lang='grc'><strong>1444444.</strong></span> 
     </span>
     <span class='ocr_line' id='line_1_27' title="bbox 663 3930 981 4011; baseline -0.003 -19"><span class='ocrx_word' id='word_1_252' title='bbox 663 3930 706 4011; x_wconf 81' lang='lat' dir='ltr'><strong>(o)</strong></span> <span class='ocrx_word' id='word_1_253' title='bbox 726 3933 763 3993; x_wconf 87' lang='lat' dir='ltr'><strong>n</strong></span> <span class='ocrx_word' id='word_1_254' title='bbox 775 3931 877 3994; x_wconf 71' lang='lat' dir='ltr'><strong>once</strong></span> <span class='ocrx_word' id='word_1_255' title='bbox 889 3931 981 3992; x_wconf 66' lang='lat' dir='ltr'><strong>raca.</strong></span> 
     </span>
    </p>
   </div>
   <div class='ocr_carea' id='block_1_4' title="bbox 619 4190 2036 4558">
    <p class='ocr_par' dir='ltr' id='par_1_6' title="bbox 619 4190 2036 4558">
     <span class='ocr_line' id='line_1_28' title="bbox 654 4190 2036 4266; baseline 0.005 -18"><span class='ocrx_word' id='word_1_256' title='bbox 654 4191 691 4264; x_wconf 82' lang='lat' dir='ltr'><strong>(tl</strong></span> <span class='ocrx_word' id='word_1_257' title='bbox 709 4191 813 4250; x_wconf 86' lang='lat' dir='ltr'><strong>llrbain</strong></span> <span class='ocrx_word' id='word_1_258' title='bbox 826 4191 862 4250; x_wconf 92' lang='lat' dir='ltr'><strong>lll</strong></span> <span class='ocrx_word' id='word_1_259' title='bbox 875 4197 985 4250; x_wconf 90' lang='lat' dir='ltr'><strong>mourut</strong></span> <span class='ocrx_word' id='word_1_260' title='bbox 1003 4190 1029 4250; x_wconf 91' lang='lat' dir='ltr'><strong>le</strong></span> <span class='ocrx_word' id='word_1_261' title='bbox 1041 4191 1116 4250; x_wconf 85' lang='lat' dir='ltr'><strong>leudi</strong></span> <span class='ocrx_word' id='word_1_262' title='bbox 1132 4195 1167 4250; x_wconf 81' lang='lat' dir='ltr'><strong>te</strong></span> <span class='ocrx_word' id='word_1_263' title='bbox 1179 4192 1289 4250; x_wconf 88' lang='lat' dir='ltr'><strong>octobre</strong></span> <span class='ocrx_word' id='word_1_264' title='bbox 1306 4193 1385 4249; x_wconf 77' lang='grc'><strong>4487.</strong></span> <span class='ocrx_word' id='word_1_265' title='bbox 1402 4191 1455 4249; x_wconf 82' lang='lat' dir='ltr'><strong>Par</strong></span> <span class='ocrx_word' id='word_1_266' title='bbox 1466 4191 1659 4266; x_wconf 79' lang='lat' dir='ltr'><strong>oenseqrrentil</strong></span> <span class='ocrx_word' id='word_1_267' title='bbox 1673 4192 1731 4252; x_wconf 86' lang='lat' dir='ltr'><strong>leut</strong></span> <span class='ocrx_word' id='word_1_268' title='bbox 1741 4193 1791 4252; x_wconf 89' lang='lat' dir='ltr'><strong>lire</strong></span> <span class='ocrx_word' id='word_1_269' title='bbox 1803 4195 1899 4254; x_wconf 82' lang='lat' dir='ltr'><strong>Xllll</strong></span> <span class='ocrx_word' id='word_1_270' title='bbox 1909 4195 2036 4255; x_wconf 74' lang='grc'><strong>1441444144</strong></span> 
     </span>
     <span class='ocr_line' id='line_1_29' title="bbox 621 4287 2036 4463; baseline 0.002 -17"><span class='ocrx_word' id='word_1_271' title='bbox 621 4287 841 4461; x_wconf 46' lang='lat' dir='ltr'><strong>mgimtbi&#39;rddoire</strong></span> <span class='ocrx_word' id='word_1_272' title='bbox 859 4387 919 4446; x_wconf 91' lang='lat' dir='ltr'><strong>lllll</strong></span> <span class='ocrx_word' id='word_1_273' title='bbox 937 4392 1046 4446; x_wconf 84' lang='lat' dir='ltr'><strong>mourut</strong></span> <span class='ocrx_word' id='word_1_274' title='bbox 1057 4386 1084 4446; x_wconf 98' lang='grc'><strong>14</strong></span> <span class='ocrx_word' id='word_1_275' title='bbox 1097 4388 1131 4444; x_wconf 91' lang='grc'><strong>47</strong></span> <span class='ocrx_word' id='word_1_276' title='bbox 1148 4386 1291 4446; x_wconf 80' lang='lat' dir='ltr'><strong>decembre</strong></span> <span class='ocrx_word' id='word_1_277' title='bbox 1305 4389 1385 4446; x_wconf 84' lang='grc'><strong>4487.</strong></span> <span class='ocrx_word' id='word_1_278' title='bbox 1404 4385 1577 4446; x_wconf 90' lang='lat' dir='ltr'><strong>L&#39;iudioaticu</strong></span> <span class='ocrx_word' id='word_1_279' title='bbox 1594 4387 1801 4463; x_wconf 84' lang='lat' dir='ltr'><strong>chronologique</strong></span> <span class='ocrx_word' id='word_1_280' title='bbox 1814 4389 1849 4449; x_wconf 93' lang='lat' dir='ltr'><strong>de</strong></span> <span class='ocrx_word' id='word_1_281' title='bbox 1867 4395 1946 4449; x_wconf 90' lang='lat' dir='ltr'><strong>notre</strong></span> <span class='ocrx_word' id='word_1_282' title='bbox 1965 4393 2036 4449; x_wconf 81' lang='lat' dir='ltr'><strong>terte</strong></span> 
     </span>
     <span class='ocr_line' id='line_1_30' title="bbox 619 4483 1923 4558; baseline -0.01 -17"><span class='ocrx_word' id='word_1_283' title='bbox 619 4485 690 4543; x_wconf 88' lang='lat' dir='ltr'><strong>n’est</strong></span> <span class='ocrx_word' id='word_1_284' title='bbox 705 4483 1145 4558; x_wconf 85' lang='lat' dir='ltr'><strong>doncpaspartaltemeuteracte.</strong></span> <span class='ocrx_word' id='word_1_285' title='bbox 1908 4495 1923 4528; x_wconf 69' lang='grc' dir='ltr'><strong>ι</strong></span> 
     </span>
    </p>
   </div>
   <div class='ocr_carea' id='block_1_5' title="bbox 621 4579 2036 4851">
    <p class='ocr_par' dir='ltr' id='par_1_7' title="bbox 621 4579 2036 4851">
     <span class='ocr_line' id='line_1_31' title="bbox 654 4579 2036 4657; baseline 0.002 -19"><span class='ocrx_word' id='word_1_286' title='bbox 654 4581 692 4655; x_wconf 79' lang='lat' dir='ltr'><strong>(t)</strong></span> <span class='ocrx_word' id='word_1_287' title='bbox 712 4581 733 4638; x_wconf 93' lang='lat' dir='ltr'><strong>ll</strong></span> <span class='ocrx_word' id='word_1_288' title='bbox 748 4581 826 4654; x_wconf 84' lang='lat' dir='ltr'><strong>s’agit</strong></span> <span class='ocrx_word' id='word_1_289' title='bbox 837 4581 874 4640; x_wconf 90' lang='lat' dir='ltr'><strong>du</strong></span> <span class='ocrx_word' id='word_1_290' title='bbox 888 4583 1007 4657; x_wconf 86' lang='lat' dir='ltr'><strong>marquis</strong></span> <span class='ocrx_word' id='word_1_291' title='bbox 1015 4581 1179 4657; x_wconf 76' lang='lat' dir='ltr'><strong>llalaspiua,</strong></span> <span class='ocrx_word' id='word_1_292' title='bbox 1191 4581 1287 4656; x_wconf 78' lang='lat' dir='ltr'><strong>appele</strong></span> <span class='ocrx_word' id='word_1_293' title='bbox 1299 4581 1360 4656; x_wconf 89' lang='lat' dir='ltr'><strong>plus</strong></span> <span class='ocrx_word' id='word_1_294' title='bbox 1373 4579 1424 4642; x_wconf 83' lang='lat' dir='ltr'><strong>bes</strong></span> <span class='ocrx_word' id='word_1_295' title='bbox 1435 4579 1600 4654; x_wconf 68' lang='lat' dir='ltr'><strong>Marcellia,</strong></span> <span class='ocrx_word' id='word_1_296' title='bbox 1610 4587 1639 4640; x_wconf 89' lang='lat' dir='ltr'><strong>et</strong></span> <span class='ocrx_word' id='word_1_297' title='bbox 1649 4581 1717 4640; x_wconf 89' lang='lat' dir='ltr'><strong>dans</strong></span> <span class='ocrx_word' id='word_1_298' title='bbox 1730 4581 1771 4640; x_wconf 86' lang='lat' dir='ltr'><strong>les</strong></span> <span class='ocrx_word' id='word_1_299' title='bbox 1780 4585 1854 4641; x_wconf 84' lang='lat' dir='ltr'><strong>actea</strong></span> <span class='ocrx_word' id='word_1_300' title='bbox 1864 4581 2036 4643; x_wconf 69' lang='lat' dir='ltr'><strong>umnuttuo</strong></span> 
     </span>
     <span class='ocr_line' id='line_1_32' title="bbox 621 4677 1875 4851; baseline -0.003 -13"><span class='ocrx_word' id='word_1_301' title='bbox 621 4677 879 4850; x_wconf 50' lang='lat' dir='ltr'><strong>ouidioaet-mddim</strong></span> <span class='ocrx_word' id='word_1_302' title='bbox 891 4781 970 4851; x_wconf 83' lang='lat' dir='ltr'><strong>ttae,</strong></span> <span class='ocrx_word' id='word_1_303' title='bbox 985 4775 1071 4837; x_wconf 79' lang='lat' dir='ltr'><strong>annes</strong></span> <span class='ocrx_word' id='word_1_304' title='bbox 1084 4777 1219 4838; x_wconf 79' lang='lat' dir='ltr'><strong>bissextile</strong></span> <span class='ocrx_word' id='word_1_305' title='bbox 1230 4779 1266 4837; x_wconf 81' lang='lat' dir='ltr'><strong>orl</strong></span> <span class='ocrx_word' id='word_1_306' title='bbox 1277 4777 1302 4836; x_wconf 89' lang='lat' dir='ltr'><strong>le</strong></span> <span class='ocrx_word' id='word_1_307' title='bbox 1314 4781 1330 4835; x_wconf 82' lang='grc'><strong>4</strong></span> <span class='ocrx_word' id='word_1_308' title='bbox 1343 4776 1443 4836; x_wconf 80' lang='lat' dir='ltr'><strong>terrica</strong></span> <span class='ocrx_word' id='word_1_309' title='bbox 1454 4777 1520 4836; x_wconf 75' lang='lat' dir='ltr'><strong>eluit</strong></span> <span class='ocrx_word' id='word_1_310' title='bbox 1532 4776 1729 4836; x_wconf 85' lang='lat' dir='ltr'><strong>ellectivement</strong></span> <span class='ocrx_word' id='word_1_311' title='bbox 1740 4793 1777 4835; x_wconf 87' lang='lat' dir='ltr'><strong>uu</strong></span> <span class='ocrx_word' id='word_1_312' title='bbox 1791 4775 1875 4835; x_wconf 77' lang='lat' dir='ltr'><strong>lund.</strong></span> 
     </span>
    </p>
   </div>
   <div class='ocr_carea' id='block_1_6' title="bbox 0 0 2344 6066">
    <p class='ocr_par' dir='ltr' id='par_1_8' title="bbox 0 0 2344 6066">
     <span class='ocr_line' id='line_1_33' title="bbox 0 0 2344 6066; baseline 0 0"><span class='ocrx_word' id='word_1_313' title='bbox 0 0 2344 6066; x_wconf 95' lang='lat' dir='ltr'><strong> </strong></span> 
     </span>
    </p>
   </div>
  </div>
 </body>
</html>
