4554 6080
609 670 669 732 330
1089 671 1329 734 CIIIIOIVICON
1354 673 1407 734 DE
1429 675 1556 736 REBUS

607 816 768 900 poterunt
786 807 975 903 explicare.
992 807 1116 880 Datum
1135 807 1230 902 epnd
1246 808 1456 900 Valenciam,
1483 808 1564 882 XXI
1583 809 1766 896 lebruurii,
1791 810 1883 882 XIIII
1903 809 2023 884 indic-

605 931 699 1004 tione
717 931 781 1028 (l).
804 957 822 1001 u

652 1055 717 1126 Die
731 1055 868 1129 ueneris
885 1055 951 1128 XX
970 1053 1100 1126 mensis
1115 1053 1249 1142 mercii,
1264 1053 1480 1128 Veronenses
1490 1054 1688 1128 babuerunt
1698 1055 1745 1129 ed
1758 1077 1878 1128 eorum
1892 1055 2019 1128 volun-

604 1187 707 1250 tatem
722 1187 871 1250 castrum
889 1177 992 1250 Scuvi
1008 1185 1042 1248 et
1057 1175 1128 1250 duo
1144 1176 1213 1248 alie
1229 1185 1341 1250 castra
1357 1199 1427 1273 que
1442 1179 1581 1251 tenebat
1598 1179 1760 1251 dominns
1778 1178 1887 1251 abbas
1903 1180 2018 1252 Sancti

604 1302 752 1374 Zenonis
769 1301 830 1396 qui
856 1299 1043 1375 rebellabat
1066 1301 1242 1373 communi
1265 1301 1411 1374 Verona.
1431 1301 1564 1374 Eodem
1586 1311 1742 1397 tempore
1767 1323 1882 1376 comes
1904 1302 2018 1376 Uber-

602 1427 697 1498 tinus
715 1425 760 1498 de
782 1425 901 1499 Laudo
919 1433 1099 1497 tractatum
1119 1423 1242 1496 habuit
1267 1447 1347 1496 cnm
1366 1425 1549 1497 Gnillelmo
1570 1423 1615 1498 de
1629 1425 1817 1499 Fredencio
1832 1435 1867 1500 et
1885 1426 2017 1498 Monte·

602 1549 700 1621 nario
723 1549 847 1622 Grasso
871 1559 905 1620 et
930 1549 1053 1622 ceteris
1072 1547 1188 1620 Balbis
1211 1555 1246 1620 et
1267 1549 1356 1620 lacta
1382 1549 1543 1644 pactione
1567 1551 1728 1638 cumeis,
1753 1549 1834 1624 data
1855 1547 1927 1622 filia
1952 1549 2015 1624 do·

600 1671 687 1742 mini
700 1649 865 1745 ¹Gnizardi
878 1670 923 1744 de
938 1670 1067 1743 Audito
1083 1693 1162 1742 cnm
1177 1680 1326 1764 quatuor
1339 1681 1479 1744 centurn
1492 1672 1590 1744 libris
1602 1673 1810 1746 Placentinis
1825 1671 1870 1746 de
1885 1673 2014 1766 quibus

599 1816 681 1890 pars
713 1796 906 1869 extrinseca
938 1795 984 1869 de
1010 1795 1182 1868 Placentia
1208 1797 1311 1867 solvit
1342 1793 1418 1868 CCC
1448 1796 1538 1868 libra
1561 1805 1598 1869 et
1627 1796 1791 1870 dominus
1821 1795 2013 1869 Gnizardus

600 1919 759 2009 Clibra‚
792 1920 830 1991 in
865 1940 977 1992 uxore
1009 1917 1080 1991 filio
1106 1919 1278 1990 Guillelm'i
1307 1918 1352 1992 de
1383 1919 1572 1992 Fredencio
1598 1929 1633 1992 et
1666 1919 1758 1993 datis
1791 1921 1868 1992 istis
1898 1921 2013 1993 Balbis

599 2041 674 2116 000
689 2043 776 2115 libra
793 2043 989 2116 Placentina
1004 2064 1066 2138 pro
1080 2050 1177 2138 parte
1195 2043 1273 2134 ista,
1290 2064 1393 2115 cansa
1408 2044 1546 2116 emendi
1566 2065 1675 2138 equos
1688 2054 1723 2116 et
1738 2067 1833 2116 arma
1850 2054 1885 2116 et
1901 2067 2011 2137 guar-

598 2167 717 2240 niendl
746 2175 856 2240 castra
884 2189 1003 2239 corum
1031 2174 1066 2239 et
1090 2166 1168 2238 aliis
1194 2167 1388 2262 parentella
1415 2167 1513 2240 lactis
1539 2167 1627 2239 inter
1655 2167 1733 2240 illos
1751 2167 1797 2240 de
1822 2167 1952 2240 Audito
1978 2179 2012 2241 et

598 2288 710 2362 dictos
734 2290 877 2382 Balbos,
899 2289 981 2362 lacti
1008 2300 1089 2362 sunt
1117 2289 1201 2363 dicti
1225 2291 1323 2362 Balbi
1347 2291 1414 2386 ipsi
1433 2302 1469 2363 et
1493 2311 1613 2364 eorum
1630 2291 1788 2364 homines
1806 2291 1909 2364 amici
1929 2291 2010 2364 dicti

596 2413 729 2485 domini
747 2413 880 2486 comitis
902 2423 937 2486 et
953 2415 1058 2509 partis
1075 2417 1170 2506 ejus,
1190 2413 1238 2486 ita
1261 2413 1359 2507 quod
1382 2415 1440 2488 dle
1463 2415 1602 2487 veneris
1627 2415 1720 2486 XVII
1740 2415 1868 2487 mensis
1893 2415 2010 2512 aprilis

596 2537 868 2633 archipresbyter
887 2545 923 2608 et
941 2537 1056 2610 llicins
1079 2537 1125 2610 de
1143 2537 1325 2610 Luxiardis
1350 2559 1572 2610 cumeorum
1598 2537 1829 2610 servientibus
1852 2539 2008 2613 intrave-

595 2670 677 2732 runt
692 2661 826 2734 Petram
841 2661 1003 2733 Dueriam
1021 2661 1082 2733 ubi
1100 2661 1230 2755 recepti
1244 2663 1383 2733 luerunt
1401 2683 1423 2733 a
1439 2661 1554 2734 Balbis
1572 2683 1652 2734 cum
1669 2682 1796 2756 magno
1811 2660 1955 2754 bonore,
1975 2673 2008 2736 et

596 2785 770 2856 Gerardus
788 2785 833 2857 de
854 2785 1030 2858 Maxereta
1048 2795 1083 2856 et
1103 2785 1287 2858 Ubertinus
1310 2784 1355 2857 de
1378 2769 1510 2858 Nucetc
1534 2807 1615 2857 cum
1639 2806 1759 2857 eorum
1778 2785 2008 2858 servientibus

597 2909 641 2982 de
669 2919 764 3003 parte
788 2909 854 2980 ista
883 2929 963 2980 cum
991 2919 1093 3001 gente
1118 2909 1303 2980 Balborum
1328 2909 1543 2980 intraverunt
1572 2908 1609 2979 in
1635 2908 2005 3000 Petramscremonam‚

596 3032 791 3104 munientes
824 3033 934 3127 ipsam
965 3032 1100 3104 Petram
1128 3031 1290 3103 omnibus
1320 3031 1535 3104 necessariis.
1568 3031 1731 3104 Similiter
1757 3032 2010 3122 guarniverunt

595 3155 733 3228 Ozolem
753 3166 788 3228 et
812 3158 913 3250 qnasi
936 3177 1055 3229 omnes
1083 3156 1128 3229 de
1145 3157 1327 3229 Montanae
1353 3155 1522 3228 obediunt
1549 3156 1690 3229 domino
1713 3157 1828 3228 comiti
1859 3169 1894 3228 at
1923 3157 2009 3250 parti

595 3280 788 3353 extrinsece
811 3281 857 3354 de
873 3279 1059 3352 Placentia.
1081 3281 1123 3352 Et
1145 3279 1204 3352 die
1221 3279 1394 3352 domInico
1412 3279 1533 3350 XVIIII
1554 3279 1683 3351 mensis
1703 3279 1823 3374 aprilis
1846 3277 2010 3351 dominns

595 3421 710 3473 comes
727 3423 806 3474 cum
822 3401 887 3474 illis
904 3403 1070 3475 militibus
1087 3400 1132 3474 de
1150 3401 1361 3474 Zavatarello
1377 3421 1467 3494 quos
1486 3421 1605 3472 seeum
1624 3399 1752 3473 ducere
1768 3401 1879 3474 voluit
1897 3409 2009 3473 trans·

594 3524 660 3596 ivit
674 3525 720 3597 ad
737 3537 852 3620 partes
867 3527 965 3600 Patre
980 3526 1110 3598 Duerie
1127 3547 1190 3620 pro
1211 3524 1328 3596 multis
1346 3532 1380 3596 et
1399 3523 1504 3594 variis
1523 3523 1677 3617 negociis
1693 3525 1846 3618 quesibi
1867 3533 1901 3596 et
1919 3525 2008 3618 parti

594 3648 659 3720 iste
675 3645 752 3743 (sic)
769 3649 993 3722 imminebant
1008 3649 1053 3722 ad
1072 3647 1284 3750 laciendum.
1303 3647 1368 3718 Die
1388 3667 1471 3718 vero
1489 3647 1572 3718 lune
1588 3645 1648 3718 IIII
1668 3646 1796 3717 mensis
1815 3645 1923 3718 madii
1943 3647 2007 3720 dc-

592 3771 679 3842 mini
696 3767 888 3844 Gnizardus
904 3772 950 3845 de
962 3771 1091 3845 Audito
1107 3781 1142 3844 et
1156 3773 1247 3844 Razo
1264 3771 1309 3843 de
1329 3763 1524 3842 Kalenza'no
1544 3789 1624 3840 cum
1643 3769 1812 3840 militibus
1827 3769 1889 3864 qui
1909 3781 2008 3840 erant

593 3891 640 3964 ad
657 3893 907 3966 Zavaterellum
928 3894 1019 3966 circe
1045 3894 1135 3966 LXX
1161 3895 1406 3988 equitaverunt
1425 3891 1472 3964 ad
1489 3901 1604 3985 partes
1623 3891 1723 3964 Patre
1742 3892 1884 3982 Duerie,
1901 3901 1937 3966 ct
1949 3891 2008 3966 dle

594 4017 740 4088 mercuri
756 4017 801 4090 VI
818 4017 945 4090 mensis
962 4017 1066 4091 madii
1083 4018 1228 4113 predicti
1247 4017 1373 4089 milites
1388 4025 1423 4088 et
1437 4015 1672 4088 Montenarius
1690 4014 1836 4087 Grassus
1851 4027 1886 4088 et
1903 4019 2007 4090 ceteri

593 4139 690 4212 Balbi
714 4161 792 4211 cnm
820 4150 922 4235 gente
946 4161 1068 4212 eorum
1092 4151 1127 4212 et
1150 4141 1199 4213 illi
1229 4141 1274 4214 de
1299 4140 1457 4233 Gravago
1484 4147 1519 4210 et
1541 4139 1591 4210 illi
1610 4139 1655 4210 de
1680 4139 1810 4212 Varxio
1832 4147 1867 4211 et
1891 4137 1940 4210 illi
1963 4139 2008 4211 de

592 4267 731 4358 Septem
746 4264 905 4337 Sorribne
933 4285 1013 4336 cum
1037 4263 1127 4337 bene
1143 4263 1344 4359 quingentis
1364 4261 1597 4335 servientibus
1617 4271 1838 4356 expectantes
1861 4259 1924 4334 diu
1944 4259 2006 4333 dc·

593 4387 726 4458 minum
745 4389 903 4461 comitem
921 4409 1000 4462 cum
1012 4387 1197 4461 Luxiardis
1213 4397 1249 4460 et
1265 4387 1334 4460 illis
1353 4386 1398 4459 de
1415 4388 1513 4460 Petra
1534 4385 1693 4458 Cravuna
1711 4393 1866 4478 algente
1882 4405 2001 4458 eurum

628 4685 664 4761 (t)
683 4686 758 4744 Getta
777 4686 855 4744 lettre
869 4687 906 4744 du
922 4687 963 4746 roi
982 4688 1016 4746 de
1034 4688 1143 4746 Castille
1156 4694 1197 4745 est
1212 4686 1381 4746 mentiunnee
1397 4686 1466 4744 dans
1478 4685 1545 4744 Jean
1557 4685 1592 4743 de
1607 4685 1721 4757 bluseis,
1737 4685 1865 4742 Obsonia.
1880 4685 1999 4743 Placent.

592 4799 637 4857 ep.
647 4783 812 4856 Musarum,
825 4784 941 4856 script,
956 4791 976 4841 t.
989 4784 1066 4856 XVI,
1083 4801 1111 4858 p.
1127 4787 1189 4843 tus.
