4534 6074
805 616 848 676 ΙΝ
873 615 1011 677 trenta
1037 611 1189 676 uestis
1643 600 1701 664 115

289 741 335 817 de
359 744 528 818 militibus
550 747 662 818 missit
692 745 863 841 quosdam
893 770 1004 844 nsque
1030 745 1270 834 Gratescliem,
1296 741 1356 814 alii
1378 747 1545 812 steterunt
1574 738 1610 810 in
1627 739 1703 810 Ga·-

288 867 342 941 zic
363 869 429 963 (u),
452 868 511 942 elii
535 869 584 943 ad
600 869 724 942 Vicum
747 871 922 964 Mejerem.
949 873 1080 946 luteres
1102 870 1245 965 qnidam
1274 865 1320 938 de
1347 863 1534 936 Gratasolia
1556 862 1703 936 subdole

288 991 417 1065 missus
432 1003 485 1065 est
506 1014 528 1065 a
549 993 777 1088 Pe'piensibus
795 989 868 1093 [ad]
886 995 1177 1082 Mediolanenses,
1195 991 1293 1082 cujus
1311 991 1459 1061 clamore
1482 996 1518 1060 et
1534 986 1702 1060 vocitera-

289 1115 383 1188 tione
400 1117 525 1188 milites
541 1115 728 1191 Mediolani
747 1129 847 1191 extra
864 1119 1039 1192 civitatem
1053 1125 1219 1190 exeuntes
1235 1112 1404 1210 persecuti
1422 1121 1504 1184 suut
1519 1131 1578 1184 ece
1592 1131 1705 1204 usque

288 1237 336 1311 ad
356 1239 498 1312 Pontem
517 1239 694 1334 Longum,
722 1241 891 1337 capiendo
917 1243 1041 1314 milites
1061 1249 1096 1313 et
1121 1237 1255 1334 pedites
1269 1235 1453 1330 Papieuses
1481 1235 1552 1306 lere
1568 1253 1701 1306 omnes.

288 1363 386 1434 Tunc
401 1373 518 1436 eutem
543 1363 671 1459 pilares
691 1365 962 1438 revenebantur.
985 1366 1172 1460 Imperator
1185 1381 1345 1454 egressus
1360 1357 1406 1431 de
1423 1355 1559 1428 insidiis
1575 1356 1705 1450 quibus

288 1485 420 1558 latebat
444 1499 531 1582 aput
549 1487 773 1578 Seteznnum,
798 1489 896 1562 veuit
921 1487 1062 1562 obvium
1081 1487 1151 1575 eis;
1170 1483 1380 1580 recuperatis
1397 1479 1639 1576 Papiensibus,
1659 1501 1706 1552 ex

287 1609 605 1683 Mediolanensibus
622 1611 698 1684 CCC
722 1611 846 1685 milites
871 1613 962 1708 cepit
984 1633 1071 1707 quos
1094 1609 1247 1682 laudam
1263 1607 1381 1698 duxit,
1403 1603 1531 1679 deinde
1548 1603 1703 1700 Papiam.

288 1733 346 1804 Ab
376 1733 436 1805 illa
465 1733 523 1808 die
548 1735 640 1830 cepit
668 1735 856 1831 imperator
884 1734 1096 1810 confidenter
1117 1731 1244 1806 merari
1272 1737 1355 1825 aput
1381 1727 1535 1800 Cremam
1559 1727 1707 1820 lecitque

289 1851 363 1926 lieri
389 1854 600 1928 testudinem
622 1856 905 1953 mirabilemque
927 1857 1132 1954 implebatur
1158 1856 1336 1926 fossatum.
1363 1853 1508 1946 Insuper
1527 1851 1606 1924 lecit
1633 1849 1706 1922 lieri

288 1986 420 2051 turrem
439 1978 590 2070 lignenm
607 1980 764 2054 altiorem
784 1991 820 2054 et
842 1981 1023 2054 forciorem
1050 1989 1085 2052 et
1112 1977 1266 2051 latiorem
1294 1995 1400 2071 quam
1428 1974 1554 2068 aliquis
1580 1969 1708 2046 viderit

289 2121 464 2194 unquam,
491 2103 641 2196 lecitque
659 2104 779 2176 venire
794 2103 936 2176 obsides
958 2101 1145 2177 Mediolani
1161 2120 1249 2196 qnos
1272 2097 1423 2170 babebat
1439 2099 1475 2170 in
1491 2095 1655 2170 Cremona
1673 2107 1708 2170 et

289 2223 446 2319 captives
463 2245 553 2320 quos
572 2225 722 2299 babebat
740 2227 845 2323 Papie
862 2235 897 2300 et
915 2225 961 2300 de
984 2219 1215 2322 meliori[bus]
1232 2221 1278 2318 (b)
1299 2222 1390 2294 circe
1414 2221 1479 2294 XX
1497 2221 1531 2292 in
1550 2219 1608 2294 die
1625 2243 1708 2294 eus-

289 2347 466 2442 peudebet
490 2359 589 2422 extra
616 2349 736 2420 turrim
764 2349 905 2422 funibus
932 2349 1045 2444 ligetis
1069 2347 1076 2446 l
1100 2347 1272 2436 humeris,
1307 2355 1342 2420 et
1371 2347 1406 2418 in
1433 2345 1585 2440 quodam
1614 2345 1708 2439 ligno

287 2468 477 2562 sedebaut;
503 2480 543 2542 ut
569 2471 744 2566 lapidibus
767 2473 828 2566 qni
852 2473 1070 2565 iactabautur
1092 2471 1138 2544 ab
1160 2469 1297 2565 onagris
1322 2469 1504 2564 quierant
1528 2470 1565 2540 in
1588 2469 1708 2544 Crema

288 2591 531 2686 obruerentur,
548 2603 609 2666 aut
635 2615 755 2666 eorum
785 2595 907 2668 dmere
931 2597 988 2668 vel
1013 2615 1130 2668 amore
1148 2593 1323 2666 castellum
1342 2591 1558 2683 redderetur,
1577 2602 1612 2665 et
1627 2615 1705 2666 cum

288 2715 351 2810 per
377 2716 509 2810 aliquot
529 2713 605 2790 dies
632 2718 721 2792 ictus
741 2719 896 2815 lapidum
914 2719 1174 2804 sustinuissent,
1201 2715 1286 2788 turri
1313 2715 1610 2812 appropinquante
1632 2739 1708 2790 cas-

289 2840 435 2911 tellone
462 2837 613 2914 dimissis
635 2840 681 2914 de
707 2842 855 2939 captivis
880 2853 915 2916 et
932 2841 1113 2915 obsidibus
1135 2841 1172 2912 in
1192 2849 1292 2913 nocte
1319 2838 1355 2910 in
1384 2839 1488 2927 turri,
1518 2840 1709 2912 timuerunt

291 2983 339 3034 ne
367 2961 474 3036 altera
500 2961 559 3036 die
584 2974 788 3060 caperentur
808 2963 853 3061 (o)
878 2973 948 3038 tota
967 2962 1032 3061 (l).
1055 2964 1113 3037 Vll
1137 2961 1302 3036 kalendas
1329 2961 1510 3055 februarii,
1543 2962 1708 3035 Cromen-

289 3103 347 3156 ses
365 3083 416 3180 (d)
436 3084 662 3158 reddiderunt
680 3109 718 3161 se
732 3089 929 3184 imperatori
945 3097 980 3162 et
998 3087 1128 3181 egressi
1147 3097 1247 3174 suut,
1269 3085 1501 3180 relinquentes
1517 3085 1566 3157 ibi
1583 3085 1708 3160 loricas

289 3217 325 3280 et
351 3227 466 3298 arma,
484 3229 608 3280 verum
626 3218 740 3282 tamen
758 3211 817 3283 illa
835 3221 935 3284 nocte
964 3211 1158 3284 laborantes
1183 3211 1322 3304 onagris
1339 3209 1413 3282 suis
1436 3209 1638 3282 oeciderunt
1661 3231 1708 3282 ex

289 3327 359 3401 illis
376 3330 439 3424 qui
456 3341 556 3404 erant
573 3331 669 3426 ligati
697 3333 733 3404 in
763 3333 847 3406 turri
875 3344 1020 3430 septem.
1048 3335 1092 3408 Et
1116 3335 1299 3430 imperator
1328 3333 1426 3406 dedit
1451 3333 1538 3406 illud
1556 3343 1705 3406 castrum

330 3501 375 3584 (a)
395 3503 455 3582 Ap.
469 3505 613 3568 Murater.
631 3505 773 3570 Gaulane.

331 3607 373 3690 (b)
396 3609 433 3670 ln
447 3611 548 3672 codice
561 3609 596 3671 dc
609 3610 730 3674 melori

330 3713 371 3796 (c)
392 3717 428 3777 1n
442 3717 544 3778 codiee
557 3725 722 3797 caperetur.

331 3819 374 3901 (d)
396 3823 432 3883 ln
443 3823 544 3884 codtoe
559 3823 771 3887 Cremonenses.

325 4125 362 4200 lt)
380 4123 416 4182 lei
429 4125 457 4181 la
476 4125 577 4198 phrase
595 4133 638 4184 est
652 4127 833 4202 interrempue
846 4143 897 4202 par
909 4127 936 4186 le
949 4127 1068 4188 mention
1086 4129 1120 4186 de
1131 4129 1158 4186 la
1170 4130 1301 4189 redditiou
1312 4131 1346 4188 ds
1358 4131 1454 4189 Creme
1465 4139 1494 4190 et
1505 4131 1563 4190 doit
1576 4147 1607 4190 se
1618 4133 1704 4191 eonti-

289 4235 357 4300 nner
370 4235 422 4295 pur
432 4229 620 4279 ceromtomen
635 4223 686 4282 illc
708 4231 796 4294 nocte,
808 4231 861 4282 etc.
877 4227 914 4282 be
926 4231 1000 4284 texte
1012 4225 1104 4301 publia
1115 4243 1165 4300 par
1178 4229 1305 4286 Murateri
1324 4235 1353 4285 et
1367 4229 1436 4286 celui
1455 4229 1492 4286 du
1511 4230 1658 4288 manuscrit
1668 4231 1703 4289 de

288 4317 364 4375 Paris
378 4317 536 4392 presentent
549 4335 584 4376 en
595 4319 658 4377 etlet
679 4320 787 4378 insuite
801 4321 850 4378 dee
863 4321 938 4380 ideas
951 4323 1021 4381 dans
1034 4323 1091 4381 leur
1099 4325 1179 4382 ordre
1189 4325 1319 4384 vertente
1332 4343 1340 4382 ε
1355 4327 1421 4382 Toto
1431 4341 1494 4400 erpo
1504 4333 1580 4384 uncte
1590 4329 1703 4401 ouoprs's

287 4416 347 4471 sab
374 4413 850 4490 eunomianorumque.
865 4419 1146 4480 Seirentdesdetuils
1165 4423 1212 4496 qui
1235 4438 1270 4480 ne
1293 4437 1324 4480 ss
1346 4424 1614 4498 trouventpmdaus
1627 4431 1703 4484 notre

288 4510 493 4582 manuscrit,et
507 4510 554 4584 qui
568 4527 598 4568 se
616 4513 760 4570 terruinent
776 4529 827 4588 par
845 4513 870 4572 la
885 4514 984 4589 phrase
1002 4517 1111 4575 :ntem
1131 4524 1222 4576 temen
1238 4517 1369 4576 ducente
1381 4519 1703 4594 meabimertteuuo

287 4605 359 4662 dom.
372 4608 427 4663 tnc.
440 4607 553 4667 ueta
561 4607 735 4668 reddiderunt
746 4610 886 4670 cucullum
900 4619 924 4670 ct
939 4615 1038 4686 sormi
1050 4620 1129 4686 eant,
1138 4621 1187 4674 etc
1201 4615 1242 4674 On
1253 4617 1309 4674 voit
1319 4633 1372 4692 que
1383 4617 1410 4676 lu
1421 4618 1484 4676 dete
1493 4619 1637 4679 mensuelte
1649 4621 1701 4680 dit·

289 4701 346 4762 tere
359 4703 427 4763 daus
438 4705 480 4764 les
490 4703 561 4764 deux
573 4711 668 4766 tentes.
