4554 6080
777 606 817 666 lN
842 605 981 666 l'lllblll
1005 605 1155 668 oasrls.
1612 605 1673 668 255

259 767 321 840 per
337 743 371 814 X
387 743 481 830 dies,
501 762 581 812 cnm
600 739 916 813 Mediolanensibus
938 749 973 812 et
985 738 1270 836 pergamensibus
1287 751 1322 815 et
1339 741 1415 814 aliis
1432 742 1674 838 equitaverunt

257 887 363 962 super
382 866 513 938 lluman
535 863 612 958 Ogii
629 863 666 936 in
683 865 838 960 portibus
853 865 1029 955 Pallazoli,
1049 875 1084 938 et
1098 875 1313 939 transeuntes
1337 864 1423 939 rllnd
1442 867 1570 939 llumen
1593 889 1674 939 cum

260 991 407 1064 inissent
420 1011 483 1085 per
500 987 656 1061 medinm
674 997 823 1060 castrum
839 989 1003 1084 Caprioli,
1025 991 1173 1063 stulticia
1187 990 1323 1062 illorum
1339 991 1401 1085 qui
1417 988 1511 1062 intus
1524 997 1674 1062 castrum

259 1123 358 1186 erant
368 1113 404 1185 in
416 1113 586 1199 custodia,
602 1111 699 1182 illum
715 1112 829 1184 locum
845 1121 1010 1208 ceperunt
1025 1123 1059 1186 et
1072 1113 1229 1186 homines
1243 1121 1277 1186 et
1292 1113 1436 1186 feminas
1450 1121 1484 1186 et
1495 1133 1622 1208 pueros
1637 1111 1674 1182 in

259 1235 335 1330 ipso
348 1236 425 1308 loco
440 1235 601 1308 inventos
622 1233 834 1306 occiderunt.
855 1235 975 1307 Postea
996 1236 1205 1308 transierunt
1227 1258 1288 1331 per
1305 1236 1541 1332 episcopatum
1557 1233 1675 1307 Brixie

255 1359 359 1452 Juxta
374 1358 547 1432 civitatem
565 1357 684 1430 Brixie
701 1358 834 1450 absque
847 1357 1179 1450 Mediolanensibus,
1198 1367 1233 1430 et
1255 1359 1393 1430 iverunt
1410 1357 1505 1454 apud
1521 1358 1674 1431 Montem

260 1481 397 1555 Clarum
422 1489 457 1554 et
479 1481 596 1577 ipsum
619 1481 731 1552 locum
758 1479 974 1570 habuerunt,
1000 1504 1109 1576 quum
1135 1482 1183 1553 ibi
1208 1491 1306 1554 erant
1329 1481 1526 1574 Mantuani,
1545 1483 1672 1554 Ferra-

259 1605 391 1680 rienses
412 1613 447 1678 et
467 1605 526 1678 alii
543 1603 588 1676 de
603 1603 671 1676 illis
689 1603 844 1700 partibus
869 1601 1031 1700 usquein
1048 1605 1233 1678 duobusM
1253 1605 1419 1678 militibus
1439 1605 1531 1701 ipsos
1545 1625 1675 1700 expec-

260 1738 383 1804 tant&

308 1853 407 1925 'lune
426 1851 575 1927 Ubertus
597 1851 752 1924 marchio
774 1851 985 1924 Palavicinus
1009 1875 1088 1925 cnm
1111 1851 1397 1925 Cremonensibus
1415 1862 1450 1924 et
1467 1851 1673 1926 Placentinis

260 1997 342 2049 cum
359 1997 480 2050 eornm
499 1975 643 2048 carociis
667 1984 702 2048 et
723 1975 850 2046 milicia
874 1973 978 2070 Papie
1000 1987 1085 2071 aput
1107 1976 1297 2048 Snncinum
1323 1985 1358 2046 et
1379 1974 1518 2046 Urciom
1541 1974 1676 2049 reside-

260 2100 358 2189 bant,
373 2099 596 2196 permitantes
609 2101 702 2193 ipsos
715 2099 811 2170 abire
826 2099 902 2171 sine
921 2097 1042 2194 prelio.
1059 2099 1240 2170 Timebant
1255 2098 1347 2169 enim
1363 2097 1408 2170 de
1421 2099 1672 2170 brixiensibus.

260 2225 393 2298 lnterea
414 2223 572 2297 homines
594 2223 741 2295 Palazoli
766 2231 801 2296 et
823 2233 974 2294 castrum
999 2233 1033 2294 et
1060 2222 1275 2295 fortitudines
1300 2220 1615 2293 Mediolanensibus
1642 2233 1677 2294 ct

259 2347 548 2443 Pergamensibus
564 2345 752 2436 dederunt,
768 2347 943 2441 capientes
954 2345 1090 2442 pedites
1102 2357 1137 2418 et
1150 2347 1274 2418 milites
1290 2345 1456 2418 Cremona
1470 2356 1505 2418 et
1520 2346 1677 2419 Brixien-

260 2473 395 2566 sesqui
415 2471 462 2542 ibi
480 2479 579 2544 erant
597 2471 632 2540 in
655 2469 825 2542 custodia.

309 2595 560 2668 Ultramontani
595 2616 657 2690 per
687 2594 876 2666 Bononiam
904 2602 939 2666 et
963 2593 1137 2666 Marcham
1168 2591 1309 2666 Anconc
1343 2594 1550 2668 transierunt
1580 2595 1676 2691 apud

260 2721 403 2793 Romam
419 2719 540 2813 inqua
557 2727 630 2791 erat
642 2739 757 2792 comes
768 2718 947 2790 Provincie
965 2725 999 2790 et
1011 2716 1217 2813 expectabat
1234 2737 1307 2789 eos.

308 2841 442 2918 mnam
461 2841 648 2931 MCCLXV‚
672 2842 708 2912 in
727 2841 847 2914 ultima
862 2839 1057 2914 ebdomada
1071 2839 1242 2934 ianuarii,
1263 2840 1463 2912 brixienses
1484 2840 1674 2916 rebellave-

260 2973 345 3040 runt
362 2965 504 3038 domino
518 2965 644 3039 chrto
656 2965 846 3038 marchioni
860 2961 1057 3039 Palavicino
1072 2973 1106 3037 et
1124 2965 1297 3036 communi
1313 2964 1489 3053 cremone,
1502 2965 1677 3060 capientes

261 3087 438 3161 custodias
454 3088 604 3160 amatis
621 3109 691 3183 que
715 3098 812 3161 erant
838 3086 883 3161 de
904 3087 1091 3175 Cremona,
1113 3088 1370 3160 introducentes
1392 3089 1428 3158 in
1454 3087 1564 3184 ipsam
1590 3089 1676 3160 civi-

261 3219 366 3286 tatem
390 3211 554 3285 miliciam
572 3211 756 3286 Mediolani
777 3221 812 3284 et
829 3209 989 3284 bannitos
1009 3231 1129 3284 eorum
1152 3220 1271 3282 contra
1293 3221 1506 3284 sacramenta
1522 3221 1557 3284 et
1577 3221 1677 3308 pacta

261 3336 366 3410 lacta.

310 3460 388 3546 Quo
411 3459 532 3532 andito
557 3481 618 3554 per
641 3457 841 3531 Cremonam
869 3459 982 3530 statim
1011 3457 1165 3530 marchio
1190 3466 1225 3529 et
1250 3457 1496 3532 Cremonenses
1524 3457 1678 3532 londitns

262 3583 444 3657 diruerunt
457 3585 595 3656 castella
614 3583 731 3654 Brixis
745 3603 815 3676 qne
829 3591 927 3654 erant
942 3582 976 3653 in
994 3583 1079 3678 ilipa
1095 3581 1193 3675 Ogii,
1208 3580 1371 3656 videlicet
1387 3583 1547 3674 Urcinm,
1567 3583 1677 3667 Quin-

262 3730 407 3802 ganum,
426 3707 679 3799 Pontevicium,
700 3705 914 3794 Ustilianam,
935 3705 1117 3795 Canetum,
1139 3706 1313 3800 capientes
1328 3706 1485 3778 homines
1501 3716 1535 3778 et
1551 3707 1678 3780 bestias

193 3897 196 3904 ,
262 3831 399 3904 illorum
420 3841 455 3904 et
475 3831 632 3904 alliorum
657 3827 971 3902 circumstancium.
995 3829 1070 3915 Que
1087 3829 1162 3902 loca
1185 3828 1429 3903 Cremonenses
1447 3830 1623 3903 habebant
1641 3831 1677 3904 in

262 3953 433 4028 custodia.

310 4075 444 4151 Eodem
467 4086 623 4171 tempore
640 4074 789 4148 lacobus
811 4075 959 4148 'lizonns
982 4074 1214 4147 vercellarum
1236 4074 1321 4147 bora
1349 4083 1474 4147 statuta
1503 4085 1536 4147 et
1559 4075 1677 4151 habito

264 4209 388 4274 tralatu
416 4223 496 4272 cum
514 4199 705 4296 capitaneis
728 4207 762 4272 et
779 4199 1018 4272 valvasoribus
1035 4197 1186 4270 bannitis
1203 4199 1408 4291 Mediolani,
1435 4219 1514 4270 cnm
1533 4199 1678 4294 Papien-

263 4323 360 4396 sibus
384 4323 599 4397 intraverunt
618 4323 793 4396 civitatem
812 4323 1043 4398 vercellarum
1067 4343 1204 4394 summo
1227 4343 1348 4413 mane,
1365 4321 1423 4394 tali
1450 4321 1554 4394 modo
1572 4322 1681 4395 ride-

263 4446 344 4520 licet
364 4445 460 4542 qnod
483 4447 657 4520 habebant
681 4467 777 4521 carra
800 4447 899 4542 palee
916 4445 953 4516 in
970 4445 1101 4540 quibus
1128 4445 1284 4518 homines
1300 4445 1420 4516 armati
1448 4445 1619 4536 latebant;
1646 4455 1681 4518 et

264 4579 382 4666 aperta
405 4579 503 4666 porta
525 4569 757 4644 vercellarum
776 4568 889 4640 statim
914 4568 1079 4641 intrantes
1105 4568 1349 4640 interfecerunt
1374 4566 1535 4640 custodes
1560 4577 1681 4663 porta-

264 4717 363 4787 rum,
383 4693 538 4766 curendo
561 4693 686 4765 milites
701 4713 815 4787 nsque
832 4689 878 4764 ad
903 4691 1074 4788 palacium
1092 4690 1241 4764 civitatis
1258 4690 1319 4762 ubi
1340 4691 1545 4764 invenerunt
1562 4691 1679 4785 Paga-
