4594 6066
584 647 644 710 tot
1062 654 1301 718 cttuorttuou
1326 656 1378 718 DE
1400 657 1527 720 REBUS

583 793 752 876 traxerat,
784 785 830 859 dc
856 787 1001 882 singulis
1031 788 1225 864 dubitando
1254 791 1407 868 incertus
1432 801 1548 864 utrum
1573 788 1624 887 (a)
1651 793 1698 866 ad
1726 793 1836 889 pedes
1859 806 1991 872 nostros

582 909 761 982 accederet
779 919 899 982 utrum
924 911 1020 1006 quod
1049 923 1219 1008 oporteret
1243 937 1324 988 eum
1346 915 1381 986 iu
1404 915 1522 1011 aliquo
1549 925 1661 990 castro
1688 919 1813 1013 recipi,
1832 941 1911 994 cum
1937 923 1989 994 in·

582 1028 627 1104 de
643 1029 690 1127 (l)
711 1035 813 1127 quasi
829 1033 877 1108 de
898 1037 1008 1130 gratia
1025 1046 1142 1110 nostra
1162 1037 1319 1112 delidene
1338 1061 1377 1112 ee
1395 1061 1473 1112 cum
1490 1039 1564 1112 suis
1587 1040 1622 1112 in
1644 1050 1756 1116 castro
1773 1045 1918 1118 Trevelli
1935 1069 1988 1120 re·

582 1165 720 1250 ceptere
748 1170 974 1254 proponeret,
1004 1160 1144 1234 tandem
1173 1162 1220 1236 ed
1241 1184 1300 1236 cor
1319 1183 1478 1236 reversus
1498 1164 1647 1238 nuncios
1660 1186 1743 1240 euos
1770 1169 1990 1242 venientibus

581 1279 683 1352 nobis
697 1280 794 1376 apud
813 1283 1045 1358 Nuoremberc
1058 1283 1100 1380 (c)
1118 1284 1317 1360 destinavit.
1335 1287 1398 1360 Per
1414 1309 1505 1381 quos
1519 1286 1746 1362 devocionem
1769 1311 1866 1364 suam
1890 1295 1990 1396 plene

580 1403 680 1476 nobie
707 1427 888 1501 exponens
914 1417 949 1480 et
974 1407 1225 1502 indulgentiam
1253 1413 1449 1506 pouulms,
1466 1411 1592 1484 obtulit
1621 1433 1660 1486 se
1683 1422 1840 1507 puratum
1866 1415 1913 1488 ad
1928 1438 1991 1490 nos

576 1527 679 1618 juxte
705 1529 907 1602 mandatum
937 1540 1091 1604 nostrum
1109 1533 1205 1605 nulla
1230 1533 1430 1629 interpositu
1458 1533 1662 1608 condicione
1686 1536 1806 1610 venire
1831 1535 1896 1634 (d).
1922 1539 1990 1612 Ce-

580 1661 690 1724 terum
716 1675 786 1726 unu
802 1649 911 1752 [cum]
928 1655 1089 1728 omnibus
1112 1655 1329 1752 principibus
1348 1657 1474 1730 nostrie
1500 1659 1724 1754 sollempnem
1744 1668 1780 1734 et
1791 1665 1989 1755 'generalem

579 1775 712 1848 curiam
747 1777 783 1848 in
820 1779 905 1850 testo
936 1777 1189 1872 Assumptionie
1222 1781 1323 1856 beate
1351 1782 1504 1874 Virginis
1530 1783 1636 1856 llarie
1663 1793 1749 1878 aput
1771 1785 1989 1879 Maguuciam

578 1898 771 1972 indiximus
787 1901 1043 1994 celebrandam,
1060 1903 1096 1974 iu
1114 1925 1183 1996 qua
1197 1903 1401 2000 disponetur
1421 1905 1466 1978 de
1484 1905 1668 1998 tranquillo
1685 1915 1777 1980 stulu
1795 1909 1904 1982 tocius
1920 1909 1989 1982 im-

578 2024 664 2118 peril
688 2025 793 2096 nostri
810 2035 845 2098 et
870 2027 1025 2098 omnium
1051 2035 1245 2098 nostrornm
1262 2027 1416 2100 fidelium
1436 2024 1501 2126 [et]
1528 2049 1634 2123 super
1658 2030 1796 2123 injuriis
1820 2042 1855 2106 et
1874 2035 1990 2108 olien-

578 2147 733 2220 sionibus
750 2171 820 2242 que
837 2147 1003 2224 hacteuus
1020 2149 1166 2246 imperio
1188 2161 1270 2222 sunt
1293 2151 1403 2240 illato,
1423 2173 1513 2244 quas
1531 2149 1575 2244 (e)
1600 2154 1804 2228 excellentia
1824 2169 1991 2232 nostrast

577 2293 697 2345 omnes
719 2273 854 2367 imperii
889 2274 1060 2368 principes
1092 2273 1310 2348 dissimulare
1339 2274 1485 2346 ulterius
1511 2295 1581 2346 nou
1609 2275 1799 2366 debemus,
1828 2279 1915 2370 quin
1944 2279 1991 2351 ad

578 2397 855 2490 persequendum
877 2407 913 2470 et
929 2397 975 2472 ad
999 2397 1243 2470 refrenandum
1267 2397 1325 2488 jue
1345 2396 1479 2490 imperii
1502 2395 1549 2471 de
1572 2405 1686 2470 cetero
1704 2406 1863 2493 potenter
1880 2397 1934 2494 (s)
1956 2410 1991 2471 ct

578 2520 787 2592 unanimiter
816 2521 1051 2594 intendamus.
1077 2521 1122 2592 Ut
1147 2541 1231 2612 ergo
1256 2521 1351 2593 zelus
1376 2519 1458 2594 fidei
1484 2529 1599 2594 vestre
1617 2543 1721 2616 super
1745 2521 1811 2594 hoc
1836 2533 1871 2594 et
1897 2523 1991 2618 prin·

578 2645 695 2739 cipum
727 2643 933 2716 intentiones
962 2643 1012 2737 (9)
1038 2645 1266 2732 conveniant,
1300 2645 1509 2739 sollempnes
1542 2645 1687 2718 nuncios
1722 2653 1856 2720 vestroe
1879 2645 1931 2741 (lt)
1957 2657 1991 2718 et

579 2776 769 2842 ceterorum
791 2777 984 2838 nostrorum
1007 2765 1161 2840 fidelium
1184 2768 1220 2838 iu
1251 2767 1374 2840 eadem
1402 2768 1499 2840 ouria
1522 2766 1657 2864 prefixo
1687 2768 1833 2842 termino
1857 2779 1892 2842 et
1918 2769 1993 2842 loco

579 2893 741 2966 volumus
765 2891 941 2964 interesse.
967 2890 1170 2964 Mandantee
1195 2891 1412 2964 universitati
1440 2900 1554 2964 vestre
1580 2901 1751 2985 quatenus
1774 2891 1935 2965 honestos
1960 2903 1994 2964 ct

579 3017 745 3111 providos
769 3016 914 3088 nuncios
938 3014 1118 3088 destinetis
1137 3015 1200 3110 qui
1223 3015 1364 3088 veniant
1386 3013 1542 3088 omnium
1568 3026 1762 3087 vestrorum
1788 3023 1824 3087 et
1848 3016 1992 3088 aliorum

581 3152 775 3213 nostrorum
793 3138 947 3212 fidelium
971 3139 1154 3228 comitum,
1174 3137 1412 3211 marchionum
1434 3147 1470 3208 et
1491 3138 1718 3210 vassallorum
1741 3137 1808 3208 suh
1837 3137 1993 3210 districtu

581 3274 615 3338 et
641 3265 803 3338 societate
825 3272 940 3338 vestra
959 3263 1151 3336 viventium
1170 3263 1233 3357 qui
1255 3263 1375 3335 venire
1394 3282 1463 3334 non
1481 3260 1647 3355 poterint,
1667 3261 1844 3334 voluntate
1869 3283 1912 3336 ac
1929 3261 1995 3334 de-

582 3389 721 3464 votione
747 3389 883 3484 plenius
910 3389 1096 3462 informati.
1118 3387 1274 3474 Quorum
1300 3387 1429 3458 litteras
1455 3393 1611 3480 patentes
1638 3385 1849 3458 habeantet
1876 3385 1995 3478 sigillis

582 3513 814 3610 pendentibus
831 3513 1045 3588 eorumdem.
1067 3513 1170 3597 Quod
1188 3533 1308 3586 omnes
1333 3533 1396 3582 vos
1414 3519 1550 3608 puratos
1568 3519 1604 3582 et
1620 3520 1770 3604 promtus
1788 3509 1823 3580 in
1842 3509 1997 3604 personis

583 3647 619 3712 et
635 3638 741 3711 rebus
762 3637 809 3711 ad
831 3637 995 3712 honorem
1014 3647 1169 3711 nostrum
1191 3647 1225 3710 et
1249 3636 1383 3732 imperii
1405 3633 1679 3732 promovendum
1702 3643 1738 3706 et
1758 3632 1925 3708 reddente
1944 3632 1995 3728 (i)

627 3915 670 3996 (a)
691 3917 727 3977 ln
740 3917 840 3978 codiee
853 3933 934 3978 nune
946 3923 976 3977 et
988 3915 1066 3976 lutra
1076 3911 1198 3978 ultrunn

627 4021 670 4101 (lt)
692 4025 726 4084 ln
740 4023 840 4084 oodloe
853 4020 898 4084 rte.

628 4128 667 4209 (c)
692 4131 728 4191 ln
741 4130 842 4190 codiee
855 4125 1054 4192 noemma.

629 4235 673 4316 (d)
695 4238 729 4299 ln
742 4237 841 4297 oodloe
853 4235 974 4299 ueniret.

630 4342 670 4423 (e)
696 4345 731 4406 lu
751 4342 851 4404 codice
863 4359 929 4424 que.

630 4447 680 4530 (s)
696 4449 732 4510 ln
745 4447 845 4509 codiee
852 4453 1006 4527 potestate.

631 4555 675 4638 (q)
697 4555 733 4616 lu
747 4555 848 4616 eodtoe
859 4555 1060 4616 intentionara.

631 4661 674 4744 (t)
696 4663 731 4724 ln
744 4661 844 4722 oodloe
856 4667 978 4722 nestros.

632 4769 675 4850 (i)
698 4769 793 4832 Locos
803 4769 860 4830 lete
872 4770 1033 4832 certissime
1045 4771 1179 4834 mutilus.
