4594 6066
593 639 654 702 216
1069 633 1311 696 ctlttomcolv
1335 635 1387 696 ott
1412 635 1541 698 RXBUS

593 773 683 846 dites
709 771 926 844 diversarum
949 769 1121 866 partium,
1147 769 1236 840 inter
1264 790 1354 863 quos
1382 769 1523 842 luerunt
1542 769 1598 842 DC
1622 769 1758 866 pedites
1779 773 1965 864 Cremone;
1982 787 2019 850 et

592 919 701 992 equos
719 905 754 968 et
772 895 896 968 mullos
917 894 979 989 qui
1004 913 1145 966 causam
1166 891 1215 989 (a)
1237 893 1413 966 exercitus
1429 893 1649 986 deferebant,
1673 917 1799 968 aurum
1826 909 1862 970 et
1889 919 2018 994 argen-

593 1031 668 1093 tum
687 1030 722 1093 et
739 1018 924 1117 pecuniam
941 1017 1087 1090 multam
1106 1016 1321 1106 babuerunt,
1341 1028 1585 1114 recuperantes
1599 1019 1692 1092 circa
1710 1021 1918 1094 LXmilites
1936 1045 2018 1119 cap-

593 1155 646 1220 tos
665 1147 785 1218 Parme
801 1153 836 1216 et
856 1141 1028 1216 Placentia
1045 1137 1135 1238 [qui]
1157 1142 1191 1212 iu
1214 1141 1369 1215 Victoria
1388 1142 1423 1213 in
1447 1140 1599 1216 vinculis
1616 1143 1837 1218 tenebantur.
1852 1145 1904 1218 Eo
1920 1169 2019 1220 nam·

594 1291 665 1364 que
681 1267 738 1341 die
759 1267 961 1340 Parmenses
979 1274 1085 1338 totam
1101 1265 1287 1337 Victoriam
1305 1266 1561 1338 combuxerunt
1575 1275 1612 1338 et
1623 1269 1802 1342 castellnm
1822 1269 2018 1363 Colligiiiu

593 1415 666 1489 quo
681 1392 838 1464 homines
853 1389 1069 1485 imperatoris
1082 1389 1243 1482 ingerant
1256 1399 1435 1484 ceperunt.
1452 1390 1495 1462 Et
1514 1390 1565 1462 sic
1579 1392 1673 1463 Deus
1689 1404 1788 1486 pater
1804 1394 2019 1488 omnipotens

593 1517 794 1590 Parmenses
809 1513 1003 1606 adjuvavit.
1017 1511 1093 1584 Nou
1109 1512 1202 1584 enim
1216 1513 1296 1606 plus
1311 1512 1437 1585 durare
1454 1508 1641 1610 [poterant]
1660 1515 1745 1608 quia
1755 1515 1862 1588 salem
1875 1537 1946 1589 uon
1961 1515 2020 1590 ba·

594 1641 725 1714 hebent
746 1649 781 1710 et
798 1637 962 1710 victualia
977 1636 1081 1708 nimis
1094 1657 1173 1708 cara
1190 1663 1198 1706 :
1214 1635 1433 1710 vendebatur
1448 1637 1542 1708 enim
1560 1639 1724 1710 sestarim
1739 1639 1823 1712 salis
1836 1639 1933 1712 XXX
1950 1643 2020 1713 sol-

595 1763 693 1838 daria
717 1761 921 1856 imperialia.
944 1759 1026 1830 Erat
1043 1757 1137 1830 euim
1160 1759 1236 1854 ipsa
1255 1759 1378 1830 civitas
1394 1758 1543 1832 Victoria
1558 1759 1595 1830 iu
1611 1761 1830 1852 longitudine
1853 1763 1933 1857 plus
1949 1785 2020 1838 unu

595 1885 756 1973 miliario,
775 1893 896 1956 tenens
912 1905 934 1954 a
952 1892 1058 1956 strata
1077 1881 1123 1954 de
1139 1883 1265 1956 Sancto
1285 1883 1479 1956 Brancaxio
1496 1905 1610 1977 nsque
1630 1883 1677 1957 ad
1696 1893 1839 1959 stratam
1857 1887 1903 1959 de
1920 1889 2020 1960 Celli-

595 2013 667 2106 gio,
694 2009 874 2082 continens
893 2007 927 2078 iu
946 2028 984 2080 se
1007 2006 1166 2100 quinque
1186 2015 1310 2080 stratas
1327 2009 1462 2104 amplas
1483 2009 1563 2102 plus
1574 2009 1711 2100 jactura
1735 2011 1839 2082 unius
1863 2011 2016 2084 ballistri.

595 2133 760 2229 Sequenti
786 2131 844 2204 dle
860 2131 998 2204 castella
1026 2140 1061 2203 et
1087 2131 1161 2204 loca
1186 2131 1399 2222 Medexane,
1428 2133 1601 2225 Furnovi,
1631 2133 1863 2206 deuitareneii
1888 2136 2020 2208 civitati

595 2259 717 2332 Parme
732 2251 798 2354 [se]
813 2255 1053 2330 reddiderunt.
1070 2255 1133 2327 Die
1145 2257 1277 2330 sabbati
1289 2257 1442 2352 proximi
1457 2258 1617 2352 sequenti
1629 2257 1670 2328 G.
1681 2257 1728 2330 de
1740 2259 1962 2351 Montelongo
1973 2261 2020 2332 le-

596 2392 698 2478 gatus
712 2404 792 2454 oum
803 2379 1059 2470 Parmensibus,
1074 2389 1213 2474 propter
1224 2381 1408 2454 elationem
1422 2381 1658 2477 predictorum
1667 2391 1847 2476 sperantes
1862 2382 1899 2453 iu
1911 2391 2019 2456 totum

597 2507 758 2580 inimicos
779 2523 979 2598 superasse,
1003 2501 1100 2596 apud
1118 2504 1308 2576 Bersellum
1327 2505 1498 2599 equitavit
1515 2514 1654 2599 pontem
1673 2503 1720 2576 de
1734 2505 1856 2598 Bugno
1878 2508 2022 2601 cupiens

597 2630 786 2705 debellare.
802 2628 845 2698 Et
870 2649 950 2698 cum
970 2625 1055 2698 bora
1072 2646 1164 2698 nona
1190 2636 1281 2700 esset
1306 2635 1494 2718 transacta,
1519 2629 1699 2702 Mantuani
1728 2636 1763 2700 et
1789 2629 2022 2702 Ferrarienses

598 2775 743 2826 numero
770 2751 836 2824 Mo
865 2751 926 2844 qui
954 2749 1165 2821 cardinalem
1189 2771 1269 2822 cum
1292 2751 1402 2824 classe
1420 2751 1564 2824 navium
1589 2752 1837 2846 expectabant,
1856 2753 1893 2824 in
1916 2774 2022 2826 naves

597 2898 719 2950 eorum
749 2875 915 2946 intrantes
937 2894 1060 2946 versus
1081 2881 1221 2967 pontem
1249 2871 1295 2946 de
1321 2876 1445 2968 Bugno
1470 2875 1638 2968 navigare
1663 2886 1831 2970 ceperunt
1856 2875 2023 2950 babentes

599 3002 660 3072 Vll
676 3019 785 3072 naves
802 3019 946 3092 magnas
969 2997 1201 3070 incastellatas
1221 3006 1257 3070 et
1279 2999 1366 3072 alias
1380 3021 1489 3072 naves
1505 3020 1618 3093 usque
1638 2999 1676 3070 in
1695 2999 1832 3071 LXXX.
1856 2999 1926 3072 Sed
1944 3023 2020 3073 cum

600 3125 668 3220 ipsi
685 3121 861 3196 Mantuani
878 3130 912 3194 et
932 3119 1167 3192 Ferrarienses
1185 3139 1255 3190 nou
1271 3121 1391 3214 procul
1407 3142 1428 3192 a
1449 3130 1554 3216 ponte
1574 3123 1816 3214 accessissent,
1835 3143 1940 3194 voces
1963 3143 2023 3194 ve-

599 3253 727 3320 nerunt
742 3247 830 3318 iuter
848 3246 1050 3318 Parmenses
1066 3244 1163 3338 qnod
1184 3244 1370 3337 imperator
1386 3265 1448 3339 per
1464 3255 1606 3338 pontem
1622 3243 1669 3316 de
1682 3245 1870 3318 Turricella
1891 3246 2023 3320 Padum

600 3370 792 3444 transierat.
818 3367 919 3442 Unde
942 3369 1144 3440 Parmenses
1165 3375 1294 3440 terrore
1319 3367 1489 3462 perterriti
1514 3377 1679 3462 ceperunt
1702 3369 1896 3442 absentare.
1922 3370 2023 3455 Quod

601 3519 681 3570 cum
710 3493 881 3566 vidissent
908 3491 1088 3563 Mantuani
1115 3500 1150 3562 et
1174 3489 1409 3562 Ferrarienses
1432 3490 1611 3583 quierant
1638 3491 1675 3562 in
1700 3493 1868 3580 navibus,
1897 3493 2023 3565 relictis

601 3618 763 3693 omnibus
784 3615 881 3712 apud
904 3615 1113 3688 Collornium
1130 3622 1386 3708 perveneruut;
1405 3635 1494 3708 quas
1511 3635 1619 3688 naves
1636 3635 1758 3688 omnes
1778 3617 2023 3690 Cremonenses

601 3742 811 3815 habueruut.

651 3867 688 3938 ln
708 3859 877 3958 proximis
895 3857 1053 3931 kalendis
1069 3858 1207 3948 marcii,
1225 3859 1412 3953 imperator
1431 3861 1651 3954 cougregatis
1673 3861 1747 3934 suis
1762 3861 1927 3934 militibus
1944 3883 2023 3934 cum

602 4009 684 4081 rege
697 3986 806 4058 Eucio
823 3993 858 4058 et
873 3981 1070 4056 marchione
1088 3981 1233 4072 Lancia,
1253 3981 1420 4054 militibus
1437 4004 1578 4077 quoqne
1594 3983 1779 4077 Cremona,
1799 3985 1925 4079 Papio,
1944 3985 2023 4057 Per·

602 4105 709 4198 gami,
727 4103 867 4176 intravit
883 4102 1035 4194 burgum
1053 4100 1169 4172 Sancti
1186 4099 1386 4196 Dompniui.
1406 4102 1450 4172 Et
1467 4099 1526 4174 die
1544 4103 1604 4174 llll
1631 4103 1759 4176 mensis
1779 4103 1936 4196 ejusdem
1951 4126 2024 4176 ces·

513 4259 516 4268 ¹
603 4241 695 4302 trum
709 4227 907 4301 Medaxaoe
924 4225 1016 4322 cepit
1030 4234 1065 4297 et
1081 4221 1260 4296 combuxit
1277 4231 1313 4296 et
1325 4225 1441 4296 locum
1459 4223 1504 4296 de
1516 4225 1669 4298 Bercedo
1688 4227 1877 4320 guarnivit.
1892 4205 2025 4300 Deinde

603 4353 717 4426 locum
734 4351 930 4426 Medaxuue
946 4345 1198 4422 rebedificevit.
1214 4347 1257 4418 Et
1269 4346 1327 4420 die
1339 4347 1435 4441 jovis
1451 4349 1530 4420 Xlll
1546 4359 1698 4422 exeunte
1712 4351 1856 4441 marcio,
1873 4351 2025 4424 marchio

408 4495 566 4542 ror-aneu·
603 4475 735 4548 Lancea
758 4495 838 4546 cum
854 4471 982 4545 milicia
999 4469 1215 4566 imperatoris
1231 4470 1401 4565 equitavit
1422 4471 1512 4544 ultra
1529 4471 1660 4544 flumen
1675 4471 1767 4546 Tarii
1788 4470 1795 4569 Ι
1817 4473 1853 4545 in
1870 4473 2025 4570 partibus

649 4757 691 4840 (a)
711 4758 760 4820 Slc
772 4759 803 4818 tn
817 4755 918 4818 codiee
933 4753 1149 4817 :verblmlllter
1161 4768 1286 4832 mrum,
1301 4753 1406 4833 gallloe
1418 4753 1507 4816 coiere
1523 4751 1671 4818 mttttatra
