4568 6064
707 675 967 738 daossliitilllt
990 671 1302 738 VOCABULORUM.
1706 665 1766 728 39¹1

278 811 426 871 chronicis
448 826 552 870 vocem
574 810 612 870 ad
636 810 806 885 ampliorem
832 825 953 870 sonsum

277 919 452 966 conversam
465 903 730 964 animadvertimus
742 903 814 962 dam
826 901 953 978 legatur,

276 1015 308 1074 p.
325 1005 363 1058 lu
376 1015 385 1057 ε
396 1017 413 1056 v
426 1013 520 1072 usqua
532 997 572 1057 ad
585 996 705 1056 Cromna
715 1001 828 1066 rosisse
844 1011 875 1070 p.
891 1002 951 1055 65:

277 1099 373 1152 rastas
391 1090 620 1151 innumerabiles
641 1092 678 1150 de
698 1091 741 1149 eis
757 1088 950 1161 habuissent,

277 1203 308 1264 p.
316 1195 374 1246 alil
387 1204 395 1246 :
407 1193 438 1244 et
447 1193 526 1246 rosta
535 1191 598 1245 erat
609 1183 951 1244 faciainvia.uForsitan

276 1278 504 1356 intelligendum
524 1278 561 1336 da
578 1278 653 1352 palls
669 1278 764 1336 acutis
775 1277 952 1352 juxtaposi-

274 1375 314 1430 tis
336 1378 371 1432 ut
393 1371 574 1432 irruentibus
595 1370 730 1430 hostibus
748 1370 832 1430 lieret
852 1370 951 1430 obsta·

274 1465 388 1526 culum.

232 1556 375 1636 Saccus,
391 1555 551 1634 &uirium
562 1557 658 1618 italice
670 1571 791 1617 sermea.

232 1651 369 1729 masa,
391 1655 489 1712 italice
510 1650 635 1726 caera,
657 1659 777 1727 troapa,
798 1649 949 1711 escadron.

273 1745 343 1806 Vid.
357 1748 504 1824 cangium
518 1747 557 1806 ad
576 1763 661 1805 voces
680 1745 773 1804 Scoro
786 1749 817 1803 ot
830 1743 951 1804 Scurra.

231 1833 350 1896 Sauara
362 1840 428 1898 sive
441 1835 555 1898 scottos.
571 1837 672 1898 oCum
685 1835 837 1896 trabuciais
851 1841 881 1894 et
893 1834 952 1892 bri·

272 1931 469 1990 coliisetcum
480 1931 588 2007 scollis,
600 1945 631 2006 p.
642 1938 713 1988 209.
726 1927 861 1988 »Vocem
870 1943 952 1986 mea·

272 2021 375 2082 doram
389 2031 529 2100 putamus
544 2040 596 2100 pro
609 2023 723 2092 eomas,
737 2021 833 2081 italica
846 2036 951 2093 scocco,

274 2119 391 2192 proprie
402 2115 483 2176 cocio
499 2116 584 2176 donc
590 2113 686 2197 sticho
702 2133 742 2175 ou
760 2111 847 2174 d'uas
863 2111 952 2174 orio·

275 2203 347 2285 idle,
371 2217 402 2270 et
420 2213 452 2270 ln
474 2211 645 2286 ampliorem
668 2225 789 2269 sensum
815 2209 953 2284 sagittam

273 2303 369 2378 ipsam
385 2305 449 2362 slve
462 2307 552 2362 etlam
566 2303 717 2363 balistram
729 2299 911 2378 significans.

232 2393 435 2456 Sacasrmuar.
450 2399 560 2472 «Quae
573 2395 760 2458 custodiebat
773 2403 804 2455 et
816 2395 953 2455 delendo·

273 2490 327 2551 bat
345 2494 536 2562 secasllaum,
554 2509 584 2566 p.
601 2498 671 2550 ati.
688 2509 706 2546 o
723 2489 755 2550 Si
772 2488 951 2550 vccabulum

272 2585 950 2658 rectolueritabamanuenseexprossummos·

271 2681 341 2738 tratl
356 2679 447 2739 verbo
461 2675 593 2738 lroaodic
602 2675 798 2752 responderet,
813 2676 899 2751 quasi
911 2689 950 2734 ex

271 2788 335 2831 ecco
361 2773 406 2831 vei
427 2779 559 2831 ereatura
576 2777 697 2848 etymon
719 2769 841 2828 babeas.
862 2765 950 2826 Sacra

271 2879 390 2942 quoque
414 2864 493 2941 apud
516 2864 663 2942 cangium
682 2867 728 2922 est
752 2859 872 2920 officina
897 2857 950 2918 ubi

272 2956 352 3034 ligna
366 2973 447 3017 serra
461 2963 607 3032 secantur,
622 2954 732 3014 rcum.

230 3049 464 3128 Sacasaaurura,
480 3047 606 3110 orchim
619 3047 747 3108 aeoritcr.

229 3144 412 3221 Sacaaarus,
428 3143 550 3204 forsitan
559 3139 632 3202 celui
645 3141 696 3221 poi
708 3156 806 3218 coapc,
816 3137 867 3218 poi
875 3153 950 3216 por·

271 3243 338 3318 lopo
351 3258 362 3295 .·
374 3238 522 3297 Scutarios
537 3237 728 3305 victualium,
741 3233 861 3310 prepare
879 3227 900 3290 d
918 3227 949 3288 lo

270 3325 459 3389 distribution
480 3325 528 3386 dor
549 3327 651 3386 oiurea
671 3325 717 3388 cl.
741 3340 850 3384 novam
871 3325 948 3384 Can-

270 3425 351 3500 giaal
373 3423 506 3500 glossarii
528 3421 686 3480 sditionem
705 3418 744 3478 ad
759 3433 861 3477 vocem
879 3417 947 3476 Sec·

271 3518 360 3572 utor.

228 3605 404 3679 Soudanon,
423 3601 535 3685 pronde
556 3605 668 3663 modove
693 3621 760 3664 occo
787 3599 888 3662 bolooa
909 3619 947 3661 aa

269 3703 402 3758 mosee.
421 3697 457 3757 In
471 3699 523 3757 ilio
544 3697 608 3756 loeo
628 3713 666 3756 cx
687 3703 771 3772 parta
788 3698 946 3773 praecipua

268 3791 350 3852 domi
363 3798 427 3852 tota
441 3793 548 3852 domas
562 3793 743 3851 nominatur.

226 3883 346 3962 Souna,
359 3901 412 3961 pro
425 3881 551 3944 solidato
569 3885 616 3943 vel
631 3879 754 3942 soldaio.
769 3881 945 3956 adoleas,

267 3975 433 4040 abacia.

226 4074 413 4146 Soanaarus,
427 4069 598 4148 caldarium,
609 4089 661 4148 pro
672 4067 791 4146 solidus,
803 4086 865 4146 toa,
880 4085 947 4130 mov

267 4175 352 4228 netas
366 4171 489 4242 species.

1048 809 1168 870 Sraoos
1186 821 1242 882 pro
1256 798 1389 882 apsidem
1408 801 1620 878 propugnaculi
1634 802 1764 876 speciose

1088 912 1187 973 italice
1199 907 1311 990 spalda.

1049 1005 1178 1067 Sensum
1192 1020 1245 1080 pro
1258 999 1386 1082 splopio,
1399 1001 1495 1061 italice
1506 999 1652 1078 rpioppio,
1666 995 1765 1080 plopc.

1049 1097 1202 1175 Saararar,
1218 1097 1416 1156 verisimiliter
1429 1109 1481 1170 pro
1494 1093 1643 1166 streoaoli,
1656 1109 1694 1152 ex
1708 1095 1768 1151 ita·

1088 1191 1145 1250 lico
1165 1187 1256 1248 verbo
1283 1193 1439 1258 circatore,
1459 1179 1602 1263 offaiblr'r,
1617 1179 1766 1242 rddaired

1088 1280 1269 1342 t’eotreoviet.

1048 1377 1158 1453 svera,
1173 1393 1226 1452 pro
1235 1375 1338 1447 sotem,
1348 1372 1460 1453 soJ'cllc.
1471 1369 1593 1430 Ballista
1602 1375 1766 1444 syclorum,

1088 1465 1191 1528 laiso
1205 1464 1225 1525 d
1240 1465 1338 1527 loaccr
1352 1463 1401 1525 der
1417 1464 1514 1523 troia.

1047 1567 1181 1642 Surena,
1200 1567 1326 1642 sagittae
1342 1568 1442 1639 jactus
1457 1580 1465 1621 e
1482 1577 1534 1638 per
1546 1559 1621 1620 duas
1635 1563 1768 1636 syiutas,

1088 1655 1199 1716 adem
1208 1657 1322 1734 portior
1332 1651 1475 1734 defldcde.
1607 1653 1628 1672 '⁴

1047 1751 1243 1826 Tarouanna,
1259 1763 1312 1824 par
1333 1747 1426 1806 l'cliel
1443 1746 1516 1804 d’un
1539 1749 1672 1815 concert,
1694 1743 1767 1804 d'ua

1087 1843 1233 1918 eompl0t;
1249 1841 1373 1899 iorsltan
1382 1855 1439 1917 per
1446 1835 1652 1916 pomilionem,
1668 1834 1766 1894 italice

1089 1932 1305 1996 traditameate.

1047 2029 1236 2098 Taavacaa,
1245 2021 1381 2106 pouilloa
1397 2019 1433 2081 de
1452 2038 1569 2102 purae,
1589 2020 1688 2079 italice
1703 2025 1767 2079 tvo-

1088 2121 1185 2184 docco.
1200 2120 1246 2182 Cl.
1270 2135 1378 2179 novara
1394 2117 1537 2194 (iangiaai
1551 2114 1687 2192 glossarii
1705 2113 1765 2172 edl-

1088 2217 1199 2276 tionem
1213 2211 1400 2272 adverbum.
1790 2231 1795 2244 ·

1048 2309 1232 2388 Taenarum,
1247 2306 1357 2368 coboae
1370 2311 1514 2380 coarcto,
1529 2305 1560 2363 ln
1583 2319 1703 2363 sensum
1718 2309 1766 2362 ta-

1089 2405 1177 2480 garli.

1048 2496 1236 2570 Tareonrus,
1251 2509 1320 2552 cum
1334 2491 1438 2568 majori
1456 2487 1601 2565 tripudio,
1615 2503 1681 2546 oux
1694 2484 1766 2565 piae

1090 2583 1204 2666 dejoie.

1047 2679 1220 2754 Tuarcrurr,
1232 2678 1373 2738 bellicum
1386 2681 1567 2736 tormentum
1585 2673 1689 2733 castris
1711 2671 1766 2730 de-

1087 2767 1655 2844 iendaadlsaeeommodum,lorsltanex
1666 2770 1764 2838 torno,

1086 2863 1227 2923 machina
1249 2865 1389 2940 giratoria
1411 2862 1451 2921 ad
1479 2859 1591 2935 lapides
1610 2857 1767 2935 jactandos

1087 2960 1201 3030 aptata.

1046 3045 1165 3124 Vaass,
1190 3063 1243 3123 pro
1265 3044 1364 3120 vdes,
1387 3045 1563 3123 plaustrum.
1588 3043 1634 3105 cl.
1657 3029 1767 3106 novam

1087 3139 1231 3216 Gangianl
1247 3139 1379 3216 glossarii
1394 3137 1552 3196 editionem
1565 3137 1604 3195 ad
1617 3153 1733 3200 vocem.

1046 3233 1125 3294 van
1139 3248 1349 3305 cononandus,
1366 3228 1492 3289 adamim
1505 3235 1642 3289 couvertv.
1661 3229 1707 3288 Ibi
1720 3237 1766 3290 ta·

1088 3343 1155 3386 men
1170 3325 1337 3404 significare
1352 3325 1489 3384 videntur
1502 3339 1623 3400 aggeres
1643 3324 1767 3384 mobiles

1086 3421 1168 3496 ligno
1181 3421 1305 3479 forsitan
1319 3425 1349 3478 et
1362 3425 1440 3477 terra
1456 3423 1640 3492 compactus,
1656 3417 1767 3492 quibus

1085 3514 1124 3574 ad
1143 3521 1274 3573 castrum
1300 3511 1534 3588 expugnandum
1557 3511 1689 3568 securius
1710 3509 1765 3568 ob·

1085 3624 1212 3667 sessores
1225 3597 1406 3665 accederent.

1044 3703 1169 3773 Vocare,
1185 3699 1309 3760 forsitan
1322 3715 1376 3775 pro
1389 3693 1490 3774 volpis,
1504 3693 1649 3774 vulpibus
1660 3713 1676 3751 o
1688 3695 1761 3755 Res·

1084 3793 1189 3870 poadit
1208 3795 1235 3851 ci
1254 3793 1335 3868 quod
1354 3792 1474 3852 vivebat
1492 3797 1522 3850 et
1541 3806 1572 3850 se
1587 3788 1706 3847 iovebat
1724 3787 1762 3846 de

1084 3886 1184 3946 voltis.
1199 3905 1215 3942 n
1230 3884 1265 3944 P.
1286 3893 1351 3943 127.
1374 3883 1616 3961 Intelligendum,
1632 3888 1667 3940 ut
1684 3880 1761 3938 arbl-

954 4021 966 4046 .
986 4003 989 4010 ·
1083 3983 1208 4051 bamur,
1218 3993 1278 4036 non
1291 3977 1387 4036 solum
1401 3977 1438 4036 de
1447 3975 1596 4050 vulpibus,
1608 3975 1660 4033 sed
1672 3975 1763 4031 etiam

1084 4071 1121 4130 de
1139 4073 1263 4130 caeteris
1284 4069 1478 4146 sylvestribus
1496 4067 1567 4126 ieris
1587 4083 1640 4142 per
1661 4065 1765 4141 apen·-

1084 4166 1172 4222 ninos
1186 4169 1303 4222 montes
1317 4165 1472 4222 venatione
1485 4161 1668 4235 conquisitis.

828 4451 1166 4484 w
