<?xml version="1.0" encoding="UTF-8"?>
<!DOCTYPE html PUBLIC "-//W3C//DTD XHTML 1.0 Transitional//EN"
    "http://www.w3.org/TR/xhtml1/DTD/xhtml1-transitional.dtd">
<html xmlns="http://www.w3.org/1999/xhtml" xml:lang="en" lang="en">
 <head>
  <title>
</title>
<meta http-equiv="Content-Type" content="text/html;charset=utf-8" />
  <meta name='ocr-system' content='tesseract 3.04.00' />
  <meta name='ocr-capabilities' content='ocr_page ocr_carea ocr_par ocr_line ocrx_word'/>
</head>
<body>
  <div class='ocr_page' id='page_1' title='image "./chroniconplacen00huilgoog_0182.png"; bbox 0 0 4534 6074; ppageno 0'>
   <div class='ocr_carea' id='block_1_1' title="bbox 795 606 1694 676">
    <p class='ocr_par' dir='ltr' id='par_1_1' title="bbox 795 606 1694 676">
     <span class='ocr_line' id='line_1_1' title="bbox 795 606 1694 676; baseline -0.007 -2"><span class='ocrx_word' id='word_1_1' title='bbox 795 614 837 676; x_wconf 82' lang='grc' dir='ltr'><strong>ΙΝ</strong></span> <span class='ocrx_word' id='word_1_2' title='bbox 861 611 1003 674; x_wconf 68' lang='lat' dir='ltr'><strong>luente</strong></span> <span class='ocrx_word' id='word_1_3' title='bbox 1026 609 1177 672; x_wconf 77' lang='lat' dir='ltr'><strong>oasvls.</strong></span> <span class='ocrx_word' id='word_1_4' title='bbox 1635 606 1694 668; x_wconf 74' lang='lat' dir='ltr'><strong>les</strong></span> 
     </span>
    </p>
   </div>
   <div class='ocr_carea' id='block_1_2' title="bbox 271 740 1699 3192">
    <p class='ocr_par' dir='ltr' id='par_1_2' title="bbox 277 740 1695 1212">
     <span class='ocr_line' id='line_1_2' title="bbox 279 740 1691 844; baseline -0.006 -20"><span class='ocrx_word' id='word_1_5' title='bbox 279 754 383 826; x_wconf 91' lang='lat' dir='ltr'><strong>vellet</strong></span> <span class='ocrx_word' id='word_1_6' title='bbox 405 750 452 824; x_wconf 87' lang='lat' dir='ltr'><strong>nd</strong></span> <span class='ocrx_word' id='word_1_7' title='bbox 474 749 579 822; x_wconf 89' lang='lat' dir='ltr'><strong>linem</strong></span> <span class='ocrx_word' id='word_1_8' title='bbox 600 747 805 844; x_wconf 76' lang='lat' dir='ltr'>perducere,</span> <span class='ocrx_word' id='word_1_9' title='bbox 832 747 976 822; x_wconf 90' lang='lat' dir='ltr'><strong>credens</strong></span> <span class='ocrx_word' id='word_1_10' title='bbox 995 746 1168 818; x_wconf 86' lang='lat' dir='ltr'><strong>civitatem</strong></span> <span class='ocrx_word' id='word_1_11' title='bbox 1187 744 1283 816; x_wconf 87' lang='lat' dir='ltr'><strong>nullo</strong></span> <span class='ocrx_word' id='word_1_12' title='bbox 1310 740 1413 816; x_wconf 91' lang='lat' dir='ltr'><strong>modo</strong></span> <span class='ocrx_word' id='word_1_13' title='bbox 1429 741 1556 814; x_wconf 84' lang='lat' dir='ltr'><strong>habere</strong></span> <span class='ocrx_word' id='word_1_14' title='bbox 1572 763 1691 837; x_wconf 85' lang='lat' dir='ltr'><strong>posse,</strong></span> 
     </span>
     <span class='ocr_line' id='line_1_3' title="bbox 277 862 1695 970; baseline -0.006 -23"><span class='ocrx_word' id='word_1_15' title='bbox 277 873 423 970; x_wconf 90' lang='lat' dir='ltr'><strong>quidam</strong></span> <span class='ocrx_word' id='word_1_16' title='bbox 438 873 538 944; x_wconf 84' lang='lat' dir='ltr'><strong>miles</strong></span> <span class='ocrx_word' id='word_1_17' title='bbox 553 872 647 942; x_wconf 90' lang='lat' dir='ltr'><strong>illins</strong></span> <span class='ocrx_word' id='word_1_18' title='bbox 658 872 810 946; x_wconf 90' lang='lat' dir='ltr'><strong>civitatis</strong></span> <span class='ocrx_word' id='word_1_19' title='bbox 822 872 944 946; x_wconf 91' lang='lat' dir='ltr'><strong>consul</strong></span> <span class='ocrx_word' id='word_1_20' title='bbox 955 869 1121 944; x_wconf 80' lang='lat' dir='ltr'><strong>londanus</strong></span> <span class='ocrx_word' id='word_1_21' title='bbox 1135 867 1401 940; x_wconf 86' lang='lat' dir='ltr'><strong>Scacabarocins</strong></span> <span class='ocrx_word' id='word_1_22' title='bbox 1413 862 1464 961; x_wconf 83' lang='lat' dir='ltr'><strong>(a)</strong></span> <span class='ocrx_word' id='word_1_23' title='bbox 1479 866 1568 938; x_wconf 85' lang='lat' dir='ltr'><strong>clem</strong></span> <span class='ocrx_word' id='word_1_24' title='bbox 1579 873 1613 938; x_wconf 90' lang='lat' dir='ltr'><strong>et</strong></span> <span class='ocrx_word' id='word_1_25' title='bbox 1623 866 1695 962; x_wconf 91' lang='lat' dir='ltr'><strong>pri-</strong></span> 
     </span>
     <span class='ocr_line' id='line_1_4' title="bbox 277 989 1694 1090; baseline -0.006 -19"><span class='ocrx_word' id='word_1_26' title='bbox 277 999 385 1072; x_wconf 83' lang='lat' dir='ltr'><strong>vatim</strong></span> <span class='ocrx_word' id='word_1_27' title='bbox 411 995 524 1070; x_wconf 82' lang='lat' dir='ltr'><strong>silenti</strong></span> <span class='ocrx_word' id='word_1_28' title='bbox 549 1002 651 1068; x_wconf 89' lang='lat' dir='ltr'><strong>nocte</strong></span> <span class='ocrx_word' id='word_1_29' title='bbox 680 994 727 1068; x_wconf 84' lang='lat' dir='ltr'><strong>ud</strong></span> <span class='ocrx_word' id='word_1_30' title='bbox 751 994 991 1090; x_wconf 77' lang='lat' dir='ltr'><strong>imperatorem</strong></span> <span class='ocrx_word' id='word_1_31' title='bbox 1013 992 1229 1088; x_wconf 87' lang='lat' dir='ltr'><strong>properavit,</strong></span> <span class='ocrx_word' id='word_1_32' title='bbox 1251 989 1434 1086; x_wconf 92' lang='lat' dir='ltr'><strong>policendo</strong></span> <span class='ocrx_word' id='word_1_33' title='bbox 1460 989 1492 1062; x_wconf 91' lang='lat' dir='ltr'><strong>ei</strong></span> <span class='ocrx_word' id='word_1_34' title='bbox 1520 989 1694 1062; x_wconf 86' lang='lat' dir='ltr'><strong>civitatem</strong></span> 
     </span>
     <span class='ocr_line' id='line_1_5' title="bbox 279 1113 1255 1212; baseline -0.01 -18"><span class='ocrx_word' id='word_1_35' title='bbox 279 1121 466 1194; x_wconf 83' lang='lat' dir='ltr'><strong>Mediolani</strong></span> <span class='ocrx_word' id='word_1_36' title='bbox 484 1120 561 1192; x_wconf 89' lang='lat' dir='ltr'><strong>sine</strong></span> <span class='ocrx_word' id='word_1_37' title='bbox 572 1117 691 1212; x_wconf 85' lang='lat' dir='ltr'><strong>eliqua</strong></span> <span class='ocrx_word' id='word_1_38' title='bbox 707 1117 976 1190; x_wconf 76' lang='lat' dir='ltr'><strong>contradictione</strong></span> <span class='ocrx_word' id='word_1_39' title='bbox 988 1137 1065 1189; x_wconf 88' lang='lat' dir='ltr'><strong>esse</strong></span> <span class='ocrx_word' id='word_1_40' title='bbox 1079 1113 1255 1188; x_wconf 86' lang='lat' dir='ltr'><strong>daturum.</strong></span> 
     </span>
    </p>

    <p class='ocr_par' dir='ltr' id='par_1_3' title="bbox 271 1233 1699 3063">
     <span class='ocr_line' id='line_1_6' title="bbox 327 1233 1693 1338; baseline -0.007 -18"><span class='ocrx_word' id='word_1_41' title='bbox 327 1244 428 1320; x_wconf 88' lang='lat' dir='ltr'><strong>Unde</strong></span> <span class='ocrx_word' id='word_1_42' title='bbox 443 1244 629 1338; x_wconf 84' lang='lat' dir='ltr'><strong>imperator</strong></span> <span class='ocrx_word' id='word_1_43' title='bbox 646 1241 790 1334; x_wconf 78' lang='lat' dir='ltr'><strong>gavisus</strong></span> <span class='ocrx_word' id='word_1_44' title='bbox 810 1240 875 1314; x_wconf 86' lang='lat' dir='ltr'><strong>luit</strong></span> <span class='ocrx_word' id='word_1_45' title='bbox 900 1240 1029 1335; x_wconf 77' lang='lat' dir='ltr'><strong>gaudio</strong></span> <span class='ocrx_word' id='word_1_46' title='bbox 1046 1259 1191 1332; x_wconf 80' lang='lat' dir='ltr'><strong>magno,</strong></span> <span class='ocrx_word' id='word_1_47' title='bbox 1213 1233 1444 1332; x_wconf 89' lang='lat' dir='ltr'><strong>promittendo</strong></span> <span class='ocrx_word' id='word_1_48' title='bbox 1460 1235 1493 1308; x_wconf 89' lang='lat' dir='ltr'><strong>ei</strong></span> <span class='ocrx_word' id='word_1_49' title='bbox 1515 1233 1598 1308; x_wconf 84' lang='lat' dir='ltr'><strong>dare</strong></span> <span class='ocrx_word' id='word_1_50' title='bbox 1621 1236 1693 1310; x_wconf 85' lang='lat' dir='ltr'><strong>lccn</strong></span> 
     </span>
     <span class='ocr_line' id='line_1_7' title="bbox 276 1357 1695 1462; baseline -0.006 -18"><span class='ocrx_word' id='word_1_51' title='bbox 276 1380 313 1444; x_wconf 89' lang='lat' dir='ltr'><strong>et</strong></span> <span class='ocrx_word' id='word_1_52' title='bbox 336 1369 439 1442; x_wconf 83' lang='lat' dir='ltr'><strong>villas</strong></span> <span class='ocrx_word' id='word_1_53' title='bbox 461 1375 497 1440; x_wconf 88' lang='lat' dir='ltr'><strong>et</strong></span> <span class='ocrx_word' id='word_1_54' title='bbox 512 1365 709 1462; x_wconf 87' lang='lat' dir='ltr'><strong>pecuniam.</strong></span> <span class='ocrx_word' id='word_1_55' title='bbox 728 1366 806 1450; x_wconf 88' lang='lat' dir='ltr'><strong>Quo</strong></span> <span class='ocrx_word' id='word_1_56' title='bbox 824 1366 913 1438; x_wconf 85' lang='lat' dir='ltr'><strong>lecto</strong></span> <span class='ocrx_word' id='word_1_57' title='bbox 930 1363 1044 1436; x_wconf 86' lang='lat' dir='ltr'><strong>dictus</strong></span> <span class='ocrx_word' id='word_1_58' title='bbox 1063 1361 1232 1434; x_wconf 89' lang='lat' dir='ltr'><strong>Iordanus</strong></span> <span class='ocrx_word' id='word_1_59' title='bbox 1255 1359 1456 1454; x_wconf 87' lang='lat' dir='ltr'><strong>imperatori</strong></span> <span class='ocrx_word' id='word_1_60' title='bbox 1483 1357 1573 1430; x_wconf 83' lang='lat' dir='ltr'><strong>dixit</strong></span> <span class='ocrx_word' id='word_1_61' title='bbox 1599 1361 1695 1454; x_wconf 92' lang='lat' dir='ltr'><strong>quod</strong></span> 
     </span>
     <span class='ocr_line' id='line_1_8' title="bbox 277 1483 1695 1578; baseline -0.006 -14"><span class='ocrx_word' id='word_1_62' title='bbox 277 1515 347 1566; x_wconf 92' lang='lat' dir='ltr'><strong>uon</strong></span> <span class='ocrx_word' id='word_1_63' title='bbox 377 1491 529 1564; x_wconf 87' lang='lat' dir='ltr'><strong>habebat</strong></span> <span class='ocrx_word' id='word_1_64' title='bbox 559 1489 720 1562; x_wconf 79' lang='lat' dir='ltr'><strong>victualia</strong></span> <span class='ocrx_word' id='word_1_65' title='bbox 754 1498 788 1562; x_wconf 90' lang='lat' dir='ltr'><strong>et</strong></span> <span class='ocrx_word' id='word_1_66' title='bbox 818 1487 958 1560; x_wconf 86' lang='lat' dir='ltr'><strong>nomina</strong></span> <span class='ocrx_word' id='word_1_67' title='bbox 985 1485 1115 1560; x_wconf 91' lang='lat' dir='ltr'><strong>civium</strong></span> <span class='ocrx_word' id='word_1_68' title='bbox 1143 1505 1224 1558; x_wconf 91' lang='lat' dir='ltr'><strong>eum</strong></span> <span class='ocrx_word' id='word_1_69' title='bbox 1253 1483 1459 1556; x_wconf 82' lang='lat' dir='ltr'><strong>affectabant</strong></span> <span class='ocrx_word' id='word_1_70' title='bbox 1484 1503 1591 1578; x_wconf 87' lang='lat' dir='ltr'><strong>super</strong></span> <span class='ocrx_word' id='word_1_71' title='bbox 1620 1484 1695 1556; x_wconf 89' lang='lat' dir='ltr'><strong>aliis</strong></span> 
     </span>
     <span class='ocr_line' id='line_1_9' title="bbox 276 1605 1695 1712; baseline -0.006 -24"><span class='ocrx_word' id='word_1_72' title='bbox 276 1615 383 1688; x_wconf 91' lang='lat' dir='ltr'><strong>rebus</strong></span> <span class='ocrx_word' id='word_1_73' title='bbox 401 1614 454 1712; x_wconf 83' lang='lat' dir='ltr'><strong>(l)</strong></span> <span class='ocrx_word' id='word_1_74' title='bbox 475 1634 588 1708; x_wconf 88' lang='lat' dir='ltr'><strong>nsque</strong></span> <span class='ocrx_word' id='word_1_75' title='bbox 613 1611 661 1686; x_wconf 86' lang='lat' dir='ltr'><strong>ad</strong></span> <span class='ocrx_word' id='word_1_76' title='bbox 681 1613 715 1684; x_wconf 87' lang='lat' dir='ltr'>X</span> <span class='ocrx_word' id='word_1_77' title='bbox 734 1611 811 1685; x_wconf 91' lang='lat' dir='ltr'><strong>dies</strong></span> <span class='ocrx_word' id='word_1_78' title='bbox 834 1631 904 1684; x_wconf 93' lang='lat' dir='ltr'><strong>non</strong></span> <span class='ocrx_word' id='word_1_79' title='bbox 932 1611 1107 1684; x_wconf 89' lang='lat' dir='ltr'><strong>habebant</strong></span> <span class='ocrx_word' id='word_1_80' title='bbox 1128 1607 1291 1680; x_wconf 88' lang='lat' dir='ltr'><strong>victualia</strong></span> <span class='ocrx_word' id='word_1_81' title='bbox 1307 1627 1372 1680; x_wconf 87' lang='lat' dir='ltr'><strong>nec</strong></span> <span class='ocrx_word' id='word_1_82' title='bbox 1393 1605 1568 1680; x_wconf 87' lang='lat' dir='ltr'><strong>durabunt</strong></span> <span class='ocrx_word' id='word_1_83' title='bbox 1584 1629 1695 1700; x_wconf 89' lang='lat' dir='ltr'><strong>usque</strong></span> 
     </span>
     <span class='ocr_line' id='line_1_10' title="bbox 276 1730 1693 1831; baseline -0.006 -21"><span class='ocrx_word' id='word_1_84' title='bbox 276 1738 324 1813; x_wconf 80' lang='lat' dir='ltr'><strong>ad</strong></span> <span class='ocrx_word' id='word_1_85' title='bbox 342 1739 406 1812; x_wconf 84' lang='lat' dir='ltr'><strong>XV</strong></span> <span class='ocrx_word' id='word_1_86' title='bbox 419 1738 495 1811; x_wconf 91' lang='lat' dir='ltr'><strong>dics</strong></span> <span class='ocrx_word' id='word_1_87' title='bbox 511 1735 608 1831; x_wconf 91' lang='lat' dir='ltr'><strong>quod</strong></span> <span class='ocrx_word' id='word_1_88' title='bbox 625 1757 694 1809; x_wconf 93' lang='lat' dir='ltr'><strong>non</strong></span> <span class='ocrx_word' id='word_1_89' title='bbox 709 1735 844 1808; x_wconf 89' lang='lat' dir='ltr'><strong>dabunt</strong></span> <span class='ocrx_word' id='word_1_90' title='bbox 859 1735 891 1808; x_wconf 91' lang='lat' dir='ltr'><strong>ei</strong></span> <span class='ocrx_word' id='word_1_91' title='bbox 907 1734 1101 1822; x_wconf 87' lang='lat' dir='ltr'><strong>civitatem,</strong></span> <span class='ocrx_word' id='word_1_92' title='bbox 1117 1741 1153 1806; x_wconf 91' lang='lat' dir='ltr'><strong>et</strong></span> <span class='ocrx_word' id='word_1_93' title='bbox 1168 1730 1366 1827; x_wconf 83' lang='lat' dir='ltr'><strong>imperatori</strong></span> <span class='ocrx_word' id='word_1_94' title='bbox 1379 1730 1531 1825; x_wconf 86' lang='lat' dir='ltr'><strong>porrexit</strong></span> <span class='ocrx_word' id='word_1_95' title='bbox 1543 1731 1693 1802; x_wconf 89' lang='lat' dir='ltr'><strong>libellum</strong></span> 
     </span>
     <span class='ocr_line' id='line_1_11' title="bbox 276 1853 1698 1957; baseline -0.003 -25"><span class='ocrx_word' id='word_1_96' title='bbox 276 1862 313 1933; x_wconf 93' lang='lat' dir='ltr'><strong>in</strong></span> <span class='ocrx_word' id='word_1_97' title='bbox 339 1881 411 1957; x_wconf 91' lang='lat' dir='ltr'><strong>quo</strong></span> <span class='ocrx_word' id='word_1_98' title='bbox 436 1861 564 1956; x_wconf 86' lang='lat' dir='ltr'><strong>scriptu</strong></span> <span class='ocrx_word' id='word_1_99' title='bbox 590 1859 635 1955; x_wconf 80' lang='lat' dir='ltr'><strong>(b)</strong></span> <span class='ocrx_word' id='word_1_100' title='bbox 658 1868 755 1932; x_wconf 85' lang='lat' dir='ltr'><strong>erent</strong></span> <span class='ocrx_word' id='word_1_101' title='bbox 782 1857 899 1932; x_wconf 85' lang='lat' dir='ltr'><strong>omnin</strong></span> <span class='ocrx_word' id='word_1_102' title='bbox 923 1856 1086 1928; x_wconf 88' lang='lat' dir='ltr'><strong>victualia</strong></span> <span class='ocrx_word' id='word_1_103' title='bbox 1105 1864 1140 1928; x_wconf 90' lang='lat' dir='ltr'><strong>et</strong></span> <span class='ocrx_word' id='word_1_104' title='bbox 1161 1855 1302 1928; x_wconf 90' lang='lat' dir='ltr'><strong>nomina</strong></span> <span class='ocrx_word' id='word_1_105' title='bbox 1324 1853 1484 1926; x_wconf 85' lang='lat' dir='ltr'><strong>civitatis.</strong></span> <span class='ocrx_word' id='word_1_106' title='bbox 1507 1853 1698 1928; x_wconf 73' lang='lat' dir='ltr'><strong>dilectabat</strong></span> 
     </span>
     <span class='ocr_line' id='line_1_12' title="bbox 273 1975 1696 2080; baseline -0.004 -24"><span class='ocrx_word' id='word_1_107' title='bbox 273 1983 371 2057; x_wconf 92' lang='lat' dir='ltr'><strong>enim</strong></span> <span class='ocrx_word' id='word_1_108' title='bbox 389 1983 576 2080; x_wconf 86' lang='lat' dir='ltr'><strong>imperator</strong></span> <span class='ocrx_word' id='word_1_109' title='bbox 589 1981 764 2054; x_wconf 90' lang='lat' dir='ltr'><strong>civitatem</strong></span> <span class='ocrx_word' id='word_1_110' title='bbox 778 1979 963 2054; x_wconf 84' lang='lat' dir='ltr'><strong>Mediolani</strong></span> <span class='ocrx_word' id='word_1_111' title='bbox 984 1979 1093 2052; x_wconf 86' lang='lat' dir='ltr'><strong>esolc</strong></span> <span class='ocrx_word' id='word_1_112' title='bbox 1110 1975 1155 2073; x_wconf 87' lang='lat' dir='ltr'><strong>(c)</strong></span> <span class='ocrx_word' id='word_1_113' title='bbox 1167 1977 1343 2052; x_wconf 87' lang='lat' dir='ltr'><strong>destruere</strong></span> <span class='ocrx_word' id='word_1_114' title='bbox 1360 1985 1396 2050; x_wconf 90' lang='lat' dir='ltr'><strong>et</strong></span> <span class='ocrx_word' id='word_1_115' title='bbox 1411 1977 1539 2050; x_wconf 85' lang='lat' dir='ltr'><strong>delere.</strong></span> <span class='ocrx_word' id='word_1_116' title='bbox 1555 1977 1696 2052; x_wconf 84' lang='lat' dir='ltr'><strong>Interim</strong></span> 
     </span>
     <span class='ocr_line' id='line_1_13' title="bbox 273 2100 1697 2201; baseline -0.002 -22"><span class='ocrx_word' id='word_1_117' title='bbox 273 2108 458 2181; x_wconf 84' lang='lat' dir='ltr'><strong>venientes</strong></span> <span class='ocrx_word' id='word_1_118' title='bbox 486 2116 568 2180; x_wconf 88' lang='lat' dir='ltr'><strong>acte</strong></span> <span class='ocrx_word' id='word_1_119' title='bbox 597 2127 696 2178; x_wconf 87' lang='lat' dir='ltr'><strong>suam</strong></span> <span class='ocrx_word' id='word_1_120' title='bbox 728 2103 935 2201; x_wconf 87' lang='lat' dir='ltr'><strong>presentiam</strong></span> <span class='ocrx_word' id='word_1_121' title='bbox 965 2125 1081 2176; x_wconf 90' lang='lat' dir='ltr'><strong>comes</strong></span> <span class='ocrx_word' id='word_1_122' title='bbox 1109 2101 1154 2176; x_wconf 88' lang='lat' dir='ltr'><strong>de</strong></span> <span class='ocrx_word' id='word_1_123' title='bbox 1177 2100 1343 2177; x_wconf 82' lang='lat' dir='ltr'><strong>Blandetc</strong></span> <span class='ocrx_word' id='word_1_124' title='bbox 1370 2109 1405 2174; x_wconf 90' lang='lat' dir='ltr'><strong>et</strong></span> <span class='ocrx_word' id='word_1_125' title='bbox 1434 2101 1518 2174; x_wconf 88' lang='lat' dir='ltr'><strong>socii</strong></span> <span class='ocrx_word' id='word_1_126' title='bbox 1545 2101 1697 2176; x_wconf 82' lang='lat' dir='ltr'><strong>dieentes</strong></span> 
     </span>
     <span class='ocr_line' id='line_1_14' title="bbox 273 2225 1698 2328; baseline -0.005 -23"><span class='ocrx_word' id='word_1_127' title='bbox 273 2253 398 2328; x_wconf 83' lang='lat' dir='ltr'><strong>pacem</strong></span> <span class='ocrx_word' id='word_1_128' title='bbox 424 2239 459 2303; x_wconf 92' lang='lat' dir='ltr'><strong>et</strong></span> <span class='ocrx_word' id='word_1_129' title='bbox 476 2228 696 2304; x_wconf 85' lang='lat' dir='ltr'><strong>concordium</strong></span> <span class='ocrx_word' id='word_1_130' title='bbox 720 2228 767 2302; x_wconf 87' lang='lat' dir='ltr'><strong>nd</strong></span> <span class='ocrx_word' id='word_1_131' title='bbox 795 2227 899 2300; x_wconf 85' lang='lat' dir='ltr'><strong>finem</strong></span> <span class='ocrx_word' id='word_1_132' title='bbox 926 2227 1116 2323; x_wconf 82' lang='lat' dir='ltr'><strong>perducere</strong></span> <span class='ocrx_word' id='word_1_133' title='bbox 1139 2227 1247 2316; x_wconf 87' lang='lat' dir='ltr'><strong>velle,</strong></span> <span class='ocrx_word' id='word_1_134' title='bbox 1276 2226 1462 2322; x_wconf 84' lang='lat' dir='ltr'><strong>imperator</strong></span> <span class='ocrx_word' id='word_1_135' title='bbox 1480 2225 1572 2298; x_wconf 83' lang='lat' dir='ltr'><strong>dixit</strong></span> <span class='ocrx_word' id='word_1_136' title='bbox 1589 2227 1639 2298; x_wconf 86' lang='lat' dir='ltr'><strong>eis</strong></span> <span class='ocrx_word' id='word_1_137' title='bbox 1659 2236 1698 2298; x_wconf 91' lang='lat' dir='ltr'><strong>ut</strong></span> 
     </span>
     <span class='ocr_line' id='line_1_15' title="bbox 273 2349 1695 2447; baseline -0.003 -21"><span class='ocrx_word' id='word_1_138' title='bbox 273 2356 354 2426; x_wconf 88' lang='lat' dir='ltr'><strong>sine</strong></span> <span class='ocrx_word' id='word_1_139' title='bbox 380 2375 478 2426; x_wconf 81' lang='lat' dir='ltr'><strong>mors</strong></span> <span class='ocrx_word' id='word_1_140' title='bbox 502 2375 524 2425; x_wconf 86' lang='lat' dir='ltr'><strong>a</strong></span> <span class='ocrx_word' id='word_1_141' title='bbox 547 2375 613 2426; x_wconf 89' lang='lat' dir='ltr'><strong>suo</strong></span> <span class='ocrx_word' id='word_1_142' title='bbox 639 2361 826 2447; x_wconf 90' lang='lat' dir='ltr'><strong>conspectu</strong></span> <span class='ocrx_word' id='word_1_143' title='bbox 847 2350 1062 2443; x_wconf 82' lang='lat' dir='ltr'><strong>recederent,</strong></span> <span class='ocrx_word' id='word_1_144' title='bbox 1088 2350 1242 2445; x_wconf 88' lang='lat' dir='ltr'><strong>alioquin</strong></span> <span class='ocrx_word' id='word_1_145' title='bbox 1269 2372 1329 2422; x_wconf 89' lang='lat' dir='ltr'><strong>eos</strong></span> <span class='ocrx_word' id='word_1_146' title='bbox 1355 2351 1482 2422; x_wconf 84' lang='lat' dir='ltr'><strong>laceret</strong></span> <span class='ocrx_word' id='word_1_147' title='bbox 1506 2349 1695 2446; x_wconf 82' lang='lat' dir='ltr'><strong>suspendi,</strong></span> 
     </span>
     <span class='ocr_line' id='line_1_16' title="bbox 272 2471 1696 2568; baseline 0 -21"><span class='ocrx_word' id='word_1_148' title='bbox 272 2473 428 2547; x_wconf 90' lang='lat' dir='ltr'><strong>dicendo</strong></span> <span class='ocrx_word' id='word_1_149' title='bbox 450 2474 501 2546; x_wconf 92' lang='lat' dir='ltr'><strong>eis</strong></span> <span class='ocrx_word' id='word_1_150' title='bbox 523 2473 736 2567; x_wconf 86' lang='lat' dir='ltr'><strong>imperator:</strong></span> <span class='ocrx_word' id='word_1_151' title='bbox 757 2497 775 2542; x_wconf 80' lang='grc' dir='ltr'>ι</span> <span class='ocrx_word' id='word_1_152' title='bbox 792 2473 827 2544; x_wconf 89' lang='lat' dir='ltr'><strong>Si</strong></span> <span class='ocrx_word' id='word_1_153' title='bbox 846 2473 968 2546; x_wconf 89' lang='lat' dir='ltr'><strong>volunt</strong></span> <span class='ocrx_word' id='word_1_154' title='bbox 988 2495 1027 2544; x_wconf 92' lang='lat' dir='ltr'><strong>se</strong></span> <span class='ocrx_word' id='word_1_155' title='bbox 1046 2472 1193 2548; x_wconf 86' lang='lat' dir='ltr'><strong>reddere</strong></span> <span class='ocrx_word' id='word_1_156' title='bbox 1205 2471 1280 2544; x_wconf 91' lang='lat' dir='ltr'><strong>siue</strong></span> <span class='ocrx_word' id='word_1_157' title='bbox 1296 2471 1511 2562; x_wconf 88' lang='lat' dir='ltr'><strong>conditione,</strong></span> <span class='ocrx_word' id='word_1_158' title='bbox 1534 2474 1696 2568; x_wconf 88' lang='lat' dir='ltr'><strong>recipiam</strong></span> 
     </span>
     <span class='ocr_line' id='line_1_17' title="bbox 272 2595 1699 2692; baseline -0.002 -21"><span class='ocrx_word' id='word_1_159' title='bbox 272 2619 350 2671; x_wconf 89' lang='lat' dir='ltr'><strong>eos.</strong></span> <span class='ocrx_word' id='word_1_160' title='bbox 372 2621 390 2666; x_wconf 78' lang='lat' dir='ltr'><strong>c</strong></span> <span class='ocrx_word' id='word_1_161' title='bbox 410 2595 551 2670; x_wconf 85' lang='lat' dir='ltr'><strong>Reversi</strong></span> <span class='ocrx_word' id='word_1_162' title='bbox 566 2605 681 2670; x_wconf 88' lang='lat' dir='ltr'><strong>autem</strong></span> <span class='ocrx_word' id='word_1_163' title='bbox 702 2595 848 2691; x_wconf 90' lang='lat' dir='ltr'><strong>predicti</strong></span> <span class='ocrx_word' id='word_1_164' title='bbox 873 2596 1094 2690; x_wconf 87' lang='lat' dir='ltr'><strong>inquisitores</strong></span> <span class='ocrx_word' id='word_1_165' title='bbox 1117 2597 1213 2692; x_wconf 86' lang='lat' dir='ltr'><strong>pacis</strong></span> <span class='ocrx_word' id='word_1_166' title='bbox 1235 2596 1270 2667; x_wconf 87' lang='lat' dir='ltr'><strong>iu</strong></span> <span class='ocrx_word' id='word_1_167' title='bbox 1292 2596 1467 2668; x_wconf 85' lang='lat' dir='ltr'><strong>civitatem</strong></span> <span class='ocrx_word' id='word_1_168' title='bbox 1489 2595 1646 2668; x_wconf 92' lang='lat' dir='ltr'><strong>dolentes</strong></span> <span class='ocrx_word' id='word_1_169' title='bbox 1664 2607 1699 2669; x_wconf 88' lang='lat' dir='ltr'><strong>st</strong></span> 
     </span>
     <span class='ocr_line' id='line_1_18' title="bbox 271 2718 1699 2815; baseline -0.001 -21"><span class='ocrx_word' id='word_1_170' title='bbox 271 2729 454 2815; x_wconf 80' lang='lat' dir='ltr'><strong>gementes</strong></span> <span class='ocrx_word' id='word_1_171' title='bbox 473 2719 590 2794; x_wconf 88' lang='lat' dir='ltr'><strong>omnia</strong></span> <span class='ocrx_word' id='word_1_172' title='bbox 612 2741 675 2815; x_wconf 88' lang='lat' dir='ltr'><strong>per</strong></span> <span class='ocrx_word' id='word_1_173' title='bbox 693 2719 850 2794; x_wconf 87' lang='lat' dir='ltr'><strong>ordinem</strong></span> <span class='ocrx_word' id='word_1_174' title='bbox 872 2721 1074 2792; x_wconf 90' lang='lat' dir='ltr'><strong>retulerunt.</strong></span> <span class='ocrx_word' id='word_1_175' title='bbox 1093 2719 1221 2792; x_wconf 84' lang='lat' dir='ltr'><strong>Verum</strong></span> <span class='ocrx_word' id='word_1_176' title='bbox 1243 2719 1326 2814; x_wconf 91' lang='lat' dir='ltr'><strong>qnia</strong></span> <span class='ocrx_word' id='word_1_177' title='bbox 1348 2718 1511 2792; x_wconf 86' lang='lat' dir='ltr'><strong>victualia</strong></span> <span class='ocrx_word' id='word_1_178' title='bbox 1536 2719 1586 2792; x_wconf 87' lang='lat' dir='ltr'><strong>eis</strong></span> <span class='ocrx_word' id='word_1_179' title='bbox 1605 2719 1699 2792; x_wconf 86' lang='lat' dir='ltr'><strong>defi-</strong></span> 
     </span>
     <span class='ocr_line' id='line_1_19' title="bbox 271 2842 1699 2942; baseline 0.001 -26"><span class='ocrx_word' id='word_1_180' title='bbox 271 2845 414 2918; x_wconf 88' lang='lat' dir='ltr'><strong>ciebant</strong></span> <span class='ocrx_word' id='word_1_181' title='bbox 439 2853 473 2916; x_wconf 90' lang='lat' dir='ltr'><strong>et</strong></span> <span class='ocrx_word' id='word_1_182' title='bbox 500 2844 650 2940; x_wconf 89' lang='lat' dir='ltr'><strong>amplius</strong></span> <span class='ocrx_word' id='word_1_183' title='bbox 668 2843 764 2916; x_wconf 87' lang='lat' dir='ltr'><strong>nullo</strong></span> <span class='ocrx_word' id='word_1_184' title='bbox 786 2842 892 2916; x_wconf 90' lang='lat' dir='ltr'><strong>modo</strong></span> <span class='ocrx_word' id='word_1_185' title='bbox 909 2843 1053 2916; x_wconf 84' lang='lat' dir='ltr'><strong>sufferre</strong></span> <span class='ocrx_word' id='word_1_186' title='bbox 1074 2851 1248 2940; x_wconf 87' lang='lat' dir='ltr'><strong>poterant,</strong></span> <span class='ocrx_word' id='word_1_187' title='bbox 1275 2842 1395 2916; x_wconf 88' lang='lat' dir='ltr'><strong>habito</strong></span> <span class='ocrx_word' id='word_1_188' title='bbox 1414 2843 1557 2917; x_wconf 91' lang='lat' dir='ltr'><strong>consilio</strong></span> <span class='ocrx_word' id='word_1_189' title='bbox 1577 2865 1699 2942; x_wconf 88' lang='lat' dir='ltr'><strong>propo·</strong></span> 
     </span>
     <span class='ocr_line' id='line_1_20' title="bbox 271 2966 1304 3063; baseline -0.004 -21"><span class='ocrx_word' id='word_1_190' title='bbox 271 2974 423 3042; x_wconf 88' lang='lat' dir='ltr'><strong>suerunt</strong></span> <span class='ocrx_word' id='word_1_191' title='bbox 440 2989 479 3040; x_wconf 89' lang='lat' dir='ltr'><strong>se</strong></span> <span class='ocrx_word' id='word_1_192' title='bbox 491 2967 637 3043; x_wconf 89' lang='lat' dir='ltr'><strong>reddere</strong></span> <span class='ocrx_word' id='word_1_193' title='bbox 651 2976 685 3040; x_wconf 92' lang='lat' dir='ltr'><strong>et</strong></span> <span class='ocrx_word' id='word_1_194' title='bbox 703 2966 876 3040; x_wconf 85' lang='lat' dir='ltr'><strong>civitatem</strong></span> <span class='ocrx_word' id='word_1_195' title='bbox 894 2966 1081 3041; x_wconf 82' lang='lat' dir='ltr'><strong>Mediolani</strong></span> <span class='ocrx_word' id='word_1_196' title='bbox 1095 2967 1304 3063; x_wconf 84' lang='lat' dir='ltr'><strong>imperatori.</strong></span> 
     </span>
    </p>

    <p class='ocr_par' dir='ltr' id='par_1_4' title="bbox 324 3088 1694 3192">
     <span class='ocr_line' id='line_1_21' title="bbox 324 3088 1694 3192; baseline 0 -28"><span class='ocrx_word' id='word_1_197' title='bbox 324 3091 428 3164; x_wconf 83' lang='lat' dir='ltr'><strong>dnnc</strong></span> <span class='ocrx_word' id='word_1_198' title='bbox 447 3091 621 3164; x_wconf 87' lang='lat' dir='ltr'><strong>dominice</strong></span> <span class='ocrx_word' id='word_1_199' title='bbox 640 3089 887 3164; x_wconf 85' lang='lat' dir='ltr'><strong>incarnationis</strong></span> <span class='ocrx_word' id='word_1_200' title='bbox 900 3091 949 3164; x_wconf 94' lang='lat' dir='ltr'><strong>M.</strong></span> <span class='ocrx_word' id='word_1_201' title='bbox 969 3091 1006 3162; x_wconf 89' lang='lat' dir='ltr'><strong>C.</strong></span> <span class='ocrx_word' id='word_1_202' title='bbox 1025 3091 1115 3180; x_wconf 85' lang='lat' dir='ltr'><strong>LXI,</strong></span> <span class='ocrx_word' id='word_1_203' title='bbox 1131 3089 1243 3185; x_wconf 90' lang='lat' dir='ltr'><strong>primo</strong></span> <span class='ocrx_word' id='word_1_204' title='bbox 1261 3088 1320 3162; x_wconf 89' lang='lat' dir='ltr'><strong>die</strong></span> <span class='ocrx_word' id='word_1_205' title='bbox 1337 3090 1467 3164; x_wconf 88' lang='lat' dir='ltr'><strong>mensis</strong></span> <span class='ocrx_word' id='word_1_206' title='bbox 1491 3092 1610 3164; x_wconf 84' lang='lat' dir='ltr'><strong>mercii</strong></span> <span class='ocrx_word' id='word_1_207' title='bbox 1629 3091 1694 3192; x_wconf 85' lang='lat' dir='ltr'><strong>(d),</strong></span> 
     </span>
    </p>
   </div>
   <div class='ocr_carea' id='block_1_3' title="bbox 270 3211 1696 3681">
    <p class='ocr_par' dir='ltr' id='par_1_5' title="bbox 270 3211 1696 3681">
     <span class='ocr_line' id='line_1_22' title="bbox 271 3211 1693 3312; baseline 0.003 -26"><span class='ocrx_word' id='word_1_208' title='bbox 271 3214 505 3288; x_wconf 88' lang='lat' dir='ltr'><strong>reddiderunt</strong></span> <span class='ocrx_word' id='word_1_209' title='bbox 535 3211 610 3312; x_wconf 88' lang='lat' dir='ltr'><strong>[se]</strong></span> <span class='ocrx_word' id='word_1_210' title='bbox 647 3222 682 3286; x_wconf 90' lang='lat' dir='ltr'><strong>et</strong></span> <span class='ocrx_word' id='word_1_211' title='bbox 711 3213 888 3286; x_wconf 86' lang='lat' dir='ltr'><strong>civitatem</strong></span> <span class='ocrx_word' id='word_1_212' title='bbox 919 3214 1061 3287; x_wconf 90' lang='lat' dir='ltr'><strong>domino</strong></span> <span class='ocrx_word' id='word_1_213' title='bbox 1091 3214 1287 3310; x_wconf 85' lang='lat' dir='ltr'><strong>imperatori</strong></span> <span class='ocrx_word' id='word_1_214' title='bbox 1324 3215 1360 3286; x_wconf 92' lang='lat' dir='ltr'><strong>in</strong></span> <span class='ocrx_word' id='word_1_215' title='bbox 1392 3215 1531 3288; x_wconf 89' lang='lat' dir='ltr'><strong>civitate</strong></span> <span class='ocrx_word' id='word_1_216' title='bbox 1561 3217 1693 3290; x_wconf 88' lang='lat' dir='ltr'><strong>Laude.</strong></span> 
     </span>
     <span class='ocr_line' id='line_1_23' title="bbox 270 3336 1696 3435; baseline 0.001 -25"><span class='ocrx_word' id='word_1_217' title='bbox 270 3338 396 3412; x_wconf 84' lang='lat' dir='ltr'><strong>Postea</strong></span> <span class='ocrx_word' id='word_1_218' title='bbox 414 3359 526 3432; x_wconf 87' lang='lat' dir='ltr'><strong>nsque</strong></span> <span class='ocrx_word' id='word_1_219' title='bbox 538 3337 584 3412; x_wconf 84' lang='lat' dir='ltr'><strong>ad</strong></span> <span class='ocrx_word' id='word_1_220' title='bbox 598 3337 671 3410; x_wconf 85' lang='lat' dir='ltr'><strong>vnt</strong></span> <span class='ocrx_word' id='word_1_221' title='bbox 683 3336 758 3410; x_wconf 91' lang='lat' dir='ltr'><strong>dies</strong></span> <span class='ocrx_word' id='word_1_222' title='bbox 770 3336 939 3410; x_wconf 88' lang='lat' dir='ltr'><strong>miserunt</strong></span> <span class='ocrx_word' id='word_1_223' title='bbox 954 3337 986 3410; x_wconf 93' lang='lat' dir='ltr'><strong>ei</strong></span> <span class='ocrx_word' id='word_1_224' title='bbox 1001 3337 1210 3432; x_wconf 80' lang='lat' dir='ltr'><strong>quingentos</strong></span> <span class='ocrx_word' id='word_1_225' title='bbox 1224 3337 1349 3410; x_wconf 89' lang='lat' dir='ltr'><strong>milites</strong></span> <span class='ocrx_word' id='word_1_226' title='bbox 1361 3347 1396 3409; x_wconf 91' lang='lat' dir='ltr'><strong>et</strong></span> <span class='ocrx_word' id='word_1_227' title='bbox 1407 3338 1549 3412; x_wconf 90' lang='lat' dir='ltr'><strong>totidem</strong></span> <span class='ocrx_word' id='word_1_228' title='bbox 1564 3340 1696 3435; x_wconf 86' lang='lat' dir='ltr'><strong>pedites</strong></span> 
     </span>
     <span class='ocr_line' id='line_1_24' title="bbox 270 3459 1694 3555; baseline 0.004 -23"><span class='ocrx_word' id='word_1_229' title='bbox 270 3459 320 3533; x_wconf 91' lang='lat' dir='ltr'><strong>de</strong></span> <span class='ocrx_word' id='word_1_230' title='bbox 343 3461 545 3534; x_wconf 89' lang='lat' dir='ltr'><strong>melioribus</strong></span> <span class='ocrx_word' id='word_1_231' title='bbox 563 3459 714 3534; x_wconf 88' lang='lat' dir='ltr'><strong>civitatis</strong></span> <span class='ocrx_word' id='word_1_232' title='bbox 737 3481 817 3532; x_wconf 91' lang='lat' dir='ltr'><strong>cum</strong></span> <span class='ocrx_word' id='word_1_233' title='bbox 835 3461 971 3534; x_wconf 87' lang='lat' dir='ltr'><strong>carocio</strong></span> <span class='ocrx_word' id='word_1_234' title='bbox 987 3470 1022 3534; x_wconf 91' lang='lat' dir='ltr'><strong>et</strong></span> <span class='ocrx_word' id='word_1_235' title='bbox 1040 3461 1173 3534; x_wconf 87' lang='lat' dir='ltr'><strong>vexillo</strong></span> <span class='ocrx_word' id='word_1_236' title='bbox 1198 3471 1232 3534; x_wconf 91' lang='lat' dir='ltr'><strong>et</strong></span> <span class='ocrx_word' id='word_1_237' title='bbox 1247 3461 1356 3555; x_wconf 81' lang='lat' dir='ltr'><strong>signis</strong></span> <span class='ocrx_word' id='word_1_238' title='bbox 1373 3471 1409 3534; x_wconf 86' lang='lat' dir='ltr'><strong>et</strong></span> <span class='ocrx_word' id='word_1_239' title='bbox 1430 3461 1523 3536; x_wconf 89' lang='lat' dir='ltr'><strong>tubis</strong></span> <span class='ocrx_word' id='word_1_240' title='bbox 1540 3465 1694 3538; x_wconf 87' lang='lat' dir='ltr'><strong>Laudem</strong></span> 
     </span>
     <span class='ocr_line' id='line_1_25' title="bbox 270 3583 1692 3681; baseline 0.005 -27"><span class='ocrx_word' id='word_1_241' title='bbox 270 3585 470 3680; x_wconf 86' lang='lat' dir='ltr'><strong>imperatori</strong></span> <span class='ocrx_word' id='word_1_242' title='bbox 484 3593 525 3656; x_wconf 94' lang='lat' dir='ltr'><strong>ut</strong></span> <span class='ocrx_word' id='word_1_243' title='bbox 536 3583 644 3658; x_wconf 82' lang='lat' dir='ltr'><strong>deone</strong></span> <span class='ocrx_word' id='word_1_244' title='bbox 658 3593 694 3656; x_wconf 91' lang='lat' dir='ltr'><strong>et</strong></span> <span class='ocrx_word' id='word_1_245' title='bbox 704 3583 869 3658; x_wconf 90' lang='lat' dir='ltr'><strong>honorem</strong></span> <span class='ocrx_word' id='word_1_246' title='bbox 885 3585 918 3658; x_wconf 92' lang='lat' dir='ltr'><strong>ei</strong></span> <span class='ocrx_word' id='word_1_247' title='bbox 929 3585 1105 3658; x_wconf 79' lang='lat' dir='ltr'><strong>inferrent.</strong></span> <span class='ocrx_word' id='word_1_248' title='bbox 1121 3585 1199 3681; x_wconf 88' lang='lat' dir='ltr'><strong>lpse</strong></span> <span class='ocrx_word' id='word_1_249' title='bbox 1210 3594 1326 3658; x_wconf 87' lang='lat' dir='ltr'><strong>autem</strong></span> <span class='ocrx_word' id='word_1_250' title='bbox 1337 3586 1462 3660; x_wconf 87' lang='lat' dir='ltr'><strong>milites</strong></span> <span class='ocrx_word' id='word_1_251' title='bbox 1474 3588 1692 3661; x_wconf 87' lang='lat' dir='ltr'><strong>etcnrocium</strong></span> 
     </span>
    </p>
   </div>
   <div class='ocr_carea' id='block_1_4' title="bbox 313 3731 792 4128">
    <p class='ocr_par' dir='ltr' id='par_1_6' title="bbox 313 3731 792 3918">
     <span class='ocr_line' id='line_1_26' title="bbox 315 3731 792 3812; baseline 0.008 -22"><span class='ocrx_word' id='word_1_252' title='bbox 315 3732 357 3812; x_wconf 85' lang='grc' dir='ltr'>(ιι)</span> <span class='ocrx_word' id='word_1_253' title='bbox 380 3733 417 3794; x_wconf 92' lang='lat' dir='ltr'><strong>ln</strong></span> <span class='ocrx_word' id='word_1_254' title='bbox 430 3733 532 3794; x_wconf 85' lang='lat' dir='ltr'><strong>oodlcn</strong></span> <span class='ocrx_word' id='word_1_255' title='bbox 544 3731 792 3795; x_wconf 66' lang='lat' dir='ltr'><strong>concentorem.</strong></span> 
     </span>
     <span class='ocr_line' id='line_1_27' title="bbox 313 3837 695 3918; baseline 0.01 -20"><span class='ocrx_word' id='word_1_256' title='bbox 313 3837 356 3917; x_wconf 82' lang='lat' dir='ltr'><strong>(d)</strong></span> <span class='ocrx_word' id='word_1_257' title='bbox 377 3839 415 3902; x_wconf 92' lang='lat' dir='ltr'><strong>Iu</strong></span> <span class='ocrx_word' id='word_1_258' title='bbox 428 3839 531 3902; x_wconf 88' lang='lat' dir='ltr'><strong>codice</strong></span> <span class='ocrx_word' id='word_1_259' title='bbox 544 3839 695 3918; x_wconf 70' lang='lat' dir='ltr'><strong>rmiptuut.</strong></span> 
     </span>
    </p>

    <p class='ocr_par' dir='ltr' id='par_1_7' title="bbox 314 3942 624 4022">
     <span class='ocr_line' id='line_1_28' title="bbox 314 3942 624 4022; baseline 0.013 -18"><span class='ocrx_word' id='word_1_260' title='bbox 314 3944 352 4022; x_wconf 86' lang='lat' dir='ltr'><strong>(c)</strong></span> <span class='ocrx_word' id='word_1_261' title='bbox 378 3945 415 4006; x_wconf 92' lang='lat' dir='ltr'><strong>ln</strong></span> <span class='ocrx_word' id='word_1_262' title='bbox 431 3945 532 4006; x_wconf 87' lang='lat' dir='ltr'><strong>codlcc</strong></span> <span class='ocrx_word' id='word_1_263' title='bbox 543 3942 624 4009; x_wconf 74' lang='lat' dir='ltr'><strong>tolio.</strong></span> 
     </span>
    </p>

    <p class='ocr_par' dir='ltr' id='par_1_8' title="bbox 313 4048 752 4128">
     <span class='ocr_line' id='line_1_29' title="bbox 313 4048 752 4128; baseline 0 -17"><span class='ocrx_word' id='word_1_264' title='bbox 313 4048 356 4128; x_wconf 82' lang='lat' dir='ltr'><strong>(d)</strong></span> <span class='ocrx_word' id='word_1_265' title='bbox 377 4051 413 4112; x_wconf 92' lang='lat' dir='ltr'><strong>ln</strong></span> <span class='ocrx_word' id='word_1_266' title='bbox 424 4051 527 4112; x_wconf 85' lang='lat' dir='ltr'><strong>codlce</strong></span> <span class='ocrx_word' id='word_1_267' title='bbox 540 4051 652 4112; x_wconf 77' lang='lat' dir='ltr'><strong>mrctr.</strong></span> <span class='ocrx_word' id='word_1_268' title='bbox 749 4085 752 4098; x_wconf 54' lang='grc' dir='ltr'>ι</span> 
     </span>
    </p>
   </div>
   <div class='ocr_carea' id='block_1_5' title="bbox 272 4224 1148 4240">
    <p class='ocr_par' dir='ltr' id='par_1_9' title="bbox 272 4224 1148 4240">
     <span class='ocr_line' id='line_1_30' title="bbox 272 4224 1148 4240; baseline 0.003 -2"><span class='ocrx_word' id='word_1_269' title='bbox 272 4224 610 4238; x_wconf 56' lang='lat' dir='ltr'><strong>—a---n—-n-—o--u</strong></span> <span class='ocrx_word' id='word_1_270' title='bbox 988 4229 1148 4240; x_wconf 60' lang='grc' dir='ltr'><strong><em>Μ</em></strong></span> 
     </span>
    </p>
   </div>
   <div class='ocr_carea' id='block_1_6' title="bbox 266 4335 1689 4806">
    <p class='ocr_par' dir='ltr' id='par_1_10' title="bbox 266 4335 1689 4806">
     <span class='ocr_line' id='line_1_31' title="bbox 306 4335 1689 4414; baseline 0.009 -24"><span class='ocrx_word' id='word_1_271' title='bbox 306 4335 341 4408; x_wconf 82' lang='lat' dir='ltr'><strong>(t)</strong></span> <span class='ocrx_word' id='word_1_272' title='bbox 360 4336 397 4393; x_wconf 87' lang='lat' dir='ltr'><strong>Le</strong></span> <span class='ocrx_word' id='word_1_273' title='bbox 414 4341 487 4394; x_wconf 86' lang='lat' dir='ltr'><strong>texte</strong></span> <span class='ocrx_word' id='word_1_274' title='bbox 499 4343 542 4395; x_wconf 87' lang='lat' dir='ltr'><strong>est</strong></span> <span class='ocrx_word' id='word_1_275' title='bbox 552 4337 588 4396; x_wconf 89' lang='lat' dir='ltr'><strong>ici</strong></span> <span class='ocrx_word' id='word_1_276' title='bbox 600 4345 756 4412; x_wconf 81' lang='lat' dir='ltr'><strong>gravament</strong></span> <span class='ocrx_word' id='word_1_277' title='bbox 769 4337 863 4398; x_wconf 78' lang='lat' dir='ltr'><strong>altere</strong></span> <span class='ocrx_word' id='word_1_278' title='bbox 878 4339 915 4398; x_wconf 87' lang='lat' dir='ltr'><strong>le</strong></span> <span class='ocrx_word' id='word_1_279' title='bbox 927 4339 1044 4414; x_wconf 79' lang='lat' dir='ltr'><strong>coplata,</strong></span> <span class='ocrx_word' id='word_1_280' title='bbox 1058 4355 1093 4396; x_wconf 90' lang='lat' dir='ltr'><strong>eu</strong></span> <span class='ocrx_word' id='word_1_281' title='bbox 1111 4337 1259 4412; x_wconf 77' lang='lat' dir='ltr'><strong>sbregcant</strong></span> <span class='ocrx_word' id='word_1_282' title='bbox 1274 4339 1300 4398; x_wconf 82' lang='lat' dir='ltr'><strong>ln</strong></span> <span class='ocrx_word' id='word_1_283' title='bbox 1318 4339 1430 4399; x_wconf 84' lang='lat' dir='ltr'><strong>relation</strong></span> <span class='ocrx_word' id='word_1_284' title='bbox 1447 4341 1580 4401; x_wconf 78' lang='lat' dir='ltr'><strong>attribues</strong></span> <span class='ocrx_word' id='word_1_285' title='bbox 1601 4341 1689 4404; x_wconf 75' lang='lat' dir='ltr'><strong>arira</strong></span> 
     </span>
     <span class='ocr_line' id='line_1_32' title="bbox 268 4430 1687 4514; baseline 0.008 -26"><span class='ocrx_word' id='word_1_286' title='bbox 268 4430 352 4503; x_wconf 78' lang='lat' dir='ltr'><strong>Maul,</strong></span> <span class='ocrx_word' id='word_1_287' title='bbox 365 4447 383 4490; x_wconf 83' lang='lat' dir='ltr'><strong>a</strong></span> <span class='ocrx_word' id='word_1_288' title='bbox 394 4433 525 4506; x_wconf 83' lang='lat' dir='ltr'><strong>interpolt</strong></span> <span class='ocrx_word' id='word_1_289' title='bbox 538 4450 591 4492; x_wconf 88' lang='lat' dir='ltr'><strong>unc</strong></span> <span class='ocrx_word' id='word_1_290' title='bbox 602 4433 674 4508; x_wconf 77' lang='lat' dir='ltr'><strong>ligne</strong></span> <span class='ocrx_word' id='word_1_291' title='bbox 682 4433 1286 4512; x_wconf 79' lang='lat' dir='ltr'><strong>quiooiteneplaeteplmhm.11tautoonc</strong></span> <span class='ocrx_word' id='word_1_292' title='bbox 1298 4437 1424 4496; x_wconf 80' lang='lat' dir='ltr'><strong>restituor</strong></span> <span class='ocrx_word' id='word_1_293' title='bbox 1436 4438 1587 4514; x_wconf 79' lang='lat' dir='ltr'><strong>lepnssags</strong></span> <span class='ocrx_word' id='word_1_294' title='bbox 1600 4441 1687 4501; x_wconf 76' lang='lat' dir='ltr'><strong>entim</strong></span> 
     </span>
     <span class='ocr_line' id='line_1_33' title="bbox 267 4529 1687 4614; baseline 0.008 -28"><span class='ocrx_word' id='word_1_295' title='bbox 267 4529 582 4588; x_wconf 79' lang='lat' dir='ltr'><strong>commeilsuitrdtctt</strong></span> <span class='ocrx_word' id='word_1_296' title='bbox 602 4531 673 4606; x_wconf 76' lang='lat' dir='ltr'><strong>quod</strong></span> <span class='ocrx_word' id='word_1_297' title='bbox 692 4531 1184 4612; x_wconf 75' lang='lat' dir='ltr'><strong>miotelnctotctnatr&#39;oorqncod</strong></span> <span class='ocrx_word' id='word_1_298' title='bbox 1202 4533 1235 4594; x_wconf 81' lang='grc' dir='ltr'><em>Χ</em></span> <span class='ocrx_word' id='word_1_299' title='bbox 1254 4533 1311 4592; x_wconf 76' lang='lat' dir='ltr'><strong>dier</strong></span> <span class='ocrx_word' id='word_1_300' title='bbox 1330 4550 1378 4594; x_wconf 78' lang='lat' dir='ltr'><strong>ece</strong></span> <span class='ocrx_word' id='word_1_301' title='bbox 1397 4534 1537 4596; x_wconf 68' lang='lat' dir='ltr'><strong>aarum</strong></span> <span class='ocrx_word' id='word_1_302' title='bbox 1555 4539 1687 4614; x_wconf 70' lang='lat' dir='ltr'><strong>orcum</strong></span> 
     </span>
     <span class='ocr_line' id='line_1_34' title="bbox 266 4625 1686 4708; baseline 0.009 -27"><span class='ocrx_word' id='word_1_303' title='bbox 266 4625 391 4684; x_wconf 67' lang='lat' dir='ltr'><strong>1thae</strong></span> <span class='ocrx_word' id='word_1_304' title='bbox 402 4626 694 4700; x_wconf 74' lang='lat' dir='ltr'><strong>qnodnorrduduetci</strong></span> <span class='ocrx_word' id='word_1_305' title='bbox 708 4631 858 4690; x_wconf 74' lang='lat' dir='ltr'><strong>civitatem</strong></span> <span class='ocrx_word' id='word_1_306' title='bbox 871 4633 911 4690; x_wconf 81' lang='lat' dir='ltr'><strong>Bt</strong></span> <span class='ocrx_word' id='word_1_307' title='bbox 930 4634 1090 4707; x_wconf 76' lang='lat' dir='ltr'><strong>imperatori</strong></span> <span class='ocrx_word' id='word_1_308' title='bbox 1107 4633 1234 4707; x_wconf 82' lang='lat' dir='ltr'><strong>pcrrscit</strong></span> <span class='ocrx_word' id='word_1_309' title='bbox 1251 4631 1375 4690; x_wconf 80' lang='lat' dir='ltr'><strong>libellum</strong></span> <span class='ocrx_word' id='word_1_310' title='bbox 1388 4634 1596 4708; x_wconf 76' lang='lat' dir='ltr'><strong>toouorcrr&#39;pto</strong></span> <span class='ocrx_word' id='word_1_311' title='bbox 1606 4643 1686 4694; x_wconf 72' lang='lat' dir='ltr'><strong>crum</strong></span> 
     </span>
     <span class='ocr_line' id='line_1_35' title="bbox 266 4723 1682 4806; baseline 0.01 -26"><span class='ocrx_word' id='word_1_312' title='bbox 266 4725 362 4782; x_wconf 78' lang='lat' dir='ltr'><strong>omnio</strong></span> <span class='ocrx_word' id='word_1_313' title='bbox 374 4723 513 4784; x_wconf 76' lang='lat' dir='ltr'><strong>otctrmlto</strong></span> <span class='ocrx_word' id='word_1_314' title='bbox 525 4733 552 4786; x_wconf 81' lang='lat' dir='ltr'><strong>et</strong></span> <span class='ocrx_word' id='word_1_315' title='bbox 562 4729 676 4786; x_wconf 81' lang='lat' dir='ltr'><strong>comino</strong></span> <span class='ocrx_word' id='word_1_316' title='bbox 687 4729 799 4787; x_wconf 72' lang='grc' dir='ltr'>οιύἰιιιιι.</span> <span class='ocrx_word' id='word_1_317' title='bbox 810 4726 958 4803; x_wconf 72' lang='lat' dir='ltr'><strong>Affectobnt</strong></span> <span class='ocrx_word' id='word_1_318' title='bbox 968 4731 1042 4787; x_wconf 77' lang='lat' dir='ltr'><strong>mim</strong></span> <span class='ocrx_word' id='word_1_319' title='bbox 1050 4733 1201 4806; x_wconf 75' lang='lat' dir='ltr'><strong>imperator</strong></span> <span class='ocrx_word' id='word_1_320' title='bbox 1211 4747 1289 4805; x_wconf 77' lang='lat' dir='ltr'><strong>super</strong></span> <span class='ocrx_word' id='word_1_321' title='bbox 1299 4729 1366 4789; x_wconf 78' lang='lat' dir='ltr'><strong>ollis</strong></span> <span class='ocrx_word' id='word_1_322' title='bbox 1377 4729 1456 4790; x_wconf 77' lang='lat' dir='ltr'><strong>retur</strong></span> <span class='ocrx_word' id='word_1_323' title='bbox 1466 4732 1618 4804; x_wconf 76' lang='lat' dir='ltr'><strong>civitatem,</strong></span> <span class='ocrx_word' id='word_1_324' title='bbox 1629 4741 1682 4794; x_wconf 86' lang='lat' dir='ltr'><strong>ste.</strong></span> 
     </span>
    </p>
   </div>
   <div class='ocr_carea' id='block_1_7' title="bbox 0 0 2272 6074">
    <p class='ocr_par' dir='ltr' id='par_1_11' title="bbox 0 0 2272 6074">
     <span class='ocr_line' id='line_1_36' title="bbox 0 0 2272 6074; baseline 0 0"><span class='ocrx_word' id='word_1_325' title='bbox 0 0 2272 6074; x_wconf 95' lang='lat' dir='ltr'><strong> </strong></span> 
     </span>
    </p>
   </div>
  </div>
 </body>
</html>
