4554 6080
605 613 667 676 286
1080 617 1321 681 cuuoutcort
1345 620 1397 680 llll
1421 619 1550 682 llEllllS

654 749 697 820 Et
717 747 943 822 incontinenti
962 759 1055 824 moto
1076 754 1231 826 exercitu
1254 755 1394 828 iverunt
1411 753 1457 827 ad
1474 754 1723 848 Monteregium
1741 753 1804 826 uhi
1822 755 2029 849 capitaneus

607 881 681 946 erat
698 893 761 967 pro
780 873 905 944 comite
922 873 1066 946 istorum
1083 877 1179 950 Zima
1197 875 1242 950 de
1257 878 1330 950 Boli
1348 879 1410 972 qui
1431 887 1505 950 tum
1524 885 1665 972 propter
1682 876 1899 972 iniquitatem
1917 897 2030 971 wem

607 994 780 1084 habebat,
799 1003 874 1066 tum
890 1005 1031 1090 propter
1048 998 1185 1072 fratrem
1204 1003 1280 1094 ejus
1297 1001 1362 1096 qui
1382 1009 1504 1095 captus
1519 1008 1594 1072 erat
1611 998 1657 1072 ad
1670 999 1930 1091 Kattenzanum,
1944 1001 2030 1073 affi-

608 1118 700 1194 datis
719 1118 875 1212 personis
893 1119 1007 1213 ipsum
1027 1121 1142 1194 locum
1160 1123 1368 1195 Placentinis
1389 1123 1585 1196 intrinsecis
1603 1121 1837 1217 tradiderunt,
1859 1133 1895 1196 et
1914 1124 2032 1196 lactus

608 1251 661 1314 est
679 1242 774 1312 Zima
794 1240 840 1314 de
866 1225 965 1336 barte
988 1264 1109 1316 eorum
1135 1264 1204 1317 non
1226 1247 1347 1338 corde,
1368 1247 1431 1320 sed
1454 1247 1576 1320 verbo.
1594 1245 1729 1320 Deinde
1754 1255 1848 1320 moto
1869 1247 2033 1320 exercitu

609 1366 839 1439 veneruntad
853 1366 1186 1461 Petramclavunam‚
1199 1377 1235 1444 ot
1250 1369 1477 1442 incontinenti
1490 1369 1657 1443 Girardus
1669 1369 1716 1442 de
1728 1369 1861 1464 Cugulo
1876 1370 1939 1464 qui
1954 1377 2035 1442 erat

611 1491 812 1585 capitaneus
826 1511 890 1583 pro
905 1491 1031 1562 comite
1048 1499 1155 1564 tracto
1171 1491 1216 1564 de
1231 1491 1347 1565 banno
1364 1492 1451 1565 illud
1468 1501 1617 1565 matrum
1634 1491 1783 1568 affidatis
1796 1495 1955 1589 personis
1973 1513 2033 1566 re·

611 1612 701 1688 didit
710 1623 744 1686 et
755 1612 968 1687 tradiditeis.
980 1613 1113 1688 Deinde
1125 1616 1264 1688 iverunt
1276 1615 1324 1690 ad
1335 1617 1487 1689 Roohum
1498 1616 1544 1689 de
1552 1615 1655 1689 Bardi
1665 1616 1728 1688 ubi
1739 1615 1846 1688 nichil
1857 1617 2030 1705 iecerunt,

610 1737 674 1810 sed
692 1758 754 1832 per
771 1737 903 1810 Vallem
928 1739 1012 1810 Zeni
1029 1740 1155 1812 multas
1176 1740 1279 1812 villas
1296 1739 1430 1812 domini
1448 1740 1582 1812 comitis
1600 1741 1872 1826 combuxerunt3
1891 1741 2034 1814 munie-

610 1871 692 1934 runt
703 1861 845 1932 Gauium
858 1861 954 1954 quod
965 1861 1079 1934 dictus
1093 1885 1208 1936 comes
1221 1865 1406 1958 reliquerat
1420 1865 1504 1958 quia
1516 1886 1586 1938 non
1600 1874 1672 1938 erat
1686 1866 1785 1938 lorte.
1799 1867 1843 1938 llt
1855 1867 2035 1940 Iohannes

612 1984 658 2057 de
671 1983 866 2057 Callamello
887 1992 923 2056 et
939 1983 1001 2055 lilii
1018 1985 1191 2078 quierant
1209 1987 1392 2060 familiares
1412 1987 1547 2060 comitis
1564 1987 1677 2080 istius,
1695 1989 1951 2062 rebellaverunt
1968 2009 2036 2058 oo-

612 2107 688 2178 miti
703 2117 739 2180 et
751 2108 839 2203 parti
853 2129 930 2195 sue,
944 2116 979 2180 et
993 2109 1166 2180 munitum
1181 2118 1234 2181 est
1246 2109 1469 2183 Catameitum
1484 2130 1547 2204 pro
1558 2109 1765 2182 Placentinis
1774 2107 1984 2200 intrinsecis,
2000 2117 2037 2180 et

613 2243 707 2308 moto
722 2235 879 2306 exercitu
897 2233 1028 2307 reversi
1042 2234 1173 2306 suntin
1189 2234 1411 2308 Placentiam.
1426 2237 1469 2306 Et
1478 2244 1557 2329 post
1571 2255 1702 2330 paucos
1713 2233 1788 2307 dies
1801 2234 1852 2304 illi
1868 2232 1914 2306 de
1926 2231 2035 2305 Bardi

614 2380 695 2430 oum
724 2379 845 2430 eorum
863 2367 966 2448 gente
988 2378 1051 2451 par
1074 2356 1148 2428 vim
1173 2369 1342 2452 ceperunt
1360 2358 1582 2431 Calamellum
1602 2369 1637 2430 et
1655 2358 1769 2452 ipsum
1787 2357 1982 2430 iohannem
2001 2365 2039 2428 et

552 2533 553 2537 η
614 2480 704 2554 filios
718 2481 754 2552 in
770 2501 907 2553 carcere
925 2488 1117 2573 posuerunt
1135 2488 1170 2552 et
1184 2482 1311 2554 multos
1324 2481 1569 2553 interfecerunt
1580 2489 1616 2551 et
1629 2481 1745 2552 locum
1762 2480 2035 2552 combuxerunt.

664 2605 727 2677 Die
754 2603 873 2674 martis
899 2603 961 2674 llll
989 2603 1118 2676 mensis
1145 2603 1260 2675 martii
1285 2603 1322 2674 in
1349 2603 1488 2676 civitate
1508 2603 1623 2694 jurata
1650 2609 1684 2674 et
1710 2600 1845 2675 firmata
1873 2601 1938 2674 luit
1963 2623 2038 2696 pax

616 2735 757 2802 tractata
774 2747 836 2821 per
850 2726 976 2798 milites
996 2725 1102 2822 Papio
1123 2747 1204 2797 cum
1225 2727 1292 2798 illis
1317 2725 1362 2799 de
1379 2729 1469 2800 Ture
1485 2733 1521 2797 et
1535 2725 1712 2798 communi
1735 2725 1946 2814 Mediolani,
1970 2725 2039 2798 hoc

618 2847 753 2949 [modo]
771 2848 866 2942 quod
882 2849 1066 2943 Papienses
1089 2846 1217 2920 debent
1231 2849 1406 2944 expellere
1425 2871 1546 2922 omnes
1569 2851 1748 2922 intestatos
1772 2851 1818 2922 de
1835 2847 2037 2923 Mediolano

617 2997 699 3048 cum
715 2973 876 3046 omnibus
891 2993 1012 3044 eornm
1036 2972 1176 3045 familiis
1201 2971 1246 3044 de
1266 2973 1405 3045 civitate
1423 2982 1459 3046 et
1478 2973 1635 3046 districtu
1658 2972 1781 3068 Papie,
1799 2982 1834 3044 et
1851 2993 2040 3045 commune

617 3097 805 3174 Mediolani
831 3097 935 3169 debet
961 3094 1136 3168 destruere
1161 3097 1386 3190 Vegevallum
1410 3104 1445 3168 et
1465 3096 1629 3186 Pontem3
1656 3105 1692 3169 et
1715 3095 1783 3168 alia
1804 3096 1912 3168 multa
1934 3102 2039 3190 pacta

617 3223 709 3296 facta
726 3229 807 3292 sunt
823 3220 912 3290 inter
928 3239 999 3291 eos.

669 3345 754 3416 ltcm
776 3344 984 3434 juraverunt
1014 3361 1136 3436 pacem
1161 3362 1241 3413 cum
1266 3342 1443 3414 communi
1463 3342 1713 3434 vercellarum,
1732 3341 1799 3414 hoc
1816 3342 1922 3414 modo
1938 3340 2041 3436 quod

620 3468 769 3540 Iacobus
783 3467 931 3538 Tizonus
945 3475 980 3538 et
995 3466 1099 3536 trater
1113 3487 1183 3536 non
1201 3463 1306 3538 debet
1322 3465 1448 3538 intrare
1462 3465 1636 3538 civitatem
1652 3475 1688 3538 et
1704 3465 1940 3560 episcopatum
1950 3465 2040 3538 Ver·

621 3592 807 3678 cellarum,
833 3589 893 3662 alii
915 3588 976 3684 qui
1000 3598 1082 3660 sunt
1107 3609 1188 3660 cum
1215 3589 1417 3662 extrinsecis
1444 3589 1574 3662 debent
1595 3589 1722 3662 intrare
1745 3589 1985 3684 episcopatum
2007 3597 2043 3660 et

621 3733 690 3785 non
708 3713 901 3801 civitatem,
921 3709 1108 3804 gaudendo
1126 3733 1181 3783 res
1196 3733 1291 3803 suas,
1310 3720 1345 3785 et
1360 3712 1427 3784 alia
1442 3720 1543 3806 pacta
1558 3712 1644 3785 inita
1661 3720 1742 3784 sunt
1759 3713 1936 3784 intereos.
1955 3712 2042 3783 ltem

619 3840 824 3930 juraverunt
842 3834 967 3908 eodem
994 3833 1101 3907 modo
1127 3857 1208 3907 oum
1224 3835 1399 3907 communi
1417 3835 1590 3908 Novarien
1602 3837 1705 3925 tium,
1728 3845 1764 3908 et
1782 3835 1937 3908 Torellus
1952 3837 2043 3908 Tor-

622 3961 748 4032 niellus
770 3981 839 4031 non
856 3957 960 4030 debet
982 3957 1119 4051 ingredi
1142 3958 1317 4030 civitatem
1340 3979 1406 4030 neo
1422 3957 1632 4051 districtum,
1649 3959 1711 4030 alii
1727 3958 1878 4030 lorestati
1897 3979 1980 4028 cum
1993 3977 2041 4046 so

432 4103 464 4134 ⁰·
508 4101 581 4136 *0¹¹⁰-
622 4083 752 4156 debent
766 4083 892 4154 intrare
906 4080 1141 4176 episcopatum
1163 4078 1170 4177 Ι
1193 4135 1204 4172 ,
1225 4081 1412 4175 gaudendo
1427 4103 1483 4153 res
1499 4103 1598 4172 suas,
1613 4091 1649 4152 et
1660 4082 1728 4153 alia
1743 4090 1842 4175 pacta
1857 4090 1939 4153 sunt
1953 4081 2043 4154 inter

622 4229 693 4282 eos.
714 4210 797 4280 ltcm
811 4208 1018 4298 juraverunt
1038 4227 1159 4301 pacem
1178 4226 1258 4278 cum
1275 4206 1451 4280 communi
1473 4204 1614 4298 laude,
1634 4204 1696 4278 sod
1718 4227 1838 4278 eorum
1855 4206 2043 4278 forbanniti

621 4331 659 4402 in
683 4330 741 4400 illa
765 4350 851 4423 pace
878 4349 948 4400 non
972 4337 1053 4400 sunt
1077 4329 1258 4401 nominati.
1278 4331 1362 4403 ltem
1385 4333 1592 4423 juraverunt
1616 4349 1739 4425 paoem
1763 4351 1844 4402 cum
1865 4329 2043 4402 communi

621 4452 797 4545 Terdone,
815 4463 849 4525 et
862 4451 1028 4526 lliltaldus
1050 4454 1230 4527 Granonus
1247 4455 1356 4526 etalii
1374 4475 1444 4526 non
1468 4452 1597 4527 debent
1615 4454 1789 4527 civitatem
1808 4454 1957 4542 intrare,
1978 4451 2043 4526 sed

621 4576 774 4672 gaudere
787 4576 982 4649 dabentres
995 4598 1090 4669 suas,
1104 4592 1139 4650 et
1152 4577 1221 4650 alia
1233 4587 1336 4672 pacta
1354 4579 1513 4649 intereos
1527 4577 1615 4650 lacta
1629 4585 1722 4649 sunt.
1741 4579 1827 4650 ltem
1836 4579 2043 4669 juraverunt

620 4721 741 4796 paoem
770 4721 850 4772 cum
872 4699 1071 4774 marchione
1096 4700 1322 4775 Montislerati
1340 4709 1374 4774 et
1398 4709 1499 4797 pacta
1521 4699 1630 4773 multa
1653 4707 1735 4773 sunt
1752 4699 1841 4774 inter
1864 4720 1937 4773 eos.
1956 4700 2042 4772 ltem
