4554 6080
785 639 828 700 ΙΝ
852 638 992 700 tnnntn
1017 638 1168 702 onsntS.
1627 642 1688 704 ³35

266 769 364 842 bium
395 769 477 844 lecit
505 790 586 842 oum
612 768 754 842 domino
786 769 957 842 Baldnino
993 769 1142 844 condam
1173 770 1378 866 imperatore
1414 772 1599 844 Grecorum
1625 752 1687 868 qui

265 895 436 988 expulsus
460 903 514 987 est
535 913 598 988 per
623 891 753 965 dictum
775 893 988 988 Palialogum
1014 894 1058 966 de
1082 894 1392 989 Constantinopoli,
1412 903 1447 966 ct
1469 898 1544 967 vult
1572 896 1688 970 dictus

265 1017 414 1090 Karalus
432 1016 566 1090 dictum
585 1016 768 1111 imperium
790 1015 976 1090 Grecorum
1000 1040 1182 1116 occupare.
1207 1020 1315 1094 Unam
1344 1029 1459 1093 autam
1488 1019 1592 1093 filiam
1611 1024 1687 1116 ejus

266 1142 458 1214 naturalem
484 1140 569 1214 dare
593 1140 697 1214 debet
722 1162 850 1234 magno
873 1141 957 1214 Cani
986 1141 1184 1238 imperatori
1211 1143 1429 1217 Tartarorum
1454 1144 1515 1239 qui
1538 1153 1591 1217 est
1615 1145 1688 1216 iui-

266 1265 379 1336 micus
403 1265 496 1358 regis
513 1263 664 1359 Ungarie
685 1285 765 1337 cum
785 1285 857 1360 quo
879 1263 992 1338 dietus
1008 1265 1157 1338 Karulus
1181 1265 1336 1362 duplices
1358 1267 1564 1360 parentellas
1585 1266 1683 1359 lacit,

267 1387 364 1462 dedit
380 1396 415 1462 et
435 1387 580 1484 accepit.
599 1387 709 1461 Unam
725 1409 809 1461 vero
825 1397 962 1484 neptem
982 1411 1082 1462 suam
1101 1390 1185 1463 dare
1201 1387 1306 1463 debet
1318 1388 1432 1483 judici
1448 1387 1599 1462 Arbores
1614 1391 1686 1462 ini-

267 1513 357 1585 mico
379 1512 463 1586 dicti
484 1513 576 1608 regis
593 1511 709 1586 Karoli
726 1512 810 1608 quia
828 1512 976 1586 intendit
992 1513 1060 1586 eibi
1087 1514 1236 1586 aufferre
1255 1513 1449 1607 judicatum
1475 1513 1626 1587 Arboree
1648 1515 1685 1586 in

267 1635 437 1710 Sardenia
460 1644 496 1710 et
519 1636 603 1730 qnia
629 1645 682 1708 eet
702 1657 852 1730 maguus
871 1645 906 1708 et
932 1645 1053 1732 potens
1077 1637 1114 1708 in
1139 1637 1278 1710 civitate
1298 1637 1400 1708 Pisis.
1426 1637 1579 1710 Marchio
1602 1659 1686 1710 vero

266 1759 492 1834 Montislerati
506 1781 588 1832 cum
610 1755 681 1833 filia
698 1781 762 1832 sua
783 1757 932 1833 intendit
949 1759 995 1832 ad
1016 1781 1157 1854 presens
1181 1769 1214 1831 et
1246 1759 1326 1830 lacit
1354 1769 1557 1854 apparatum
1579 1781 1685 1855 quem

266 1893 379 1980 potest
398 1884 507 1956 eundi
527 1882 574 1958 ad
596 1883 729 1956 curium
746 1883 840 1978 regis
861 1883 1003 1958 Castelle
1028 1883 1074 1959 ad
1091 1883 1338 1980 copnllandum
1361 1882 1494 1956 dictum
1510 1885 1685 1956 matrimo·
1812 1909 1815 1916 ·

266 2007 363 2078 nium
374 2017 409 2079 et
422 2006 469 2080 ad
480 2006 721 2102 accipiendum
734 2027 881 2080 uxorem
895 2029 1007 2100 auam,
1020 2017 1054 2081 et
1065 2005 1339 2081 lohanneslilius
1350 2007 1434 2080 dicti
1446 2005 1577 2079 domini
1594 2007 1685 2102 regis

266 2141 439 2222 cognatus
453 2130 773 2226 ejusdabetvenire
790 2153 853 2228 pro
866 2132 1046 2228 capitaneo
1060 2131 1232 2206 dictorum
1248 2131 1396 2204 militum
1414 2130 1451 2202 in
1464 2131 1681 2204 lombardie.

265 2255 396 2329 Eodem
417 2265 572 2352 tempore
588 2276 704 2330 onmes
720 2255 908 2348 Aurigetus
929 2256 974 2330 da
995 2257 1177 2352 Sparoeria
1191 2257 1280 2330 civis
1295 2255 1399 2350 Papia
1424 2277 1489 2351 pro
1510 2255 1684 2328 communi

265 2379 370 2474 Papie
400 2379 465 2450 ivit
491 2379 528 2452 iu
555 2379 771 2454 Alamaniam
802 2379 849 2454 ad
878 2381 1063 2454 ortandum
1093 2380 1201 2454 etad
1230 2378 1463 2452 cellarendnm
1495 2377 1683 2452 adventum

266 2501 398 2574 domini
415 2501 588 2576 Frederici
607 2503 702 2576 tercii
724 2504 815 2599 regis
835 2504 971 2578 Scioilie
991 2513 1025 2578 et
1043 2503 1331 2578 'theutonicorum
1351 2503 1413 2598 qui
1431 2503 1571 2575 cottidie
1590 2526 1684 2598 pres·

266 2626 427 2698 tollantur
454 2624 529 2724 (l),
555 2635 591 2700 et
614 2625 771 2722 predicta
796 2628 913 2701 omnia
940 2635 1017 2702 acta
1042 2637 1124 2700 suut
1143 2635 1178 2699 et
1200 2617 1343 2700 tractata
1365 2648 1427 2723 per
1450 2627 1684 2700 marchionem

265 2745 491 2821 lllontislerati
517 2747 562 2822 de
577 2749 755 2822 voluntate
774 2745 905 2824 domiui
926 2751 1062 2824 llicardi
1080 2750 1126 2823 de
1145 2749 1352 2822 Anibalibus
1372 2759 1406 2822 et
1429 2748 1561 2823 domini
1578 2751 1685 2822 Octa·

263 2871 361 2944 viani
371 2874 532 2946 etOberti
543 2871 588 2947 de
598 2871 782 2946 Coconaria
795 2871 846 2970 (a)
856 2882 890 2946 et
907 2874 1053 2946 aliorum
1069 2871 1298 2946 cardinalium
1313 2874 1626 2947 Ecclesiellomane
1638 2872 1685 2946 ad

264 3020 415 3094 qnorum
441 2999 573 3072 curiam
600 2997 715 3072 dietus
733 2997 886 3073 marchio
909 2999 954 3074 da
975 3020 1094 3072 manse
1108 2997 1215 3072 madii
1241 2999 1407 3094 perrexit.
1434 2999 1576 3072 Factum
1601 3019 1685 3074 varo

264 3122 439 3194 adventus
470 3121 759 3196 Theotouioorum
791 3129 826 3194 et
856 3121 988 3195 domiui
1021 3123 1114 3218 regis
1150 3121 1296 3194 Castella
1325 3122 1386 3216 qui
1418 3121 1465 3194 ad
1503 3122 1684 3218 imperium

264 3245 375 3339 spirat
390 3267 498 3318 unum
518 3267 589 3320 non
611 3245 816 3319 contradicit
831 3246 927 3320 alteri
948 3273 957 3319 ε
979 3267 1072 3318 unua
1096 3265 1180 3318 vero
1206 3245 1304 3318 venit
1326 3267 1389 3340 pro
1413 3245 1570 3340 imperio,
1599 3245 1685 3317 alter

263 3387 349 3440 uero
365 3387 428 3464 pro
444 3367 703 3463 recuperatione
714 3368 815 3462 regni
830 3369 884 3441 sni
898 3367 1049 3460 Scioilie;
1067 3379 1180 3440 tamen
1197 3369 1376 3460 ignoratur
1394 3367 1440 3441 ad
1458 3391 1564 3463 quem
1578 3367 1683 3439 linem

264 3489 422 3586 predicta
437 3491 592 3564 veniant.

314 3615 365 3687 De
381 3635 499 3688 mense
515 3635 599 3689 vero
616 3614 756 3710 augusti
774 3635 839 3687 rex
854 3613 999 3686 Karclus
1020 3613 1113 3687 misit
1137 3613 1172 3684 in
1189 3613 1431 3687 lombardiam
1457 3615 1492 3684 iu
1512 3613 1691 3714 auxilium·

264 3759 368 3810 suum
384 3747 419 3810 et
436 3737 706 3811 Lombnrdcrum
726 3739 755 3809 D
771 3738 896 3810 milites
919 3759 999 3810 cum
1022 3736 1161 3812 duobus
1179 3735 1279 3832 equis
1303 3745 1338 3808 et
1358 3737 1383 3808 C
1401 3737 1622 3809 ballistrerius
1637 3736 1682 3809 ad

264 3881 394 3956 equum
409 3861 456 3934 ad
473 3861 589 3934 soldos
607 3871 723 3934 tamen
742 3858 1014 3934 lombardorum
1033 3881 1113 3932 cum
1137 3881 1208 3933 nno
1226 3881 1291 3932 suo
1305 3859 1437 3932 vicario
1459 3859 1599 3932 nomina
1617 3861 1684 3932 lo-

264 3983 380 4056 hanne
395 3983 442 4056 de
455 3983 595 4057 Claridi.
610 3985 661 4055 De
678 4003 797 4056 mense
812 4003 896 4055 vero
916 3983 1056 4078 augusti
1075 3983 1310 4055 Bononiensea
1325 4005 1405 4054 cum
1422 3985 1557 4055 carocio
1575 3984 1681 4056 hosti-

264 4105 343 4178 liter
360 4107 501 4178 iverunt
523 4115 770 4202 superterram
791 4105 1039 4177 Mutinensium
1054 4107 1100 4178 ad
1119 4105 1276 4176 Castrum
1295 4105 1483 4191 Franoum‚
1506 4115 1682 4201 propterea

223 4241 227 4250 '
263 4229 361 4322 quod
380 4230 593 4304 Mutinensee
612 4229 733 4302 uolunt
754 4227 971 4301 introducere
989 4229 1167 4302 lorostatos
1184 4251 1303 4301 eorum
1325 4224 1332 4324 Ι
1354 4227 1390 4298 in
1411 4228 1583 4300 civitatem
1605 4229 1683 4300 Mu·
1709 4245 1759 4292 1²01.
1767 4247 1793 4290 τι
1803 4257 1879 4290 rme·

264 4352 353 4443 tine,
381 4351 473 4424 siout
498 4352 731 4448 promiserunt
748 4351 1022 4424 Bononiensibus
1051 4353 1175 4446 stipsi
1202 4350 1435 4422 Bononiensee
1453 4359 1611 4421 tenentur
1636 4371 1683 4422 ox
1816 4395 1819 4402 ·

305 4533 349 4615 (a)
372 4535 454 4596 Alibi
466 4543 591 4596 uocatur
604 4533 639 4595 de
661 4533 814 4598 Geraesto.

300 4729 337 4803 (l)
357 4729 395 4788 Ca
406 4729 455 4788 leit
468 4737 510 4790 eet
522 4731 650 4806 rapportd
661 4731 728 4789 dans
741 4730 768 4788 la
780 4730 928 4804 chronique
940 4729 1103 4788 manuscrite
1117 4730 1151 4786 de
1162 4729 1246 4787 Βοεεὶ.
1258 4730 1327 4806 Voy.
1343 4733 1419 4788 notra
1432 4727 1559 4804 prelata,
1572 4745 1601 4803 p.
1609 4744 1679 4788 xnrr.
