4594 6066
871 672 912 732 ΙΝ
934 669 1074 732 lebld
1099 668 1250 732 GESTiS.
1710 664 1767 727 151

351 827 462 904 parva
485 807 589 881 turba
617 806 760 896 exiens,
794 805 841 881 od
869 805 974 880 maris
999 807 1100 877 litora
1122 803 1293 901 pervenit.
1325 800 1458 874 Deinde
1491 821 1632 872 cursum
1667 801 1771 872 navi·

355 933 474 1028 gando
498 955 562 1029 per
579 931 665 1006 Padi
687 930 802 1004 undas
817 933 977 1005 Loretum
984 929 1141 1004 »direxit
1159 929 1282 1023 Ibique
1293 948 1430 1000 moram
1449 925 1578 1000 iaciens
1593 945 1674 996 cum
1691 945 1772 996 am-

352 1057 582 1130 baxatoribus
605 1055 750 1129 Venetia
779 1056 845 1128 fuit
875 1057 1029 1146 locutus,
1057 1053 1179 1127 dicens
1205 1062 1241 1124 et
1274 1071 1470 1146 proponens
1493 1070 1531 1122 se
1560 1049 1650 1122 valle
1676 1047 1768 1121 beati

352 1179 485 1254 idarohi
508 1179 630 1252 limina
652 1179 811 1270 visitare,
830 1179 1009 1275 postulans
1026 1188 1066 1250 ut
1084 1178 1200 1272 ipsum
1223 1177 1260 1247 iu
1285 1175 1459 1249 ciuitatem
1477 1194 1648 1246 cumana
1669 1172 1771 1246 turha

353 1305 508 1400 recipere
523 1303 706 1378 deberent.
724 1303 810 1376 Cum
826 1313 942 1376 autem
959 1302 1202 1396 cognovissent
1217 1300 1372 1374 Venetici
1393 1300 1509 1394 ipsum
1527 1299 1618 1370 velie
1633 1299 1772 1372 oracula

353 1428 446 1502 beati
469 1427 601 1500 biarcbi
632 1428 795 1519 visitare,
819 1427 1072 1500 communicato
1101 1426 1244 1499 oonsilio
1272 1424 1318 1498 ad
1342 1421 1502 1496 mmdom
1529 1429 1773 1494 concesserunt

354 1550 521 1624 accedere
539 1551 716 1624 civitatem
740 1570 873 1622 moram
895 1549 945 1622 ibi
967 1549 1098 1622 faciens
1112 1546 1162 1645 (a)
1181 1570 1243 1644 per
1257 1547 1413 1643 quinque
1430 1545 1517 1618 dies.
1542 1545 1637 1618 Dixit
1659 1545 1773 1617 Vene-

355 1675 431 1750 ticia
454 1697 494 1748 se
518 1675 609 1748 velie
637 1677 687 1748 eis
705 1674 909 1749 donationes
929 1675 1042 1748 facere
1058 1683 1094 1748 et
1116 1693 1344 1769 quascunque
1364 1671 1493 1746 veilent
1513 1671 1703 1766 peticiones
1727 1669 1773 1742 ab

354 1821 397 1874 eo
419 1801 551 1890 iacere,
576 1797 784 1894 acciperent.
819 1797 973 1872 Venetici
1001 1806 1117 1871 nomm
1147 1806 1336 1872 convocato
1360 1797 1502 1870 consilio
1526 1795 1774 1890 respondentes

355 1925 522 1999 dixerunt
551 1923 779 2020 imperatori:
805 1924 1009 2014 «Domine,
1038 1923 1069 1994 si
1097 1923 1165 1996 alia
1182 1933 1280 2018 parte
1306 1922 1428 1994 essetis
1456 1919 1632 1993 credimus
1652 1919 1774 2012 utique

356 2049 458 2122 nobis
474 2049 594 2122 utilius
616 2051 689 2123 iore
704 2047 801 2144 quod
814 2045 1032 2144 sponderetis
1049 2043 1109 2142 (b),
1130 2065 1175 2118 ne
1191 2044 1309 2140 aliquo
1324 2054 1478 2140 tompore
1494 2053 1609 2139 posset
1622 2044 1694 2116 dici
1711 2063 1775 2116 vos

355 2173 446 2246 illud
467 2183 563 2244 metu
587 2173 721 2245 seciam.
745 2196 763 2239 ι
783 2172 862 2266 lpse
876 2181 993 2244 aotam
1012 2170 1103 2244 dixit
1122 2171 1173 2243 eis
1190 2191 1229 2242 se
1244 2171 1333 2243 veile
1355 2170 1406 2242 eis
1426 2167 1630 2242 donationes
1646 2169 1771 2241 iacere.

356 2291 403 2364 At
420 2294 470 2364 itti
493 2297 668 2388 petierunt
689 2294 843 2368 dicentes
860 2319 870 2364 ι
890 2319 908 2362 o
930 2293 1076 2366 Domine
1095 2293 1293 2389 imperator,
1312 2295 1361 2367 ita
1380 2295 1543 2366 volumus
1569 2302 1605 2366 et
1625 2291 1775 2386 petimus

356 2437 378 2488 a
399 2418 577 2511 majestate
594 2425 709 2492 vestra
731 2417 832 2492 nobis
849 2414 1062 2505 condonari,
1087 2425 1126 2488 ut
1149 2415 1251 2489 nobis
1277 2416 1379 2490 liceat
1403 2437 1512 2510 aeque
1539 2417 1609 2488 ulia
1643 2415 1774 2488 lesione

357 2550 492 2614 nostras
505 2542 708 2637 recolligere
725 2561 869 2632 meroes,
890 2540 921 2612 si
940 2540 1057 2636 aliquo
1074 2549 1227 2635 tempure
1242 2539 1405 2612 acciderit
1416 2537 1680 2634 quodaliquod
1693 2559 1776 2612 nus·

357 2675 449 2738 uum
461 2665 596 2760 lignum
611 2665 648 2738 in
661 2663 786 2738 vestris
800 2663 899 2736 torris
913 2665 1129 2758 frangeretur
1145 2666 1190 2760 (c)
1203 2689 1237 2756 »3
1250 2663 1348 2758 quod
1364 2662 1507 2757 quidem
1524 2663 1575 2735 eis
1591 2662 1772 2736 concessit.

356 2787 400 2860 Et
415 2787 460 2862 de
477 2787 600 2862 eadem
620 2788 761 2862 civitate
779 2787 902 2860 exiens
924 2807 986 2882 per
1003 2788 1108 2860 maris
1129 2786 1244 2860 undas
1260 2785 1460 2881 navigando
1477 2786 1696 2881 Aqniiegiam
1715 2807 1775 2858 ac·

358 2912 482 2986 cedere
495 2913 674 2986 festinavit
689 2933 770 2984 cum
789 2909 1007 3008 principibus
1023 2911 1202 2984 Alamanie
1215 2913 1404 2983 locuturus.

407 3036 446 3107 ln
465 3037 627 3132 proximo
659 3055 780 3108 mense
800 3033 935 3130 aprilis,
955 3053 1021 3106 rex
1045 3033 1213 3106 Henricns
1241 3031 1336 3106 filins
1363 3033 1440 3124 ejm
1463 3053 1543 3105 cnm
1567 3035 1772 3126 comitibus,

359 3160 576 3257 principibus
597 3169 633 3234 et
653 3159 739 3232 viris
761 3158 937 3232 nobilibus
960 3157 1140 3231 Alamanie
1163 3165 1243 3230 ante
1266 3157 1479 3250 presenciam
1507 3156 1641 3230 domini
1665 3159 1780 3254 impe·

359 3285 480 3357 ratoris
504 3293 737 3359 accesserunt.
765 3282 833 3368 Qui
856 3303 976 3355 omnes
996 3281 1127 3356 ibidem
1150 3301 1214 3354 sua
1233 3280 1439 3372 juraverunt
1455 3291 1632 3376 precepta,
1660 3281 1782 3355 dando

359 3407 410 3480 eis
429 3407 465 3478 in
487 3407 660 3480 mandatis
679 3417 714 3479 et
734 3405 888 3479 districte
911 3405 1104 3500 precipiens
1126 3413 1167 3476 nt
1187 3404 1334 3499 quilibet
1347 3423 1467 3478 eorum
1486 3425 1566 3478 oum
1587 3405 1692 3479 torcia
1709 3405 1780 3477 mi-

361 3531 458 3604 titom
483 3499 539 3606 adx
554 3541 669 3626 partes
692 3529 900 3606 Lombardie
925 3551 1038 3624 usqua
1061 3529 1105 3603 ad
1130 3526 1296 3602 kalendas
1317 3528 1437 3608 marcii
1459 3526 1511 3624 (d)
1534 3527 1700 3602 accedere
1718 3529 1782 3602 de·

360 3654 469 3728 beret.
501 3655 579 3740 Quo
607 3657 698 3728 iacto
727 3655 914 3750 imperator
948 3654 1038 3726 inter
1068 3673 1128 3727 eos
1165 3650 1444 3726 distributionem
1473 3651 1550 3724 auri
1577 3661 1612 3725 et
1643 3652 1778 3746 argenti

359 3779 452 3852 iecit.
477 3779 665 3874 imperator
687 3787 805 3852 autem
830 3799 955 3852 navem
981 3777 1137 3870 intravit;
1159 3776 1224 3850 iter
1239 3775 1284 3874 (e)
1302 3795 1444 3872 qnoque
1466 3797 1569 3849 snum
1591 3775 1639 3850 ad
1663 3785 1781 3873 partes

360 3901 488 3997 Apulia
505 3923 569 3998 por
588 3901 694 3974 maris
716 3901 830 3975 undas
847 3901 1034 3976 festinavit.

408 4025 721 4120 nummuli,
742 4025 932 4100 indictione
947 4025 1026 4116 v11,
1045 4046 1110 4099 rex
1131 4023 1300 4098 Henricus
1322 4023 1414 4096 iiiios
1431 4023 1646 4119 imperatoris
1674 4045 1779 4097 cons·

361 4149 441 4223 cilio
455 4141 689 4246 quorumdam
702 4149 898 4246 principum
914 4149 1096 4224 Alamanie
1112 4170 1221 4244 aeque
1238 4169 1409 4222 consensu
1425 4157 1460 4222 et
1477 4147 1655 4222 voluntate
1671 4148 1780 4244 patris

402 4361 445 4444 (ιι)
465 4365 502 4426 ln
515 4361 760 4446 mdioesatt'crrtc.

402 4467 445 4550 (b)
466 4469 503 4530 In
520 4469 622 4532 codice
635 4467 872 4550 rporpcnderctir.

401 4575 441 4656 (c)
466 4577 502 4638 In
515 4577 616 4638 codice
620 4575 791 4660 frangeret.

403 4683 447 4764 (d)
468 4685 505 4748 In
517 4685 619 4748 cadim
629 4687 747 4749 mmm.

403 4789 441 4870 (c)
468 4793 504 4853 ln
523 4793 625 4854 ondttm
635 4793 716 4854 tam.
