4534 6074
599 624 640 685 52
1023 623 1259 686 GllllOlllCllN
1287 626 1589 688 PLllCENTlNllld.

398 765 561 812 renem.
599 761 700 832 bores
716 771 900 855 quoerant
924 764 960 833 in
977 765 1052 855 ejus
1071 763 1167 836 curia
1184 771 1217 834 et
1234 761 1270 834 in
1290 761 1357 834 illis
1380 761 1385 860 Ι
1408 763 1576 858 partibus.
1587 764 1649 836 Die
1666 763 1838 842 dominica
1855 773 2023 868 proxima

599 893 749 956 castrum
764 887 897 980 Nigrini
909 895 944 960 et
959 896 1087 959 turrem
1104 887 1319 960 fortissimam
1339 895 1444 981 atque
1461 887 1649 960 caminatas
1676 912 1745 984 que
1772 893 1808 962 in
1831 893 1891 968 illo
1918 911 2021 970 erant

598 1018 723 1097 castro,
742 1011 822 1082 licet
840 1010 927 1083 illud
943 1022 1091 1083 castrum
1119 1011 1153 1081 iu
1182 1010 1404 1105 expeditione
1425 1011 1589 1084 Bosonasi
1606 1021 1641 1084 ct
1658 1013 1875 1090 llovorscalle
1895 1018 2012 1092 luisset

598 1137 735 1227 captum
755 1141 869 1206 tamen
897 1155 966 1206 non
985 1134 1049 1204 luit
1068 1132 1296 1223 destructum,
1323 1144 1449 1204 turrem
1475 1143 1510 1206 ct
1537 1133 1744 1228 caminatas,
1776 1137 1884 1232 ipsius
1911 1141 2010 1214 castri

596 1277 734 1328 murum
753 1257 919 1329 radicitus
938 1255 1184 1330 destruxerunt
1210 1265 1244 1328 et
1267 1253 1537 1347 derocaverunt,
1555 1268 1645 1330 elea
1661 1257 1889 1335 diesimiliter
1906 1285 2011 1360 cepe-

595 1389 675 1450 runt
693 1390 728 1451 et
747 1380 993 1454 destruxerunt
1009 1390 1157 1452 castrum
1175 1381 1300 1452 lllontis
1316 1377 1453 1452 Antonis
1473 1379 1518 1476 (.)
1535 1407 1545 1451 r
1562 1382 1657 1475 quod
1676 1395 1828 1458 castrum
1845 1397 1918 1459 erat
1944 1411 2009 1458 un·

594 1501 702 1596 dique
717 1513 891 1576 muratum
914 1513 948 1577 et
973 1513 1065 1576 turre
1088 1503 1260 1574 munitum
1287 1501 1424 1596 penitus
1451 1503 1515 1573 luit
1541 1503 1753 1576 destructum
1782 1519 1818 1580 et
1845 1510 2009 1582 combus-

594 1637 668 1698 tum
698 1637 733 1698 et
764 1637 981 1721 guastatum,
1002 1637 1036 1700 et
1061 1636 1211 1700 castrum
1235 1625 1385 1719 lugolini
1412 1625 1509 1720 quod
1530 1627 1595 1697 suit
1623 1625 1845 1717 derelictum,
1867 1643 1902 1703 et
1928 1633 2008 1706 villa

593 1771 663 1846 que
680 1759 752 1822 erat
776 1752 812 1821 in
843 1753 934 1823 valle
961 1751 1067 1823 Versa
1092 1758 1172 1822 ante
1201 1747 1287 1820 illud
1308 1759 1458 1820 casuum
1487 1749 1552 1820 fuit
1577 1750 1756 1823 combusta
1782 1761 1816 1824 et
1841 1775 1931 1826 arsa.

640 1874 705 1946 Die
729 1895 814 1947 vero
831 1874 914 1946 lune
933 1874 1093 1970 proximo
1118 1873 1300 1961 veniente,
1323 1893 1385 1966 per
1412 1873 1537 1944 vallem
1560 1873 1667 1944 Verse
1686 1875 1786 1946 villas
1811 1887 1845 1948 et
1865 1876 2003 1964 domos,

591 2007 724 2092 segetes
754 2008 788 2070 et
810 1999 950 2070 arbores
976 2019 1038 2092 per
1060 1997 1170 2091 ipsam
1195 1995 1319 2067 vallem
1345 1995 1427 2086 igne
1452 2005 1693 2066 cremaverunt
1709 2005 1743 2068 et
1760 1997 2008 2074 destruxerunt

590 2133 625 2194 et
654 2143 696 2194 ea
720 2121 778 2193 die
805 2143 913 2217 prope
942 2120 1113 2216 hospitale
1137 2119 1181 2192 de
1203 2119 1311 2190 Versa
1333 2139 1396 2188 sua
1420 2139 1565 2212 posuere
1596 2119 1795 2214 temptoria3
1825 2131 1860 2193 et
1884 2143 1925 2194 ea
1947 2123 2006 2198 die

590 2247 678 2317 inter
692 2255 831 2316 stratam
845 2247 1009 2317 Romeam
1024 2253 1059 2316 et
1074 2241 1206 2314 Padum
1225 2241 1433 2335 equitantes,
1450 2242 1549 2312 villas
1562 2251 1596 2314 et
1614 2242 1738 2315 domos
1752 2266 1840 2338 quas
1856 2246 2006 2321 iuvene-

588 2379 669 2441 runt
686 2369 858 2461 usquead
874 2379 1010 2462 portum
1029 2367 1224 2461 Pioglosum
1242 2365 1488 2436 combuserunt
1504 2379 1539 2437 et
1558 2363 1817 2440 destruxerunt.
1832 2371 1896 2442 Die
1915 2393 2005 2443 mar·

589 2495 631 2565 tis
650 2493 807 2586 sequenti
825 2491 1097 2564 Mediolanenses
1115 2498 1150 2562 et
1174 2488 1380 2576 Placentini,
1397 2487 1523 2560 milites
1549 2499 1583 2562 et
1604 2489 1755 2584 pedites,
1774 2493 1942 2585 sagittarii
1971 2507 2006 2570 et

587 2616 775 2706 balestarii,
788 2615 909 2687 armati
928 2613 974 2687 ad
992 2615 1141 2708 burgum
1157 2615 1292 2685 Bronne
1308 2614 1561 2707 equitaverunt.
1572 2613 1663 2686 lllud
1676 2613 1820 2708 quidem
1839 2629 2006 2712 oeperunt

587 2751 622 2813 et
639 2741 903 2827 combuserunt,
920 2738 1151 2810 villasautem
1181 2747 1215 2809 et
1242 2737 1363 2810 domos
1388 2759 1457 2832 que
1487 2745 1584 2808 extra
1615 2737 1703 2810 illud
1731 2737 1880 2832 burgum
1908 2753 2004 2814 erant

586 2863 668 2954 igne
683 2870 989 2933 consumaveruut.
1009 2861 1047 2930 ln
1063 2859 1178 2932 reditu
1195 2881 1277 2931 vero
1295 2861 1396 2932 uillas
1419 2881 1490 2955 que
1505 2868 1602 2933 eraut
1619 2859 1655 2930 iu
1678 2859 1775 2934 ouria
1793 2863 1920 2936 Montis
1943 2865 2003 2938 Ca·

586 2985 649 3057 lini
666 2993 700 3055 et
714 2985 829 3056 villam
846 2984 890 3056 de
907 2983 1085 3055 Stradellis
1101 2984 1358 3057 combuserunt.

635 3109 699 3180 Die
715 3109 875 3180 mercurii
895 3109 1057 3203 proximo
1073 3129 1165 3180 nono
1180 3109 1270 3200 junii
1287 3107 1316 3204 (l
1327 3109 1352 3204 l,
1373 3107 1647 3181 Mediolanenses
1660 3117 1695 3180 et
1711 3110 1898 3182 Placentini
1913 3112 2003 3186 circa

586 3245 736 3307 castrum
758 3234 871 3306 Arene
888 3255 951 3306 sua
968 3233 1076 3306 fixere
1099 3235 1245 3306 tentoria
1265 3260 1273 3303 :
1294 3235 1389 3329 quod
1405 3245 1555 3307 castrum
1573 3235 1698 3307 fossato
1713 3257 1841 3330 magno
1859 3247 1894 3309 et
1908 3262 2000 3334 aqua

585 3359 689 3456 pleno
708 3357 824 3453 spadis
837 3355 887 3452 (a)
903 3356 1097 3429 fortissimis
1114 3368 1187 3429 erat
1207 3359 1390 3431 munitum.
1411 3359 1514 3445 Quod
1531 3367 1680 3432 castrum
1703 3382 1784 3431 cum
1809 3373 1886 3434 octo
1912 3364 2003 3437 iuter

585 3504 775 3575 manganes
803 3493 838 3553 et
866 3479 1043 3576 predarias
1079 3491 1388 3576 expugnaverunt,
1410 3492 1445 3554 et
1479 3491 1777 3576 manganaveruut
1813 3483 1940 3556 milites
1968 3496 2002 3558 et

585 3607 718 3701 pedites
744 3606 849 3700 Papie
883 3605 944 3699 qui
975 3605 1114 3701 inipso
1150 3615 1259 3678 castro
1292 3605 1517 3677 intraverunt.
1547 3607 1789 3678 Permaueutes
1815 3617 1931 3679 autem
1964 3609 2000 3680 in

584 3729 764 3803 obsidione
792 3729 900 3824 ipsius
919 3730 1038 3822 castri,
1065 3731 1214 3824 burgum
1232 3729 1332 3802 Porte
1354 3729 1480 3802 Albaue
1507 3739 1689 3824 ceperunt3
1715 3728 1837 3802 domos
1854 3731 2001 3825 quidem

584 3853 735 3924 munitas
757 3861 792 3922 et
810 3863 953 3946 cupatas
970 3862 1004 3923 et
1021 3853 1145 3924 solaria
1162 3875 1288 3948 magna
1304 3877 1324 3925 a
1341 3853 1566 3926 fundamento
1589 3853 1728 3948 penitus
1751 3851 2001 3927 destruxerunt

584 3987 618 4049 et
639 3975 819 4048 diruerunt
841 3986 876 4048 et
900 3976 1157 4048 combuserunt.
1174 3976 1298 4048 Villam
1322 3999 1392 4071 que
1418 3986 1471 4048 est
1498 3977 1650 4072 desuper
1674 3976 1810 4047 Portam
1834 3974 1999 4050 Albanam

584 4099 674 4172 circa
690 4099 867 4170 castellum
884 4099 984 4172 Porte
1001 4098 1127 4173 Albare
1140 4101 1221 4195 igne
1242 4109 1502 4191 cremaveruut;
1530 4111 1664 4192 segetes
1680 4109 1715 4172 et
1735 4099 1855 4172 vineas
1881 4111 1917 4172 et
1941 4123 1997 4174 ar-

582 4223 683 4296 bores
709 4223 844 4294 illorum
881 4223 1034 4294 locorum
1059 4223 1307 4296 destruxerunt
1336 4236 1371 4298 et
1406 4223 1614 4298 inciderunt.
1641 4225 1679 4295 ln
1711 4221 1866 4320 predicta
1900 4223 1996 4296 obsi·

625 4411 667 4494 (a)
688 4412 738 4475 Stc
750 4429 804 4492 pro
817 4407 936 4492 spatulis.

619 4741 654 4818 (l)
674 4743 710 4802 Le
723 4747 739 4799 9
750 4742 809 4817 juin
822 4741 887 4800 dtait
898 4761 933 4800 un
944 4743 1018 4818 jeudi
1033 4759 1066 4801 en
1082 4747 1162 4804 tato.
