4594 6066
625 665 687 728 2⁰2
801 623 803 627 ,
1101 667 1337 732 cflaourcou
1363 669 1410 728 ou
1434 665 1564 729 ausos

625 807 840 894 ramentum
871 801 1121 897 postmodum
1151 825 1272 901 pacem
1303 813 1338 876 et
1361 805 1555 895 juramenta
1586 799 1787 895 hujusmodi
1817 819 2034 902 nequaquam

625 924 833 998 erubescens
854 925 978 1000 irretiri
997 925 1047 1023 (a)
1067 927 1245 1024 perjuriis,
1273 947 1343 1000 uon
1366 924 1533 1000 servavit.
1552 925 1742 999 Nonnullos
1764 927 1859 1001 euim
1883 949 1931 1002 ex
1955 929 2034 1026 ipsis

624 1046 827 1120 hominibus
839 1057 909 1122 tam
929 1049 1062 1125 nobiles
1078 1073 1184 1148 quam
1200 1051 1285 1125 alios
1302 1050 1468 1146 captivari
1486 1069 1529 1124 uo
1544 1049 1815 1126 terrasllcolesie
1831 1061 1950 1126 contra
1963 1043 2035 1150 pro

624 1171 824 1246 missionem
845 1195 951 1270 quam
975 1173 1108 1250 eisdem
1131 1177 1162 1250 l.
1182 1173 1364 1250 Sabinensi
1385 1173 1548 1270 episcopo
1570 1182 1606 1248 et
1632 1175 1675 1246 Τ.
1693 1174 1862 1249 cardinali
1890 1175 2032 1270 fecerat,

623 1293 851 1370 irreverenter
867 1297 1007 1392 invasit,
1026 1299 1105 1373 licet
1118 1299 1186 1396 ipsi
1203 1307 1346 1372 extunc
1361 1299 1398 1370 in
1415 1318 1496 1371 eum
1512 1307 1706 1393 presentem
1725 1299 1755 1370 si
1772 1308 1892 1372 contra
1904 1301 2036 1375 ueniret

623 1419 991 1496 excommunicationis
1018 1422 1223 1498 sententiam
1247 1423 1516 1519 promulgarent.
1542 1421 1689 1494 Etcum
1718 1421 1826 1497 iidem
1851 1425 2035 1519 apostolica

622 1542 689 1616 sibi
703 1544 906 1618 auctoritate
923 1539 1134 1646 [commissa]
1150 1545 1371 1620 mandassent
1391 1555 1429 1617 ut
1446 1565 1513 1619 nec
1536 1565 1597 1640 per
1624 1565 1663 1618 se
1680 1567 1745 1620 nec
1760 1569 1823 1643 per
1841 1547 1949 1620 alium
1971 1547 2035 1621 im·

624 1665 760 1763 pediret
783 1668 867 1763 quin
894 1670 1159 1766 postulationes,
1185 1669 1370 1744 electiones
1396 1677 1432 1742 et
1454 1666 1734 1744 confirmationes
1762 1670 1987 1744 ecclesiarum
2002 1682 2035 1744 et

622 1793 905 1867 monasteriorum
922 1795 958 1866 in
974 1815 1082 1890 regno
1099 1793 1230 1891 prefato
1244 1794 1351 1868 libere
1366 1792 1411 1867 de
1426 1802 1539 1867 cetero
1557 1791 1683 1868 flerent
1697 1793 1893 1868 secundum
1910 1803 2032 1869 statuta

622 1915 757 1988 concilii
775 1917 946 2011 generalis
962 1927 997 1990 et
1010 1916 1107 2012 quod
1124 1917 1241 1990 nullus
1259 1915 1422 2012 deinceps
1437 1917 1473 1988 in
1491 1915 1615 1990 eodem
1630 1937 1737 2011 regno
1754 1917 1839 1991 viris
1853 1917 2035 1992 ecclesias-

620 2037 697 2110 ticis
718 2061 760 2112 ac
774 2038 878 2112 rebus
899 2061 1018 2114 eorum
1036 2041 1228 2137 imponeret
1248 2041 1347 2114 talias
1365 2040 1421 2114 vel
1444 2040 1624 2134 collectas,
1645 2039 1813 2136 quodque
1828 2039 1950 2114 nullus
1965 2041 2032 2114 cle·

620 2159 713 2233 ricus
741 2161 873 2235 ibidem
897 2164 952 2236 vel
977 2183 1122 2260 persona
1147 2163 1378 2238 ecclesiastica
1403 2160 1449 2236 de
1467 2169 1581 2237 cetero
1604 2161 1642 2235 iu
1667 2161 1762 2235 civili
1791 2163 1849 2236 vel
1865 2161 2030 2238 criminali

619 2303 725 2358 causa
743 2287 984 2359 conveniretur
998 2307 1113 2360 coram
1133 2285 1252 2380 judice
1269 2287 1415 2360 seculari
1437 2285 1505 2360 nisi
1527 2305 1633 2383 super
1652 2283 1764 2360 feodis
1785 2285 1924 2381 questio
1948 2287 2032 2362 ciri·

619 2406 697 2481 liter
714 2407 918 2497 haberetur,
937 2431 978 2482 ac
991 2410 1193 2506 Templariis
1215 2421 1250 2484 et
1269 2409 1506 2506 Hospitalariie
1523 2419 1560 2482 et
1576 2409 1653 2484 aliis
1676 2409 1831 2504 persenis
1849 2411 2031 2484 ecclesias·

619 2531 695 2603 ticis
723 2530 769 2604 de
795 2533 954 2628 dampnis
979 2543 1014 2607 et
1041 2533 1176 2627 injuriis
1201 2534 1361 2628 irrogatis
1382 2531 1516 2607 eisdem
1539 2531 1750 2606 satisfaceret
1775 2541 2027 2629 competenter;

619 2654 694 2750 ipse
707 2654 911 2728 mandatum
923 2655 1124 2749 hujusmodi
1138 2655 1327 2751 adimplere
1341 2653 1556 2749 contempsit.
1572 2653 1696 2749 Liquet
1708 2675 1859 2750 namque
1871 2653 2033 2728 undecim

619 2787 679 2851 aut
703 2779 819 2875 plures
845 2779 1152 2874 archiepiscopales
1170 2787 1206 2852 et
1221 2779 1348 2851 multas
1367 2777 1578 2874 episcopales
1597 2772 1744 2876 [sedes],
1763 2777 1928 2852 abbacias
1947 2799 2033 2874 quo·

618 2923 688 2998 qne
714 2923 756 2976 ac
773 2901 858 2976 alias
872 2901 1096 2976 ecclesiaead
1117 2921 1255 2998 presens
1274 2901 1311 2974 in
1327 2921 1436 2994 regno
1455 2920 1582 2973 vacare
1599 2897 1773 2995 predicto,
1798 2921 1929 2997 easque
1950 2923 2035 2997 pro·

619 3035 763 3100 curante
790 3027 886 3122 ipso,
920 3026 1010 3099 sieut
1039 3035 1156 3123 aperte
1186 3035 1301 3122 patet,
1329 3025 1437 3098 fuisse
1466 3024 1602 3099 diutius
1631 3025 1841 3121 prelatorum
1869 3025 2034 3118 regimine

618 3147 800 3224 destitutas
816 3151 853 3222 in
870 3171 978 3246 grave
992 3149 1143 3245 ipsarum
1158 3147 1391 3244 preJ'udicium
1404 3157 1440 3222 et
1456 3147 1649 3244 periculum
1674 3147 1884 3240 animarum,
1904 3157 1939 3220 et
1956 3147 2034 3222 licet

618 3274 706 3346 forte
723 3274 761 3346 in
773 3275 949 3370 aliquibus
962 3273 1119 3369 ejusdem
1136 3273 1233 3367 regni
1251 3272 1405 3347 ecclesiis
1426 3269 1615 3346 electiones
1632 3270 1703 3344 sint
1720 3291 1743 3344 a
1759 3271 1919 3367 capitulis
1941 3270 2034 3344 cele-

619 3396 735 3492 brate,
752 3398 836 3492 quia
852 3406 967 3471 amen
983 3416 1044 3493 per
1061 3397 1120 3470 illa
1139 3396 1297 3490 ejusdem
1322 3394 1507 3470 familiares
1534 3393 1651 3468 clerici
1669 3403 1751 3466 sunt
1772 3395 1891 3488 electi,
1909 3395 2033 3490 proba·

619 3520 682 3595 bili
701 3529 813 3618 potest
835 3529 1039 3615 argumento
1056 3521 1217 3595 concludi
1243 3519 1339 3616 quod
1360 3519 1556 3594 facultatem
1581 3539 1651 3592 non
1674 3517 1872 3592 habuerunt
1891 3519 2033 3594 liberam

621 3643 1034 3742 emendicatarum
1060 3653 1176 3718 autem
1196 3645 1306 3741 ipsius
1325 3642 1423 3740 regni
1445 3664 1514 3716 uon
1540 3641 1657 3716 solum
1682 3641 1861 3716 facultates
1885 3650 1922 3716 et
1946 3641 2035 3716 bona

623 3769 705 3842 feeit
728 3777 832 3865 prout
849 3769 960 3843 voluit
977 3769 1159 3864 occupari,
1186 3767 1250 3842 sed
1271 3767 1375 3842 etiam
1398 3787 1535 3860 cruces,
1555 3765 1728 3858 turibula,
1752 3765 1877 3840 calices
1897 3777 1934 3840 et
1951 3767 2036 3840 alius

623 3913 743 3965 earum
757 3913 872 3966 sacros
889 3891 1069 3966 thesauros
1086 3900 1122 3964 et
1138 3911 1273 3987 pannos
1290 3889 1418 3964 sericos
1429 3889 1477 3985 (b)
1488 3889 1584 3963 velut
1598 3889 1712 3962 cultus
1737 3885 1849 3963 divini
1864 3897 2037 3984 contemp·

624 4023 678 4086 tor
690 4013 843 4108 aufferri,
855 4015 935 4088 lieet
948 4023 987 4087 ut
999 4013 1126 4086 dicitnr
1141 4013 1226 4108 ipsis
1241 4013 1408 4102 ecclesiis,
1420 4022 1543 4087 exacto
1559 4021 1677 4086 amen
1693 4012 1790 4106 prius
1802 4032 1865 4108 pro
1880 4011 1931 4085 eis
1943 4020 2036 4086 certo

626 4138 762 4235 precio,
783 4137 820 4209 iu
834 4147 931 4234 parte
949 4137 1076 4212 fuerim
1093 4133 1280 4236 [restituti].
1294 4135 1414 4210 Clerici
1434 4135 1567 4232 quippe
1586 4135 1737 4209 collectis
1755 4135 1846 4209 taliis
1863 4134 2037 4230 multipli-

431 4262 600 4314 ΝΜ·
627 4263 711 4335 citer
734 4261 935 4354 affliguntur
955 4257 963 4359 Ι
984 4281 1050 4334 nec
1076 4259 1189 4334 solum
1220 4259 1402 4334 trabuntur
1427 4257 1474 4333 ad
1497 4257 1654 4352 judicem
1678 4259 1884 4350 secularem,
1909 4255 1973 4331 sed
1997 4265 2039 4328 ut

628 4385 809 4458 asserritur
823 4394 994 4479 coguntur
1013 4383 1129 4458 subire
1148 4382 1282 4473 duella,
1301 4383 1573 4474 incarcerantur,
1594 4382 1800 4457 occiduntur
1819 4391 1853 4456 et
1876 4365 2038 4480 patibulis

669 4665 713 4748 (a)
734 4665 770 4728 m
783 4665 881 4727 aus
894 4665 1038 4728 marsa.

671 4771 712 4853 (ι)
734 4773 771 4836 u
784 4773 884 4835 aaa
896 4788 1000 4834 mes.
