4676 6066
608 617 647 680 18
1026 616 1268 678 CHllObllCON
1294 617 1597 680 PLACEbl'l'lNllll.

607 761 699 826 retro
717 751 781 824 iter
799 751 1017 845 egredientes
1045 763 1080 826 et
1109 755 1229 849 lugam
1255 755 1439 850 patientes,
1466 757 1538 829 lere
1560 776 1641 828 cum
1664 753 1831 828 tredecim
1858 756 2026 830 militibus

606 877 778 950 Placentie
794 885 827 948 et
848 898 928 948 cum
955 877 1014 948 LX
1039 877 1244 971 sagittariis,
1260 899 1320 952 eos
1347 879 1569 974 insequentes
1596 901 1724 974 magno
1743 880 1875 976 impetu
1898 891 1933 954 et
1950 883 2025 956 cla-

607 1021 703 1073 more
726 1009 844 1074 contra
865 1021 924 1074 eos
942 1010 1208 1093 concurrerunt,
1235 1011 1270 1074 et
1293 1023 1374 1074 cum
1395 1003 1446 1075 eis
1472 1003 1619 1098 prelium
1638 1003 1899 1096 commiserunt,
1920 1013 2025 1100 atque

608 1124 719 1197 cosin
743 1125 863 1217 lugam
881 1131 977 1217 terga
991 1132 1163 1197 vertentes
1177 1125 1355 1198 miserunt.
1374 1126 1468 1212 Quos
1491 1127 1680 1200 Placentini
1708 1127 1931 1222 insequentes
1950 1128 2024 1202 vir-

605 1257 679 1320 tute
699 1247 836 1320 Domini
854 1255 889 1319 et
905 1247 1038 1320 auxilio
1057 1248 1352 1322 Pontremulorum
1371 1251 1430 1323 LX
1450 1250 1577 1324 milites
1601 1249 1647 1324 de
1671 1251 1861 1343 majoribus
1885 1259 1921 1324 ct
1944 1272 2024 1324 me-

604 1371 752 1444 lioribus
767 1372 888 1444 Parme
905 1380 941 1444 et
956 1373 1076 1444 tubam
1092 1372 1308 1464 habueruut,
1329 1383 1365 1446 et
1387 1374 1424 1445 in
1439 1375 1659 1448 Pontremulo
1676 1373 1771 1470 ipsos
1785 1375 1895 1448 victos
1911 1372 2023 1448 duxe-

604 1505 686 1568 runt
708 1505 744 1568 et
766 1496 803 1567 in
824 1517 961 1570 carcere
975 1497 1208 1587 recluseruut3
1226 1498 1353 1569 multoe
1371 1517 1455 1570 vero
1472 1499 1574 1571 morti
1591 1497 1821 1589 tradiderunt,
1840 1497 1926 1570 alios
1939 1517 2022 1570 rero

602 1629 778 1694 truncatos
796 1619 843 1692 ad
859 1629 1004 1693 mortem
1021 1621 1096 1694 sine
1112 1643 1257 1694 numero
1272 1623 1490 1715 vulneratos,
1509 1621 1659 1718 amplius
1672 1622 1785 1694 tribus
1801 1621 1942 1694 milibus
1959 1644 2022 1718 per

604 1764 745 1816 nemora
766 1751 800 1815 et
825 1743 899 1815 loca
922 1742 1058 1816 deserta
1079 1745 1308 1838 fugaverunt3
1329 1765 1456 1838 equos,
1478 1767 1573 1817 arma
1597 1753 1633 1816 et
1650 1743 1853 1816 indumenta
1873 1744 1924 1817 ibi
1942 1765 2021 1839 per-

604 1868 789 1959 didmunt,
813 1875 849 1939 et
874 1867 976 1939 victis
997 1868 1177 1956 omnibus,
1195 1869 1317 1963 spoliis
1335 1868 1485 1963 eloquis
1506 1868 1646 1941 armatis
1661 1868 1802 1957 ablatis,
1817 1867 1925 1940 nichil
1940 1868 2020 1940 reli·

603 2013 713 2085 quum
728 1999 842 2088 preter
856 1991 974 2086 lugam
994 1993 1161 2064 fecerunt.
1176 1992 1284 2064 Nocte
1296 2013 1380 2064 vero
1393 1990 1616 2078 adveniente,
1632 1991 1929 2065 Pontremnleusas
1943 1991 2019 2064 illos

601 2138 664 2212 per
682 2137 824 2188 nemora
850 2123 885 2187 et
911 2115 988 2188 loca
1012 2115 1111 2188 arida
1130 2115 1359 2210 inquirentes,
1381 2114 1426 2189 de
1440 2116 1490 2190 eis
1506 2135 1668 2210 maguam
1682 2123 1814 2210 partem
1833 2123 2017 2208 oeperunt,

600 2249 635 2313 et
652 2240 807 2313 similiter
822 2261 937 2330 arma,
953 2260 1063 2333 equos
1081 2249 1116 2312 et
1130 2241 1239 2335 spolia
1256 2240 1470 2332 babuerunt,
1486 2247 1521 2312 et
1542 2240 1668 2312 multoe
1687 2238 1958 2310 vulneraverunt
1985 2245 2020 2309 et

600 2366 863 2454 interfecerunt,
885 2371 1051 2457 regnante
1066 2361 1230 2435 Federioo
1253 2363 1458 2458 imperatore
1482 2365 1545 2457 qui
1570 2384 1613 2435 eo
1638 2373 1792 2458 tempore
1814 2363 1905 2434 ultra
1925 2381 2020 2434 mare

599 2488 770 2586 proficisci
795 2487 996 2576 festinabat,
1012 2495 1048 2558 et
1063 2485 1294 2559 existentibus
1312 2487 1513 2560 oonsulibus
1537 2487 1664 2560 Oberto
1678 2486 1724 2560 de
1740 2487 1853 2574 Porta,
1868 2486 2018 2558 Clavello

600 2613 747 2704 Odonis,
771 2611 922 2684 Antonio
951 2611 996 2684 de
1023 2611 1142 2701 Porta,
1171 2610 1299 2683 Iacobo
1329 2611 1465 2700 Stricta,
1497 2611 1641 2684 Girardo
1667 2609 1862 2700 Ardezonc,
1892 2609 2017 2684 Oberto

599 2736 742 2828 Gnathi,
757 2735 924 2810 Mazucbo
941 2732 1150 2806 leccatorio.

646 2863 695 2935 M.
710 2861 748 2934 C.
763 2861 918 2952 LXXXI,
939 2857 1128 2932 indictione
1143 2876 1252 2950 nona,
1270 2876 1390 2930 meuse
1411 2856 1544 2953 aprilis,
1564 2855 1650 2929 obiit
1675 2877 1768 2952 papa
1790 2855 1963 2948 Clemens,
1983 2867 2018 2930 et

598 2989 755 3062 elevatus
771 2985 836 3058 luit
849 3005 940 3081 papa
958 2981 1148 3056 Celestinus
1167 2979 1234 3078 (l).

648 3111 711 3184 Die
725 3111 808 3182 lune
822 3109 885 3183 Xll
900 3107 1057 3200 ejusdem
1074 3105 1203 3178 mensis
1217 3105 1353 3200 aprilis,
1372 3113 1555 3178 coronatus
1573 3103 1639 3176 luit
1655 3123 1720 3177 rex
1731 3100 1879 3176 Anticus
1893 3100 2015 3201 [apud]

596 3237 753 3310 Romam.
778 3234 843 3306 Die
866 3233 1055 3319 dominico,
1079 3231 1226 3327 septimo
1245 3231 1374 3304 mensis
1395 3229 1474 3324 julii
1495 3229 1644 3324 proximi
1666 3229 1861 3324 sequentis,
1880 3229 2016 3301 Cremo·

597 3379 722 3432 nenses
746 3355 919 3430 disoonliti
938 3356 1079 3427 luerunt
1099 3375 1121 3427 a
1138 3352 1377 3425 Brixiensibus
1397 3353 1434 3424 in
1454 3353 1612 3448 partibus
1624 3351 1807 3425 Cividarie
1826 3353 1930 3444 juxta
1947 3351 2015 3422 llu-

598 3485 695 3557 vium
713 3481 811 3576 Ogii,
831 3489 866 3553 et
886 3478 1013 3552 mortui
1035 3486 1071 3551 et
1091 3477 1203 3551 necati
1224 3485 1323 3564 eunt,
1344 3478 1403 3550 alii
1426 3498 1510 3550 veru
1535 3477 1598 3572 qui
1619 3497 1779 3568 evasere,
1801 3497 1915 3571 usque
1935 3475 2015 3548 Cra-

598 3629 738 3682 monam
758 3607 939 3700 lugerunt,
966 3614 1001 3678 et
1022 3613 1106 3676 tunc
1126 3602 1163 3673 in
1189 3600 1363 3694 adjutorio
1388 3623 1509 3675 eorum
1530 3603 1778 3695 Pergamenses
1804 3601 1958 3688 iverant,
1980 3607 2015 3670 et

598 3735 664 3806 boc
681 3731 776 3806 idem
797 3729 953 3802 similiter
973 3727 1262 3822 Pergameusibus
1284 3730 1290 3816 Ι
1312 3725 1493 3820 contingit.
1513 3726 1586 3797 Hoc
1602 3723 1724 3796 audito
1741 3745 1763 3795 a
1780 3721 2015 3796 Mediolanen-

599 3859 697 3931 sibus
714 3865 749 3928 et
764 3877 786 3928 a
800 3852 1009 3927 Placentinis
1031 3852 1093 3945 qui
1115 3851 1151 3921 in
1175 3850 1347 3942 adjutorio
1369 3847 1600 3921 Brixieusium
1625 3847 1739 3932 ibant,
1765 3844 1882 3917 statim
1905 3843 2015 3940 captis

600 3982 705 4056 armis
720 3980 804 4052 illue
819 3977 882 4050 ubi
897 3973 1078 4049 disconlila
1095 3975 1163 4046 luit
1176 3981 1369 4066 currerunt,
1384 3971 1446 4045 sad
1461 3971 1705 4044 Cremonenses
1719 3977 1754 4040 et
1767 3969 2014 4062 Pergameusas

596 4107 668 4199 jam
687 4105 847 4198 fugerant
863 4109 897 4174 et
913 4105 1141 4187 recesseraut3
1164 4097 1273 4170 multa
1288 4117 1372 4169 vero
1390 4095 1562 4168 cadavera
1580 4115 1627 4168 ex
1643 4089 1800 4188 predicto
1819 4089 1928 4164 fluvio
1940 4091 2014 4184 jam

600 4237 755 4302 extracta
774 4226 825 4299 ibi
842 4225 1024 4311 invenere,
1040 4231 1075 4294 et
1096 4232 1178 4294 tuuc
1192 4220 1374 4294 Castellum
1396 4221 1588 4292 Romanum
1605 4226 1639 4290 ct
1659 4218 1803 4289 Turrem
1824 4216 1958 4289 Novam
1980 4223 2015 4286 et

631 4642 670 4718 (l)
689 4639 809 4699 clement
819 4637 855 4695 ΙΙΙ
868 4641 979 4724 mourut
989 4633 1014 4692 le
1026 4635 1061 4692 27
1072 4647 1155 4692 mars.
1168 4631 1283 4691 Celestin
1294 4631 1331 4688 lll
1343 4629 1385 4687 fut
1395 4629 1440 4688 tlu
1453 4643 1523 4704 pape
1540 4627 1566 4686 le
1583 4631 1618 4686 lt
1631 4641 1706 4686 mars
1723 4631 1752 4684 et
1767 4622 1897 4683 consecro
1912 4623 1937 4680 le
1951 4621 2014 4697 J'our

598 4741 632 4800 de
643 4738 763 4813 Piques,
779 4738 813 4795 ll
828 4733 904 4797 avril.
