4534 6074
604 613 646 674 40
1025 610 1269 674 cneontcort
1292 611 1593 676 abscessibus.

603 745 757 842 quodam
774 766 938 820 mezeano
956 747 1032 820 sive
1047 748 1189 843 planitie
1204 745 1392 842 paludibus
1412 757 1448 820 et
1466 749 1601 824 tmmtis
1623 757 1728 845 etque
1747 751 1883 844 magnis
1898 753 2021 824 muni-

603 872 757 944 tionibus
775 871 909 944 munita
927 880 962 943 et
979 871 1211 960 circumdata,
1230 871 1278 944 ita
1301 869 1451 964 quodie
1471 873 1546 966 ipsa
1573 873 1690 946 nullus
1712 883 1849 969 poterat
1868 875 2017 968 intrare,

603 996 668 1068 nisi
688 1017 751 1091 per
775 994 861 1067 duas
877 1003 993 1090 portas
1009 995 1258 1084 strictissime,
1275 994 1393 1066 rostris
1416 1004 1450 1066 et
1475 996 1552 1068 aliis
1575 997 1834 1070 fortitudinibus
1862 1007 2016 1094 aptatas,

601 1141 667 1192 sua
694 1118 824 1192 ibidem
850 1117 959 1191 fixere
975 1119 1137 1210 tentoria3
1159 1126 1336 1213 sperantes
1351 1127 1386 1191 et
1404 1117 1584 1228 credeptes
1602 1120 1639 1192 in
1659 1119 1735 1214 ipsa
1752 1119 1862 1193 veluti
1879 1121 1916 1192 in
1934 1122 2020 1196 Cre·

601 1263 704 1315 mone
734 1243 873 1315 civitate
900 1263 1002 1338 posse
1028 1243 1196 1316 securiter
1221 1251 1312 1314 stare
1336 1249 1372 1314 et
1395 1263 1609 1337 permanere.
1627 1245 1824 1316 statuerant
1841 1245 1934 1318 enim
1952 1247 2019 1340 ipsi

601 1365 847 1439 Cremonenses
862 1375 998 1461 segetes
1023 1375 1058 1438 et
1082 1366 1168 1438 alias
1193 1387 1249 1440 res
1267 1365 1433 1438 Cremone
1456 1363 1506 1462 (a)
1530 1376 1668 1440 vastare
1690 1378 1726 1441 et
1741 1367 1942 1464 disurpare,
1963 1371 2019 1442 vel

600 1488 858 1584 expeditionem
881 1511 988 1584 quam
1014 1491 1292 1563 Mediolanenses
1323 1491 1435 1564 iuuere
1457 1490 1494 1562 in
1517 1491 1723 1564 Lumilinam
1748 1501 2015 1588 proposuerant,

601 1613 738 1686 lacilius
754 1611 882 1687 debere
903 1635 1115 1708 permanere.
1135 1615 1212 1699 Quo
1230 1613 1351 1686 audito
1379 1623 1413 1687 et
1439 1614 1624 1706 intellecto,
1643 1615 1917 1690 Mediolanenses
1938 1639 2018 1690 cum

601 1737 735 1810 curucio
750 1747 786 1809 et
800 1737 963 1810 universa
981 1746 1083 1830 gente
1101 1757 1239 1828 eorum,
1261 1746 1393 1810 etcum
1410 1737 1577 1810 militibus
1591 1739 1762 1812 Placentie
1786 1750 1821 1813 et
1842 1741 1960 1814 Laude
1983 1751 2019 1816 et

601 1861 775 1955 aliquibus
802 1862 949 1936 Novarie
977 1861 1160 1950 militibus,
1186 1869 1327 1934 etcum
1356 1859 1523 1933 militibus
1554 1863 1757 1936 extrinsecis
1780 1864 1898 1937 Brixis
1921 1865 2018 1960 apud

599 1983 755 2056 Cremam
781 2006 964 2080 perexere3
986 1983 1114 2058 deinde
1133 1985 1192 2056 die
1208 1983 1360 2072 sabbati,
1382 1983 1494 2078 primo
1512 1985 1641 2058 mensis
1653 1985 1762 2078 junii,
1781 2007 1905 2059 versus
1930 1987 2018 2060 Cre-

600 2129 739 2181 monam
765 2109 876 2199 ivere,
895 2118 931 2182 et
946 2130 1017 2182 non
1037 2111 1184 2182 multum
1206 2109 1308 2202 longe
1326 2107 1439 2182 abeis
1461 2108 1558 2181 luere
1582 2111 1824 2182 castremetati.
1842 2111 1907 2184 Die
1934 2132 2017 2184 veru

562 2273 565 2280 ⁴
600 2232 785 2324 dominico,
808 2234 844 2303 in
865 2233 952 2306 festo
966 2234 1199 2322 Pentecostes,
1219 2231 1340 2303 armati
1357 2239 1392 2304 et
1408 2231 1558 2304 ordinati
1576 2229 1715 2305 iverunt
1740 2232 1787 2304 ad
1812 2233 1962 2324 bellum,
1982 2245 2017 2308 et

599 2378 679 2428 cnm
696 2355 931 2450 pervenissent
957 2377 1037 2428 curn
1061 2356 1195 2428 carocio
1218 2355 1310 2427 circa
1334 2357 1460 2428 fossata
1477 2365 1513 2428 et
1527 2355 1755 2428 munitionem
1774 2356 1812 2428 in
1835 2379 1908 2450 qua
1929 2358 2017 2432 Cre-

598 2501 782 2554 monenses
797 2479 958 2572 ederant,
982 2479 1151 2552 accerime
1169 2489 1205 2552 et
1229 2479 1413 2552 fortissimo
1427 2500 1488 2552 eos
1506 2479 1736 2572 agrediuntur
1757 2481 1908 2576 impetu,
1928 2491 1963 2554 et
1979 2481 2015 2554 vi

598 2604 753 2677 maxima
781 2604 818 2675 in
842 2604 901 2676 illa
926 2612 1094 2676 conantur
1111 2604 1240 2675 intrare
1257 2603 1465 2693 munitione;
1486 2603 1553 2696 ipsi
1567 2622 1651 2674 vero
1670 2601 1917 2675 Cremonenses
1934 2625 2015 2676 curn

598 2728 672 2799 suis
698 2726 865 2800 ordinatis
880 2728 979 2800 actiis
997 2727 1073 2821 (sic)
1091 2727 1160 2800 illis
1184 2748 1223 2800 se
1246 2726 1386 2799 obviarn
1410 2734 1490 2798 ante
1512 2724 1714 2798 munitionis
1732 2736 1847 2820 portes
1865 2725 1911 2821 (b)
1929 2748 2015 2821 pre-

598 2852 768 2944 buerunt,
787 2861 822 2924 et
837 2851 931 2924 tubis
948 2851 1082 2924 bellicis
1097 2850 1301 2924 sonantibus
1316 2849 1361 2922 ab
1376 2849 1532 2944 utrisque
1554 2857 1716 2922 certatur.
1731 2848 1799 2934 Qui
1819 2870 1901 2921 com
1920 2847 2015 2923 defi-

599 2985 731 3068 cerent,
752 2985 787 3048 et
808 2974 928 3050 crebra
946 2973 991 3070 (c)
1009 2997 1051 3049 ac
1078 2975 1261 3049 fortissima
1286 2972 1437 3046 bostium
1466 2973 1546 3045 tella
1567 2973 1657 3045 ferre
1687 2971 1829 3046 minime
1854 2983 2011 3068 possent,

597 3099 692 3200 intus
716 3101 826 3195 ipsam
853 3099 1082 3197 munitionem
1109 3097 1265 3192 pervim
1292 3097 1420 3168 intrare
1443 3094 1716 3169 Mediolanenses
1739 3091 1925 3194 [videntes]
1945 3094 2012 3191 (l),

597 3223 765 3319 perterriti
795 3233 830 3296 et
860 3243 989 3318 pavore
1015 3221 1160 3312 comoti,
1186 3229 1283 3315 terga
1308 3227 1481 3293 vertentes
1510 3222 1629 3312 fugam
1662 3219 1852 3314 petierunt;
1882 3227 2013 3314 partem

596 3371 738 3446 quoque
754 3369 875 3422 eorum
898 3346 1015 3442 gladio
1040 3346 1301 3437 interfecerunt,
1327 3352 1458 3439 partem
1482 3363 1567 3415 vero
1592 3341 1630 3414 in
1654 3342 1730 3436 ipso
1756 3341 1900 3416 llumine
1924 3343 2014 3415 sub-

420 3516 562 3553 mame.
596 3485 805 3566 merserunt,
826 3473 912 3546 alios
935 3491 1020 3544 vero
1042 3467 1094 3566 (d)
1117 3491 1180 3564 per
1202 3476 1340 3564 pontem
1362 3463 1370 3565 Ι
1391 3476 1426 3540 et
1451 3487 1513 3561 per
1538 3464 1632 3539 vada
1660 3465 1747 3538 Sarii
1772 3465 2009 3560 insequentes,

596 3599 757 3672 omnibns
775 3595 930 3670 tentoriis
944 3603 979 3668 et
993 3593 1131 3690 spoliis,
1151 3593 1251 3687 equis
1268 3603 1302 3666 et
1317 3589 1430 3665 bobus
1444 3599 1480 3664 et
1492 3587 1628 3662 ceriolis
1644 3588 1784 3680 ablatis,
1804 3588 1911 3662 nicbil
1928 3591 2013 3662 reli·

596 3722 657 3818 qui
684 3729 796 3817 preter
826 3722 943 3814 lugam
973 3719 1149 3808 lecerunt,
1170 3727 1205 3790 et
1228 3717 1316 3788 ultra
1344 3715 1481 3787 Serium
1512 3713 1660 3807 amplius
1691 3721 1841 3806 quatuor
1871 3711 2013 3787 milibus

596 3866 708 3942 usque
724 3845 770 3920 ad
787 3845 918 3917 Nucem
934 3841 1053 3916 Casnle
1065 3862 1127 3914 eos
1142 3841 1370 3934 luguvemnt,
1387 3845 1534 3931 excepto
1547 3837 1638 3910 cirea
1654 3835 1730 3908 CCC
1745 3835 1873 3909 milites
1885 3836 1947 3931 qui
1965 3835 2013 3909 ad

636 4020 680 4103 (a)
698 4021 767 4096 Slc3
781 4019 978 4081 verlslmlllter
989 4024 1090 4078 tamen
1105 4015 1216 4077 creon.

636 4127 677 4205 (b)
697 4129 754 4189 llic
766 4144 796 4187 sc
809 4127 906 4186 denuo
919 4123 1063 4185 abundat.

635 4235 674 4316 (a)
701 4237 738 4297 In
751 4233 854 4296 codiee
865 4228 960 4292 mbo.

636 4341 680 4422 (d)
701 4342 802 4403 Hicin
815 4337 915 4400 codice
928 4335 1068 4409 inseritur
1080 4329 1243 4414 qut,un
1256 4327 1399 4391 abundet.

631 4633 665 4711 (t)
682 4632 736 4707 lly
749 4646 767 4689 a
780 4629 815 4687 ici
834 4643 888 4686 une
907 4627 1003 4686 lacuns
1015 4623 1084 4682 dans
1096 4621 1122 4680 le
1136 4625 1217 4678 texte.
1230 4617 1272 4678 On
1286 4632 1322 4675 ne
1333 4617 1385 4675 salt
1395 4613 1506 4674 d’abord
1519 4612 1566 4690 qui
1579 4618 1622 4675 est
1634 4613 1784 4688 umquem
1796 4611 1845 4670 des
1857 4605 2013 4670 dementis

594 4751 630 4795 ou
642 4733 691 4791 dee
702 4728 838 4799 llilenais;
851 4725 921 4784 mais
931 4739 964 4782 ce
975 4727 1037 4783 sont
1047 4719 1228 4781 eridemmcnt
1238 4731 1286 4775 ces
1297 4713 1427 4774 demiers.
