4676 6066
746 588 988 651 cflaoutcort
1015 589 1313 652 PLACENTINUM.
1698 590 1739 652 23

318 727 527 802 invaderent
550 747 620 798 non
641 725 790 820 amplius
816 725 1050 816 invenientes,
1071 747 1186 822 neque
1208 748 1330 800 versus
1350 725 1465 798 hostes
1488 725 1656 820 preliandi
1674 749 1738 801 co-

318 852 414 952 piam
436 851 623 940 babentes,
651 849 788 946 penitus
817 849 911 923 domi
937 857 1131 924 statuerunt
1153 850 1292 924 reverti.
1319 848 1564 923 Cremonenses
1588 872 1739 946 namque

318 985 354 1050 et
380 976 585 1048 Parmenses
613 994 694 1045 cum
718 973 861 1046 carociis
888 973 963 1046 suis
993 982 1028 1046 et
1051 974 1215 1050 omuibus
1242 996 1362 1048 eorum
1392 973 1515 1046 amicis
1539 976 1738 1069 Brugenum

319 1107 471 1174 castrum
489 1097 715 1188 obsederant,
733 1105 839 1192 atque
856 1118 894 1170 se
914 1105 949 1170 et
966 1119 1047 1170 suos
1071 1097 1242 1189 carcoios,
1263 1098 1422 1170 virilibus
1439 1097 1574 1170 viribus
1596 1099 1739 1172 minime

319 1223 552 1315 confidentes,
571 1223 681 1296 velud
703 1222 905 1294 nemoribus
923 1229 963 1294 ut
978 1221 1088 1293 solent
1105 1221 1271 1294 heremite
1292 1220 1443 1313 includi,
1469 1221 1624 1296 maximo
1647 1225 1740 1297 vallo

319 1356 354 1422 et
371 1348 474 1422 fossis
490 1346 649 1442 undiquc
670 1346 902 1437 incluserunt,
928 1353 968 1416 ut
984 1364 1072 1438 quos
1095 1365 1276 1441 corporum
1298 1367 1369 1418 non
1387 1344 1613 1419 defenderent
1626 1347 1737 1442 vires,

319 1471 433 1545 saltim
456 1471 523 1544 loci
547 1472 679 1544 foveret
703 1491 746 1542 ac
767 1477 922 1542 tueretur
944 1469 1125 1565 asperitas.
1151 1470 1244 1541 Dum
1268 1477 1384 1541 autem
1411 1469 1685 1542 Placentinorum
1708 1479 1743 1544 et

320 1591 631 1669 Mediolanensinm
662 1592 836 1666 exercitus
873 1591 1082 1665 reversionis
1123 1591 1188 1664 iter
1220 1592 1342 1664 luisset
1379 1613 1562 1686 agressus,
1596 1593 1742 1688 quidam

320 1718 472 1792 bostium
495 1717 677 1812 psrberme
696 1714 770 1814 (stc)
788 1716 818 1788 si
837 1713 981 1810 quidem
1007 1714 1161 1788 dedecus
1180 1723 1389 1806 metuentes,
1413 1716 1569 1788 ultimam
1591 1717 1742 1790 Placen-

321 1843 473 1915 tinorum
499 1852 534 1914 et
552 1840 865 1916 Mediolanensium
887 1839 1065 1912 exereitus
1084 1849 1217 1935 partem
1236 1839 1349 1912 conati
1374 1849 1455 1912 sunt
1479 1839 1601 1935 agredi
1623 1870 1631 1914 :
1654 1863 1743 1936 quos

320 1967 464 2063 prefecti
481 1964 759 2038 Placentinorum
777 1974 812 2036 ot
824 1961 1137 2036 Mediolanensium
1153 1963 1298 2036 viriliter
1316 1964 1556 2058 insequentes,
1580 1988 1743 2060 magnam

343 2088 504 2189 lpartem
527 2111 647 2165 eorum
672 2095 855 2184 ceperunt,
882 2095 918 2161 et
942 2109 1055 2182 usque
1080 2086 1127 2161 ad
1148 2086 1295 2182 predicti
1322 2089 1518 2180 ingressum
1543 2091 1746 2165 muniminis

322 2235 384 2290 eos
404 2216 631 2308 fugaverunt3
654 2210 784 2286 deinde
805 2211 882 2308 ipsa
902 2211 977 2304 die,
998 2232 1079 2283 cnm
1098 2233 1227 2304 magna
1246 2219 1427 2307 captorum
1447 2210 1599 2285 bostium
1621 2215 1747 2288 multi-

322 2339 465 2432 tudine,
491 2337 586 2414 domi
609 2338 738 2412 reversi
763 2339 923 2426 luerunt,
950 2345 986 2409 et
1010 2337 1060 2408 ibi
1076 2336 1203 2408 multos
1222 2335 1465 2408 interfecerunt
1486 2347 1521 2409 et
1539 2339 1747 2414 vulnerave-

322 2473 418 2538 runt.
435 2465 501 2536 Die
515 2463 665 2557 sabbati,
681 2462 805 2558 quinto
821 2461 951 2535 mensis
969 2461 1062 2556 junii
1083 2459 1235 2556 proximi
1247 2461 1441 2556 sequentis,
1460 2460 1547 2533 obiit
1561 2464 1745 2561 episcopus

322 2589 447 2678 Ardei,
468 2596 503 2662 et
522 2589 658 2662 levatus
679 2587 745 2660 luit
763 2586 927 2660 dominus
943 2583 1127 2657 Grimelius
1146 2585 1207 2679 qui
1225 2593 1309 2657 tune
1327 2594 1401 2658 erat
1419 2584 1528 2658 abbas
1549 2590 1746 2662 monasterii

325 2710 371 2785 de
385 2711 507 2784 Ponte.
532 2710 665 2784 Eodem
683 2730 804 2782 mense
823 2709 932 2801 junii,
954 2707 1214 2804 quintodecimo
1236 2707 1295 2780 die
1314 2707 1470 2801 ejusdem
1494 2711 1640 2804 mensis,
1664 2715 1746 2788 Me-

324 2834 544 2908 diolanenses
562 2842 597 2907 et
615 2833 814 2906 Brixienses
831 2853 911 2904 cum
932 2831 1076 2906 carooiis
1093 2840 1127 2904 et
1146 2853 1227 2904 oum
1243 2831 1484 2924 Cumensibus,
1506 2843 1635 2908 etcum
1654 2859 1746 2911 mar·

324 2959 450 3033 chione
464 2957 509 3031 de
522 2957 792 3050 Monte-Ferato,
809 2977 879 3030 non
897 2955 1036 3030 modico
1054 2965 1251 3052 comparato
1271 2956 1445 3048 exercitu,
1463 2957 1746 3052 Pergamensium

323 3085 542 3158 intraverunt
567 3091 694 3174 terras,
718 3091 754 3154 et
777 3089 943 3177 ceperunt
965 3089 1050 3154 tune
1075 3079 1277 3154 Guisalbum
1301 3090 1337 3154 et
1364 3082 1473 3155 multa
1496 3083 1564 3156 alia
1586 3087 1743 3180 castella,

324 3219 359 3284 et
371 3211 448 3282 loca
462 3206 729 3281 innumerabilia
747 3205 996 3279 destruxemnt
1012 3213 1046 3278 et
1059 3205 1322 3298 combuserunt,
1339 3213 1375 3276 et
1391 3204 1591 3302 depopulati
1606 3209 1748 3282 luerunt

324 3334 397 3406 lere
421 3339 533 3405 totum
556 3331 757 3404 comitatum
780 3329 957 3423 Pergami,
984 3329 1022 3400 in
1046 3349 1118 3424 quo
1144 3333 1313 3402 steterunt
1334 3350 1398 3426 per
1423 3329 1623 3424 quindecim
1649 3335 1743 3428 dies,

326 3456 618 3530 Cremonensibus
636 3463 672 3529 et
685 3452 1030 3551 Papiensibusatque
1041 3453 1285 3526 Parmensibus
1303 3461 1337 3526 et
1353 3455 1515 3526 omnibus
1528 3455 1607 3528 aliis
1625 3479 1745 3532 eorum

326 3581 478 3654 inimicis
495 3579 560 3676 (a).

375 3704 424 3777 Μ.
439 3703 479 3774 C.
493 3701 713 3788 LXXXXIX,
737 3700 927 3774 indictione
946 3699 1060 3792 tertia,
1083 3699 1140 3774 die
1159 3700 1295 3794 martis,
1314 3699 1524 3774 duodecimo
1541 3705 1671 3779 mensis
1688 3729 1748 3780 oc·

326 3827 459 3911 tubris,
480 3825 757 3900 Mediolanenses
774 3847 854 3898 oum
871 3823 1060 3922 peditibus,
1077 3823 1246 3896 militibus
1263 3833 1299 3897 et
1315 3825 1463 3916 carocio,
1482 3829 1639 3923 exceptis
1655 3831 1749 3904 mili-

327 3951 422 4023 tibus
436 3959 472 4023 et
487 3949 663 4044 peditibus
677 3950 724 4022 dc
735 3947 847 4022 tribus
860 3947 968 4044 portis
983 3969 1072 4042 quos
1092 3947 1329 4022 Mediolanum
1347 3949 1384 4020 in
1402 3949 1560 4024 custodia
1573 3953 1747 4050 relinque·

327 4081 424 4166 rant,
440 4081 475 4146 et
492 4072 695 4146 laudenses
707 4083 743 4146 et
758 4073 945 4146 Comenses
961 4092 1042 4144 oum
1058 4071 1226 4143 militibus
1244 4081 1279 4144 et
1298 4071 1492 4168 peditibus,
1508 4083 1543 4148 et
1558 4077 1747 4152 Placentini

327 4219 410 4271 eum
433 4196 602 4270 militibus
628 4204 663 4268 et
686 4195 885 4292 peditibus,
909 4193 1064 4291 exceptis
1089 4195 1257 4266 militibus
1284 4203 1318 4268 et
1340 4195 1516 4291 peditibus
1544 4199 1590 4273 de
1611 4201 1748 4278 duabus

328 4319 437 4417 portis
459 4341 549 4415 quus
570 4318 812 4392 Florentiolam
830 4327 864 4392 ct
880 4319 1109 4392 lluncarolum
1130 4317 1166 4389 in
1185 4315 1379 4390 custodiam
1401 4319 1580 4414 miserant,
1605 4331 1639 4396 et
1666 4345 1746 4399 cum

329 4443 499 4518 militibus
516 4443 652 4538 Brixia,
671 4451 928 4540 proposuerunt
951 4443 1003 4518 ire
1021 4441 1067 4516 ad
1089 4441 1324 4516 obsidendum
1342 4443 1496 4518 Castrum
1511 4445 1650 4520 Novum
1668 4449 1748 4524 Cre·

373 4707 416 4789 (a)
437 4707 485 4770 lbl
504 4709 653 4788 quaedam
665 4709 765 4772 deesse
778 4707 928 4771 videntur.

1780 2107 1829 2152 For.
1838 2107 1866 2151 78
1873 2118 1942 2152 ww.
