4554 6080
650 674 712 736 254
1124 675 1364 740 cuuoutcott
1388 677 1440 740 ott
1464 677 1592 740 MEBUS

746 809 908 880 Tartarus
921 805 1100 896 adveniet,
1118 809 1162 882 lis
1177 809 1284 884 Poma
1298 811 1452 884 maxima
1467 809 1539 886 liat.

746 933 906 1004 Tartarus
918 941 1065 1024 artatur,
1084 933 1134 1006 sic
1151 933 1247 1006 orbis
1262 934 1473 1031 pacificatur.

697 1083 736 1154 ln
751 1085 913 1179 proximo
923 1103 1042 1156 mensa
1059 1085 1177 1156 marcii
1192 1105 1307 1158 comas
1318 1086 1499 1160 Provincia
1512 1087 1606 1158 misit
1621 1087 1667 1160 ad
1680 1087 1856 1160 civitatem
1871 1087 2056 1162 Mediolani

649 1207 849 1279 bearalem
874 1205 948 1300 (sic)
970 1206 1015 1278 da
1034 1207 1149 1280 Balcio
1169 1229 1250 1280 cnm
1271 1209 1346 1282 CCC
1371 1209 1538 1282 militibus
1554 1219 1588 1282 et
1607 1210 1809 1302 balisteriis;
1827 1221 1861 1282 et
1885 1233 1949 1284 rex
1964 1213 2058 1286 Man·

648 1331 768 1404 fredus
783 1328 962 1403 mandavit
974 1331 1020 1402 ab
1032 1329 1157 1425 Apulia
1166 1332 1201 1402 in
1213 1333 1455 1405 Lombardiam
1467 1334 1522 1406 DC
1531 1335 1655 1408 milites
1668 1335 1894 1408 Tbaotoniccs
1905 1345 1940 1407 et
1950 1335 2061 1410 soldos

649 1455 733 1528 mile
749 1455 898 1526 militum
917 1457 1103 1528 Tuscorum
1118 1467 1153 1529 at
1168 1457 1449 1531 bombardorum.

696 1577 743 1650 M.
757 1577 819 1650 CC.
832 1577 932 1668 LXV,
950 1578 995 1651 de
1010 1599 1128 1651 mense
1143 1579 1265 1671 madii,
1284 1599 1399 1653 comes
1411 1579 1591 1653 Provincia
1604 1591 1747 1653 vocatus
1762 1581 1808 1654 ab
1821 1581 1960 1654 Urbano
1973 1603 2061 1679 papa

649 1722 712 1774 rex
729 1701 862 1774 Scicilie
877 1723 957 1774 cnm
974 1702 1135 1773 comitiva
1153 1721 1216 1774 sua
1232 1703 1380 1774 militum
1399 1704 1532 1797 absque
1547 1705 1648 1798 equis
1671 1725 1750 1776 oum
1766 1705 1863 1776 XXII
1880 1705 1988 1797 galeis
2006 1728 2063 1800 par

648 1847 743 1900 mare
772 1826 913 1898 intravit
937 1827 1079 1898 Romam
1101 1827 1297 1922 recipiendo
1315 1837 1473 1900 sanatum
1497 1827 1610 1919 urbis,
1636 1837 1671 1901 at
1693 1850 1838 1902 uxorem
1858 1839 1893 1903 et
1915 1827 2003 1902 lilios
2029 1843 2063 1902 at

649 1947 738 2022 filias
754 1961 830 2044 post
849 1969 887 2020 se
909 1950 1028 2021 venire
1051 1949 1130 2022 lacit
1146 1972 1207 2044 per
1223 1971 1332 2041 mare,
1352 1960 1386 2023 et
1406 1949 1504 2022 multi
1520 1951 1579 2023 alii
1597 1971 1660 2046 par
1675 1961 1801 2024 terram
1823 1974 1885 2048 per
1901 1953 2061 2026 bombar-

650 2070 743 2146 diam
764 2071 940 2166 acapinaci
961 2071 1012 2166 (a)
1027 2081 1117 2144 retro
1133 2074 1271 2145 iverunt
1286 2073 1332 2146 ad
1349 2072 1456 2168 pedes
1473 2083 1508 2146 at
1523 2073 1570 2146 ad
1582 2096 1706 2169 equos.

699 2195 829 2268 Eodem
855 2204 1009 2290 tempore
1032 2195 1193 2269 dominus
1214 2197 1361 2270 Ubartus
1383 2197 1537 2269 marchio
1554 2197 1773 2270 Palavicinus
1798 2197 1957 2271 civitates
1980 2197 2063 2272 Ter-

650 2318 741 2394 done
769 2329 805 2392 et
829 2317 1042 2392 Alexandria
1067 2315 1215 2418 [babuit]
1239 2320 1275 2390 in
1301 2341 1365 2392 sua
1388 2320 1546 2392 custodia
1568 2319 1630 2392 ubi
1655 2329 1789 2416 preerat
1810 2321 1996 2394 Ubertinns
2019 2321 2062 2395 de

649 2442 789 2538 Sipiona
807 2463 917 2536 nepos
934 2443 1009 2534 ejus
1025 2463 1087 2537 pro
1102 2444 1246 2515 vicario.
1267 2443 1336 2528 Qui
1359 2441 1405 2515 da
1430 2463 1548 2515 manse
1572 2442 1712 2536 augusti
1736 2443 1896 2537 preterito
1915 2465 1996 2515 enm
2011 2446 2062 2518 DC

650 2565 921 2639 calvaoatoribns
936 2565 1105 2659 equitavit
1121 2575 1205 2661 aput
1222 2575 1371 2638 castrum
1384 2565 1481 2638 Nicia
1493 2575 1528 2638 at
1542 2565 1699 2639 obviavit
1715 2567 1840 2638 milites
1856 2565 2062 2639 marchionis

649 2687 873 2762 Montislsrati
895 2697 929 2759 at
950 2689 1076 2762 milites
1092 2689 1324 2762 Provinciales
1343 2689 1404 2783 qui
1424 2689 1506 2761 illuc
1523 2698 1709 2779 venerant,
1729 2699 1764 2762 at
1785 2689 1964 2786 preliando
1985 2712 2061 2762 cnm

651 2811 702 2884 ais
713 2812 830 2904 lugam
846 2811 962 2906 petiit3
977 2821 1011 2883 et
1030 2812 1168 2884 luerunt
1183 2811 1219 2882 in
1236 2812 1312 2907 ipso
1330 2811 1437 2906 prelio
1452 2813 1545 2906 capti
1563 2810 1737 2906 Alimptus
1758 2811 1803 2885 de
1819 2813 1959 2885 diarcha
1976 2835 2060 2906 cug-

650 2944 752 3008 natus
770 2935 901 3006 domini
918 2935 1130 3007 marchionis
1142 2945 1178 3007 et
1195 2935 1244 3008 CC
1257 2936 1384 3008 militas
1399 2955 1480 3008 cum
1498 2957 1556 3026 ao,
1575 2955 1663 3030 qnos
1682 2935 1775 3009 idem
1796 2935 1950 3009 marchio
1966 2937 2060 3009 Mon·

650 3058 793 3132 tislerati
808 3057 911 3129 duxit
932 3057 966 3129 in
987 3059 1217 3132 Provinciam.

698 3181 737 3253 ln
752 3183 910 3277 proximo
928 3203 1048 3254 manse
1066 3182 1217 3254 octubris
1236 3181 1389 3275 Philipus
1408 3179 1453 3254 de
1470 3182 1595 3253 Latnra
1614 3180 1702 3252 civis
1722 3180 1908 3254 Mediolani
1927 3181 2013 3254 obiit
2028 3189 2061 3254 el

650 3305 683 3378 ei
698 3305 864 3378 successit
882 3306 917 3376 in
929 3306 1197 3378 dominationem
1211 3327 1309 3378 suam
1323 3305 1541 3400 Napoleonus
1556 3303 1601 3376 de
1616 3305 1741 3376 lature
1754 3325 1860 3400 napos
1873 3308 1960 3398 ejus.

699 3429 737 3500 ln
755 3429 913 3524 sequenti
927 3451 1046 3502 mense
1061 3430 1258 3504 novembris
1276 3449 1391 3502 comes
1407 3428 1572 3502 Fraudale
1583 3435 1618 3500 et
1631 3428 1689 3499 alii
1709 3427 1851 3501 comites
1867 3437 1902 3500 et
1919 3429 2061 3502 barones

650 3553 792 3628 Francia
810 3555 1039 3648 crucesignati
1062 3577 1125 3650 per
1145 3556 1383 3628 avocationem
1404 3553 1556 3626 Ecclesia
1571 3561 1690 3625 contra
1711 3573 1828 3645 regem
1845 3554 2060 3626 Manlredum

651 3698 731 3750 cnm
746 3678 912 3751 militibus
927 3679 1088 3768 Francia,
1104 3677 1284 3750 Picbardie
1299 3687 1334 3749 at
1355 3677 1534 3750 Provincia
1552 3685 1587 3748 et
1602 3677 1680 3749 aliis
1698 3676 1734 3746 in
1746 3677 1901 3750 maxima
1917 3679 2059 3774 quanti-

649 3809 719 3874 tate
741 3803 887 3874 militum
902 3813 936 3874 et
956 3801 1113 3895 peditum
1132 3823 1194 3896 per
1210 3801 1385 3874 civitatem
1408 3801 1498 3873 Albe
1516 3801 1682 3872 intrantes
1700 3811 1900 3874 acesserunt
1914 3801 1951 3874 in
1966 3803 2060 3876 Mon·

650 3924 864 4017 tisleratnm,
893 3934 1012 4020 postea
1041 3925 1077 3996 in
1104 3926 1340 4020 episcopatum
1368 3925 1615 3998 Vercellarnm.
1645 3923 1689 3995 Et
1719 3945 1799 3995 oum
1825 3925 1953 3996 luerint
1981 3933 2062 4019 aput

651 4049 829 4140 Vercslas,
847 4047 1031 4143 episcopus
1052 4049 1284 4122 Vercellarnm
1303 4055 1338 4120 at
1353 4045 1523 4120 Advocati
1545 4055 1580 4118 et
1598 4043 1719 4120 allide
1738 4055 1834 4141 parte
1851 4067 1922 4141 qne
1939 4045 2061 4120 dicitnr

650 4171 802 4246 Ecclesia
831 4179 951 4245 oontm
963 4173 1166 4265 juramenta
1189 4171 1357 4266 promissa
1380 4181 1415 4244 et
1432 4171 1519 4242 lacta
1542 4189 1647 4265 snper
1663 4169 1829 4264 reliquias
1858 4171 1973 4242 Sancti
1990 4170 2061 4243 llu-

443 4311 611 4360 racnao.
651 4295 739 4368 sebii
761 4291 768 4392 Ι
789 4295 975 4368 conlesoris
999 4295 1091 4366 illius
1112 4294 1277 4385 civitatis,
1299 4316 1358 4367 eos
1386 4294 1603 4366 intraxarunt
1619 4291 1693 4391 (sic)
1716 4294 1751 4364 in
1776 4293 1951 4368 civitatem
1973 4295 2060 4366 Ver-

650 4419 749 4509 calis,
774 4419 969 4512 expalando
992 4418 1038 4494 de
1066 4417 1142 4513 ipsa
1162 4419 1302 4492 civitate
1326 4419 1491 4514 Jacopum
1515 4419 1679 4490 Tinonum
1705 4429 1740 4490 at
1762 4439 1846 4490 snos
1871 4429 1908 4490 at
1932 4427 2060 4513 partem

649 4565 761 4616 suam.
778 4543 900 4615 Postea
916 4543 1055 4616 iverunt
1066 4543 1264 4635 Novariam,
1282 4541 1409 4618 deinde
1425 4541 1672 4616 Mediolanum.
1686 4541 1782 4615 Mora
1800 4541 1893 4614 enim
1909 4540 1959 4613 ibi
1976 4541 2060 4614 iacta

691 4788 731 4862 (a)
752 4783 813 4846 Sub
829 4785 886 4846 hec
900 4801 972 4848 voce
985 4783 1063 4848 loede
1076 4786 1182 4848 mntlle
1194 4783 1266 4864 qnld
1279 4785 1369 4846 lateat
1386 4785 1547 4848 nesclmns.
