4534 6074
608 607 669 668 128
1079 610 1324 676 cunontcou
1348 615 1400 676 ΒΕ
1424 615 1553 678 aucus

600 744 702 833 jnxta
719 764 847 837 aquam
861 747 1226 839 posueruntbistebat
1237 749 1331 822 enim
1349 772 1469 824 eorum
1487 751 1661 824 exereitus
1678 751 1725 823 ab
1739 751 1798 824 illo
1810 752 2023 846 imperatoris

604 886 666 959 per
682 865 747 938 tria
769 866 930 942 milliaria
949 891 958 935 :
977 869 1074 962 qnod
1087 871 1154 942 tuit
1174 871 1233 944 dic
1257 873 1362 946 Pasce
1384 874 1627 946 resurectionis
1653 874 1745 945 circa
1763 893 1941 968 vesperas.
1963 875 2022 947 Se·

603 990 723 1081 quenti
741 1011 824 1062 vero
841 989 899 1063 die
914 991 1098 1063 lombardi
1114 1003 1263 1084 quatuor
1281 993 1436 1083 corocia,
1453 994 1586 1066 scilicet
1607 992 1814 1086 Mediolani,
1834 996 2022 1088 Placentia,

395 1116 453 1172 ttol·
463 1121 489 1162 1²
497 1123 566 1162 reee-
603 1113 754 1202 Verona,
771 1112 904 1202 Brixie,
921 1113 1010 1184 ultre
1023 1135 1150 1208 uquam
1162 1135 1283 1187 versus
1300 1115 1538 1210 imperatorem
1560 1114 1567 1212 Ι
1585 1125 1870 1190 οουεῑτυιοωηῐ.
1886 1119 2025 1192 Statim·

602 1256 673 1330 qne
695 1234 858 1307 dominus
881 1235 1047 1308 Yzolinns
1069 1236 1116 1310 de
1136 1239 1315 1310 Romaene
1330 1248 1365 1311 et
1388 1237 1575 1312 Anselmns
1594 1239 1640 1332 (u)
1659 1239 1705 1314 de
1721 1241 1870 1314 Devaria
1886 1241 2024 1316 Cremo·

602 1359 720 1431 nensie
740 1359 803 1452 qui
821 1369 904 1431 tunc
920 1357 1053 1432 domini
1077 1368 1269 1433 etractores
1285 1361 1489 1435 lombardis
1506 1362 1670 1453 aderant,
1694 1376 1924 1460 preceperunt
1941 1367 2023 1439 Per·

602 1483 800 1572 mensibus,
835 1482 992 1577 Reginis,
1026 1484 1282 1558 Mutinensibus
1314 1495 1354 1558 nt
1383 1486 1517 1580 absque
1546 1507 1644 1560 mora
1665 1497 1806 1561 armata
1835 1509 1941 1560 manu
1976 1490 2024 1565 ad

602 1607 839 1680 Placentinum
868 1607 1043 1679 carocium
1072 1607 1171 1680 irent.
1204 1609 1367 1682 Similiter
1392 1620 1619 1705 preceperunt
1646 1610 1962 1686 Mediolanensibus
1988 1624 2024 1687 et

602 1731 815 1803 Lmilitibus
839 1730 958 1805 Laude
975 1740 1015 1804 ut
1037 1731 1084 1804 ad
1109 1755 1212 1804 sunm
1236 1733 1325 1806 irent
1351 1735 1537 1806 oemcinm.
1560 1735 1638 1820 Quo
1666 1735 1713 1807 ita
1738 1736 1842 1824 tacto,
1870 1737 1939 1812 alia
1965 1736 2023 1810 die

603 1853 787 1948 imperator
801 1875 939 1926 summo
954 1853 1109 1927 diluculo
1123 1865 1235 1928 castra
1252 1878 1395 1930 movere
1409 1859 1510 1950 iubet
1527 1867 1563 1930 et
1582 1879 1644 1952 per
1662 1857 1735 1932 dno
1751 1859 1898 1932 miliaria
1910 1882 1933 1934 a
1945 1861 2023 1934 loco

603 1976 662 2049 ubi
687 1985 761 2050 erat
788 1976 958 2050 adversus
982 1975 1031 2074 (b)
1051 1978 1262 2052 bombardos
1283 1980 1452 2074 pervenit.
1478 1979 1610 2053 Audito
1636 1981 1852 2074 imperatoris
1875 1991 1974 2054 motu
2000 2005 2023 2056 a

601 2101 821 2194 lombardie,
847 2101 938 2174 illico
953 2101 1100 2196 sumptis
1117 2101 1223 2174 armis
1244 2103 1399 2197 predicto
1413 2103 1519 2176 modo
1543 2125 1565 2176 a
1588 2103 1795 2178 lombardis
1817 2104 1866 2178 ad
1888 2106 2023 2180 careda

602 2225 753 2297 iverunt.
772 2223 849 2297 Alio
874 2224 1018 2320 quidem
1046 2224 1104 2298 die
1130 2235 1222 2298 mota
1250 2235 1302 2298 eet
1328 2226 1513 2300 concordia
1533 2227 1623 2302 inter
1644 2249 1723 2319 eos,
1752 2229 1859 2302 altera
1884 2227 1944 2302 die
1970 2239 2023 2304 est

601 2349 733 2420 offena.
767 2349 830 2420 Die
860 2369 945 2421 vero
969 2347 1108 2420 veneris
1136 2349 1295 2441 sequenti
1317 2370 1527 2442 unaqueque
1554 2372 1634 2444 pars
1661 2351 1814 2422 recessit.
1845 2351 1909 2424 Die
1940 2353 2022 2424 sab·

600 2471 672 2544 bati
689 2471 847 2566 sequenti
866 2469 1049 2542 Lombardi
1075 2448 1223 2542 Bronam
1241 2469 1497 2542 combuxerunt
1518 2480 1554 2542 et
1579 2471 1702 2542 vineas
1718 2479 1753 2542 et
1776 2469 1917 2542 arbores
1939 2469 2021 2542 des-

601 2604 796 2666 traxerunt.
815 2595 857 2666 Et
873 2593 957 2666 inde
978 2593 1100 2666 semoti
1120 2595 1284 2666 &nomm
1299 2593 1485 2666 Martinum
1505 2592 1542 2664 in
1559 2595 1673 2666 Strata
1697 2602 1734 2664 et
1754 2593 1959 2666 Clastezinm
1985 2603 2022 2666 et

601 2719 669 2791 alia
693 2720 768 2792 loca
795 2718 1062 2792 combuxerunt.
1077 2718 1124 2789 M.
1146 2717 1185 2788 C.
1203 2717 1338 2788 LXXVI
1353 2715 1420 2811 (l),
1443 2725 1568 2810 quarto
1593 2715 1760 2790 kalendas
1781 2717 1872 2808 iunii
1900 2716 1936 2788 in
1962 2715 2022 2789 die

601 2841 754 2932 sabbati,
770 2863 851 2913 enm
862 2839 1136 2916 Mediolanenses
1160 2840 1460 2933 ciroaLignanum
1483 2838 1646 2914 adessent
1667 2849 1705 2915 et
1728 2861 1808 2912 cnm
1831 2839 1884 2912 eis
1904 2840 2022 2912 Lmi-

601 2965 683 3066 lites
695 2965 814 3038 Laude
834 2973 868 3038 et
892 2965 1017 3038 milites
1034 2964 1267 3038 vercellarum
1286 2972 1321 3034 et
1347 2962 1497 3036 Novaria
1513 2977 1549 3038 et
1568 2964 1679 3036 tocius
1697 2963 1868 3054 marchia,
1886 2963 2022 3058 pedites

599 3112 684 3164 vero
702 3092 837 3164 Verona
860 3100 895 3164 et
910 3090 1029 3162 Brixie
1044 3097 1143 3160 erant
1159 3088 1194 3158 in
1215 3087 1355 3160 civitate
1376 3085 1430 3182 (e),
1452 3089 1518 3192 elii·
1526 3089 1629 3179 juxta
1645 3089 1706 3162 alii
1720 3090 1757 3163 iu
1771 3088 1893 3162 itinere
1908 3087 2023 3183 profi·-

599 3215 814 3288 ciscebentnr
830 3213 877 3286 ad
896 3213 1088 3285 exereitum
1102 3211 1408 3285 Mediolanensem.
1427 3213 1616 3306 Imperator
1631 3210 1834 3284 Fredericns
1849 3221 1922 3284 erat
1939 3233 2020 3284 cnm

599 3337 761 3411 Cumanis
778 3338 941 3410 omnibus
957 3345 1217 3408 castrametatus
1239 3335 1339 3408 inxta
1365 3333 1485 3408 Cerete
1507 3333 1560 3430 (d)
1584 3357 1665 3407 cum
1687 3334 1904 3408 Theotoniois
1928 3335 2021 3406 mili·

598 3461 692 3534 tibus
718 3462 788 3533 tere
812 3460 907 3532 mille
924 3479 1014 3554 qnos
1035 3457 1156 3530 venire
1174 3457 1255 3531 iecit
1272 3479 1335 3553 per
1352 3457 1567 3531 Desertinam
1585 3466 1654 3530 mm
1672 3457 1907 3553 privatissimo
1922 3457 2020 3552 quod

598 3585 775 3658 anemine
792 3581 1063 3656 bombardorum
1081 3581 1195 3675 potnit
1212 3579 1305 3652 eoiri.
1324 3577 1394 3652 Sed
1419 3599 1500 3652 cum
1524 3578 1706 3657 dicebatur
1720 3579 1819 3675 quod
1834 3580 2022 3676 imperator

599 3705 714 3806 [esset]
742 3716 827 3804 aput
856 3705 1061 3796 Rilizonam,
1083 3704 1280 3776 fabulosum
1310 3702 1492 3778 dicebatur
1509 3701 1567 3800 (a).
1586 3703 1630 3776 Et
1654 3725 1734 3780 cum
1765 3704 1870 3778 vellet
1896 3725 2019 3776 versus

639 3884 680 3963 (a)
703 3883 739 3944 ln
751 3883 853 3944 'codtee
866 3877 1019 3942 Abelmur.

639 3989 680 4070 (b)
700 3989 737 4051 ln
751 3987 851 4051 codice
863 3985 1005 4048 αᾰυινεοε.

638 4095 676 4174 (a)
701 4097 738 4158 ln
749 4095 851 4156 codice
862 4093 1019 4156 caesara

638 4201 680 4283 (d)
701 4203 738 4262 In
750 4201 819 4263 cod.
835 4201 927 4262 Paris.
945 4199 1074 4259 cairate.

638 4305 678 4389 (e)
703 4311 739 4370 ln
753 4307 819 4369 cod.
836 4308 932 4368 Parte.
947 4301 1109 4382 videbatur,
1124 4307 1215 4367 reete.

631 4639 667 4712 (t)
687 4634 804 4710 lpartir
816 4633 849 4694 de
860 4637 930 4690 cette
943 4631 1005 4690 dete
1020 4628 1127 4704 jusque
1141 4629 1169 4686 la
1182 4627 1218 4686 tin
1232 4627 1266 4685 de
1280 4625 1399 4696 l'elinda,
1413 4623 1528 4684 l’auteur
1541 4622 1656 4698 reprend
1675 4621 1701 4680 le
1721 4627 1792 4682 texte
1810 4622 1844 4680 de
1860 4621 1887 4680 la
1904 4621 2015 4680 madar

596 4733 728 4793 attribute
738 4730 754 4790 l
766 4731 819 4790 sire
831 4730 906 4788 baut.
