4594 6066
633 623 694 686 248
1105 622 1342 686 CHROMICOM
1366 625 1414 686 alt
1439 624 1569 686 REBUS

633 756 679 830 de
699 755 802 828 Canio
819 755 954 828 sindico
970 755 1160 829 communis
1175 757 1338 832 cremone
1353 767 1389 834 et
1405 761 1532 832 Uberto
1552 760 1744 834 Leoaoorvo
1762 759 1884 852 judice
1904 771 1940 834 et
1955 763 2043 834 Far-

633 880 729 954 nario
743 879 908 952 Carexeto
917 877 1037 972 judice
1052 879 1188 952 civibus
1207 881 1392 954 Placentia.
1412 882 1490 968 Qua
1504 883 1679 956 sentencia
1697 884 1764 954 lata
1781 884 1968 956 Placentini
1984 885 2042 956 in-

632 1003 769 1076 trinseci
782 1003 900 1074 babitu
917 1023 1036 1074 mum
1052 1004 1196 1076 consilio
1212 1015 1461 1078 recusaverunt
1475 1004 1603 1078 dictam
1617 1005 1801 1079 observare
1816 1007 2039 1098 sentenciam,

633 1128 792 1198 mitentes
817 1127 1057 1198 ambaxatores
1073 1149 1136 1222 per
1153 1127 1310 1203 civitates·
1329 1129 1534 1204 lombardie
1552 1127 1708 1202 dicentes
1732 1149 1771 1200 se
1783 1149 1861 1202 esse
1881 1129 2041 1226 deceptos

632 1251 722 1322 melo
745 1250 850 1322 modo
872 1251 908 1322 in
937 1250 1013 1345 ipsa
1038 1254 1232 1344 sentencia,
1257 1253 1463 1326 infamantes
1480 1253 1665 1326 Martinam
1687 1250 1733 1324 de
1756 1253 1900 1336 latare,
1929 1271 2039 1325 esser·

631 1383 752 1448 ventas
775 1375 884 1446 eciam
912 1373 992 1446 licet
1022 1395 1090 1446 non
1117 1387 1207 1448 esset
1228 1397 1371 1466 veram,
1398 1376 1494 1470 quod
1518 1375 1616 1448 aliud
1644 1375 1679 1446 in
1706 1375 1951 1469 compromisso
1978 1377 2041 1449 isto

631 1499 887 1570 contineretur:
909 1496 1042 1568 scilicet
1066 1497 1161 1592 qnod
1184 1499 1344 1572 lorbaniti
1370 1498 1542 1570 Placentia
1561 1519 1630 1570 non
1653 1496 1827 1569 debebant
1851 1499 1978 1572 reverti
1996 1501 2041 1572 ad

631 1623 787 1718 propria,
809 1630 845 1692 et
861 1619 911 1692 sio
930 1620 1114 1692 noluerant
1133 1620 1260 1694 dictam
1277 1623 1487 1694 sentenciam
1504 1621 1701 1694 observare.
1727 1623 1803 1707 Qua
1822 1632 1963 1718 propter
1978 1621 2039 1696 do-

630 1744 745 1814 minus
769 1743 916 1816 Ubertns
938 1741 1090 1814 marchio
1114 1743 1329 1815 pelavicinus
1351 1765 1431 1816 cum
1451 1745 1626 1817 communi
1648 1743 1813 1816 Cremona
1837 1753 1872 1816 et
1893 1745 1928 1818 M
1949 1747 2041 1818 mili-

631 1867 725 1939 tibus
746 1865 930 1939 Mediolani
945 1875 979 1936 et
994 1864 1044 1936 CC
1064 1866 1231 1937 militibus
1248 1867 1365 1940 Brixis
1384 1863 1392 1964 Ι
1413 1875 1448 1939 ot
1464 1867 1490 1938 C
1507 1865 1675 1938 militibus
1693 1865 1833 1939 Mantae
1850 1877 1885 1938 et
1901 1869 1927 1938 L
1951 1870 2039 1940 mili-

629 1991 723 2062 tibus
739 1989 820 2061 Aste
836 1998 871 2060 et
895 1988 1107 2059 Cremaschis
1125 1997 1159 2060 et
1174 1988 1225 2060 CC
1248 1989 1409 2060 ballistris
1428 1989 1613 2062 Cumarum
1629 1997 1665 2062 et
1682 1989 1788 2078 alliis,
1809 1991 1845 2060 in
1863 1991 1911 2061 Μ.
1933 1991 2039 2063 CCLX

630 2114 675 2188 de
700 2135 818 2185 meuse
840 2111 930 2203 junii
963 2109 1009 2182 ad
1035 2111 1271 2183 oesiditionem
1300 2111 1417 2183 Pontis
1441 2112 1541 2183 Narii
1566 2133 1630 2184 sna
1659 2110 1834 2183 linxerant
1859 2117 2039 2208 temptoria

629 2255 709 2307 cum
734 2233 890 2326 quinque
917 2219 1112 2320 trabuchis,
1139 2231 1175 2300 in
1202 2253 1272 2324 qua
1294 2231 1497 2304 oesiditione
1521 2239 1688 2304 steterunt
1718 2233 1827 2304 Xlllll
1853 2233 1928 2304 dies
1961 2254 2038 2306 curn

628 2357 855 2432 curatoribus
890 2357 1023 2427 Interea
1045 2355 1095 2426 CL
1116 2353 1250 2448 pedites
1273 2355 1461 2428 Placentini
1484 2364 1519 2427 et
1537 2355 1704 2428 Cremona
1729 2365 1764 2428 et
1788 2356 1934 2429 aliarum
1957 2379 2038 2452 par-

628 2483 720 2554 cium
746 2481 791 2552 ab
809 2479 963 2551 exercita
981 2477 1181 2549 secedentes
1200 2479 1415 2550 intraverunt
1435 2477 1655 2572 Capuanum,
1682 2478 1744 2572 qui
1767 2478 1816 2550 ibi
1838 2499 1960 2551 omnes
1979 2501 2039 2574 per

627 2605 704 2676 illos
723 2603 768 2676 de
788 2611 899 2674 castro
921 2599 1075 2693 Aquarto
1089 2600 1274 2671 stillarum
1297 2599 1452 2693 parcium
1468 2600 1560 2694 capti
1572 2611 1653 2672 sunt
1665 2609 1701 2672 et
1713 2601 1839 2672 mortui
1851 2621 1898 2673 ex
1913 2601 2039 2694 quibus

627 2725 813 2800 Placentini
835 2723 1020 2794 extrinseci
1042 2723 1136 2794 XXV
1156 2721 1442 2818 decapitaverunt
1463 2722 1498 2792 in
1521 2743 1644 2818 campo
1666 2721 1780 2812 Ferie,
1803 2723 1935 2795 scilicet
1956 2721 2037 2794 Gai-

628 2852 755 2926 donem
779 2851 938 2922 comitem
956 2847 1001 2920 de
1017 2846 1263 2936 Mantecuoho,
1282 2845 1483 2918 Autolinnm
1508 2845 1778 2931 Baoondednm,
1807 2846 2037 2920 Guillielmum

629 2976 674 3049 de
701 2977 791 3047 ltoca
816 2972 1005 3062 notarium,
1035 2969 1233 3042 Ymericnm
1259 2969 1437 3066 Spicigam
1467 2978 1504 3042 et
1529 2968 1615 3042 alios
1640 2969 1835 3042 consimiles
1869 2969 1916 3042 de
1942 2983 2036 3064 parte

628 3099 820 3173 extrinseca
843 3095 894 3192 (a)
922 3095 1202 3178 Placentia.an
1226 3092 1346 3166 audito
1363 3115 1427 3190 per
1448 3094 1524 3166 illos
1547 3092 1609 3186 qai
1635 3091 1672 3162 in
1695 3101 1806 3164 oestro
1829 3091 1921 3162 osesi
1943 3103 2037 3164 erant

628 3229 755 3294 terrore
782 3217 954 3314 parturiti,
976 3217 1055 3287 lioet
1080 3235 1148 3286 non
1175 3223 1299 3310 posent
1325 3236 1363 3286 ee
1387 3215 1494 3303 tueri,
1522 3214 1579 3286 die
1606 3213 1792 3286 sabbarix
1816 3214 1945 3285 mensis
1962 3215 2035 3305 juli

628 3345 761 3420 dictum
776 3351 924 3414 castrum
946 3337 1175 3412 reddiderunt
1192 3337 1333 3411 domino
1349 3338 1539 3411 marchioni
1557 3337 1638 3410 data
1656 3335 1806 3409 lidancia
1820 3335 1881 3430 Xl,
1902 3347 1939 3410 et
1955 3339 2036 3411 reli-

627 3489 716 3564 quos
742 3467 778 3537 in
806 3465 973 3537 Cremona
1002 3471 1191 3535 carceratos
1221 3461 1427 3552 destinavit;
1457 3461 1520 3555 qui
1554 3461 1693 3532 luerunt
1728 3478 1873 3531 numero
1899 3459 2035 3532 CCLXX

627 3611 747 3664 omnes
762 3585 834 3660 lere
851 3587 897 3661 de
916 3587 1079 3660 societate
1097 3585 1276 3675 Cremona,
1297 3593 1333 3656 et
1351 3581 1408 3656 die
1422 3583 1560 3656 veneris
1577 3581 1734 3676 sequenti
1755 3583 1916 3674 guarnito
1936 3592 1972 3658 et
1987 3584 2035 3655 iu·

627 3713 742 3787 sortito
756 3712 849 3784 dicto
866 3711 941 3782 loco
955 3709 1002 3782 ad
1017 3709 1155 3803 propria
1172 3707 1350 3780 redierant
1370 3728 1451 3778 oum
1473 3714 1545 3777 toto
1563 3703 1731 3776 exercita.
1750 3706 1789 3774 ln
1807 3705 1947 3778 ciuitate
1965 3707 2034 3780 Pla·

628 3837 739 3908 centie
766 3845 863 3907 erant
885 3831 1075 3906 Bernarbos
1103 3831 1256 3902 marchio
1279 3840 1314 3903 et
1337 3827 1538 3901 Fredcricas
1564 3827 1717 3900 marchio
1740 3827 1931 3921 Malaspina
1958 3851 2033 3902 cnm

628 3957 724 4030 XXX
742 3955 909 4026 militibus
922 3951 982 4051 [et]
996 3954 1021 4025 C
1033 3953 1199 4024 militibus
1211 3952 1469 4046 capitaneorum
1483 3948 1670 4024 Mediolani
1687 3951 1856 4024 lorestatis
1866 3951 1913 4023 ad
1923 3952 2034 4025 soldos

628 4079 915 4153 Placentinorum.

677 4201 806 4274 andem
829 4211 982 4293 temporo
999 4197 1151 4270 marchio
1171 4197 1216 4270 do
1240 4197 1300 4270 Est
1320 4207 1355 4270 et
1376 4217 1491 4270 comes
1508 4195 1623 4268 Sancti
1641 4196 1814 4268 Bonelaoii
1835 4206 1869 4270 et
1883 4197 2036 4272 Padaani

628 4324 836 4398 ossedebant
856 4322 1031 4394 Albricum
1053 4321 1098 4394 de
1116 4321 1270 4392 Romano
1288 4341 1367 4392 cam
1383 4341 1494 4392 uxore
1515 4330 1550 4392 et
1566 4317 1646 4390 illiis
1663 4327 1698 4390 et
1715 4315 1852 4392 filiabus
1870 4321 1906 4391 in
1928 4328 2037 4392 casta

629 4449 673 4521 de
693 4451 818 4520 Sancto
843 4448 1000 4530 Zenona,
1028 4465 1098 4537 qao
1120 4453 1221 4539 capto
1247 4442 1358 4515 ditum
1383 4442 1560 4516 Albricam
1586 4451 1621 4513 et
1645 4439 1734 4514 filios
1758 4441 2032 4538 suspenderant,

630 4590 757 4643 uxores
775 4581 810 4642 et
825 4569 913 4642 filias
930 4567 1196 4640 combuxerunt.

671 4720 714 4802 (a)
735 4722 868 4783 Forsitan
882 4720 1048 4782 intrinseca.
