4594 6066
651 635 716 698 ela
1127 638 1367 701 cunonlcoll
1391 637 1443 698 DE
1467 635 1595 697 REBUS

647 779 739 860 tem,
758 771 912 844 volentes
930 770 1146 846 introducere
1169 773 1442 846 Mediolanenses
1465 779 1500 844 et
1522 769 1721 844 Laudenses
1746 769 1783 841 in
1807 772 1981 846 civitatem
2004 797 2051 848 ra·

654 891 844 966 duxerunt.
871 895 909 966 Iu
941 896 1098 989 proximo
1126 918 1244 968 mense
1269 895 1409 988 augusti
1433 894 1617 988 Papienses
1647 895 1865 988 pacisoerunt
1894 897 2052 992 eligentes

653 1025 854 1111 potestatem
876 1018 922 1089 de
944 1018 1128 1112 Pergamo,
1152 1029 1188 1091 et
1206 1020 1321 1092 statim
1340 1016 1565 1090 Alexandrini
1582 1017 1798 1112 paoisoerunt
1814 1039 1893 1091 cum
1908 1021 2052 1116 Pupien-

653 1141 769 1229 sibus3
788 1140 884 1213 unde
900 1151 1105 1236 oougregato
1127 1143 1282 1215 exercitu
1302 1143 1439 1214 iverunt
1456 1141 1501 1214 ad
1521 1139 1763 1214 ossidioionem
1787 1143 1903 1216 Pontis
1924 1143 2051 1218 Cunioli

652 1282 757 1356 quem
772 1264 925 1336 marchio
935 1266 1066 1338 Lancea
1082 1265 1221 1338 tenebat
1234 1265 1418 1361 ipsumque
1426 1264 1622 1337 babuerunt
1637 1273 1672 1339 et
1685 1265 1814 1338 Canale
1823 1265 2049 1340 Sanuaxium.

652 1385 690 1457 ln
714 1382 874 1480 proximo
897 1407 1015 1462 mense
1035 1389 1238 1484 septembris
1262 1388 1416 1462 marubio
1435 1389 1567 1462 Lanoea
1591 1388 1637 1462 de
1659 1391 1816 1484 prexenti
1837 1393 1956 1464 seonlo
1969 1392 2053 1464 emi·

651 1511 777 1602 gravit.

699 1631 831 1704 interea
854 1631 1027 1728 capitanei
1049 1641 1084 1706 et
1102 1635 1299 1706 valvasores
1321 1631 1504 1707 Mediolani
1523 1653 1603 1706 eum
1627 1634 1731 1707 iratre
1752 1635 1867 1707 Leone
1884 1634 2052 1730 arehiepi-

649 1775 756 1848 scopo
765 1755 948 1827 Mediolani
961 1769 1045 1850 aput
1056 1757 1250 1850 Lignanum
1266 1757 1464 1852 oongregati
1481 1767 1562 1828 sunt
1575 1777 1655 1828 oum
1668 1756 1815 1828 Curanis
1828 1753 1877 1852 (a)
1895 1765 1930 1830 st
1947 1759 2052 1832 Nova·

648 1875 820 1949 riensibus
837 1877 1023 1972 ipsumque
1033 1881 1146 1952 locum
1164 1879 1298 1954 fossatis
1316 1880 1488 1952 munitum
1504 1877 1709 1952 resistebant
1724 1879 1899 1953 civitatem
1915 1879 1964 1977 (b)
1978 1881 2052 1953 uiri·

648 1999 725 2072 liter
743 2012 777 2072 et
794 2009 961 2094 potenter.

696 2125 732 2194 ln
749 2125 908 2218 proximo
929 2143 1046 2195 meuse
1064 2123 1202 2213 marcii,
1219 2133 1371 2196 exeunte
1388 2125 1464 2219 ipso
1481 2145 1620 2214 mense,
1644 2123 1736 2196 oiroa
1761 2123 1886 2214 linem,
1907 2125 2051 2197 forestati

646 2245 692 2320 de
707 2246 878 2318 Plaoentia
899 2246 961 2339 qui
983 2257 1068 2341 aput
1087 2244 1289 2318 Cremonam
1313 2254 1413 2318 erant
1434 2247 1650 2319 intraverunt
1668 2245 1704 2318 iu
1729 2255 1878 2320 nastrum
1900 2247 2051 2319 Cavursii

646 2368 819 2465 capientes
829 2369 985 2443 homines
997 2377 1032 2443 et
1044 2369 1171 2442 bestias
1181 2368 1317 2440 illarum
1333 2369 1499 2463 parcium,
1513 2378 1547 2442 et
1564 2370 1678 2465 ipsum
1695 2378 1845 2442 castrum
1857 2391 1938 2442 oum
1952 2371 2051 2444 loreia

645 2493 837 2566 eommunis
854 2489 1019 2565 Cremona
1036 2501 1070 2564 et
1084 2489 1290 2563 marchionis
1304 2497 1338 2562 et
1352 2490 1484 2562 domini
1500 2491 1590 2564 Bosii
1607 2490 1653 2564 de
1666 2492 1814 2565 Dovaria
1827 2493 1957 2566 fortiter
1974 2515 2051 2564 mu·

643 2605 782 2690 nieruut
796 2616 985 2689 rebalautes
999 2607 1043 2711 (r)
1067 2613 1193 2687 cotidie
1210 2614 1361 2698 eivitati3
1378 2614 1524 2686 illivero
1540 2613 1738 2686 decivitate
1756 2625 1926 2710 quotquot
1938 2615 2049 2712 capie-

644 2738 727 2811 bant
740 2759 787 2811 ex
803 2738 888 2833 ipsis
904 2735 1181 2832 suspendebant,
1198 2745 1233 2808 et
1248 2735 1296 2806 illi
1315 2734 1361 2808 de
1374 2735 1539 2808 Cavursio
1558 2755 1696 2831 semper
1710 2755 1774 2831 pro
1792 2755 1864 2808 uno
1880 2735 1970 2810 duos
1985 2758 2051 2808 sus

644 2859 855 2957 pendebant.

712 2982 719 3080 Ι
740 2981 870 3056 Eodem
889 2991 1040 3076 ternpore
1056 2979 1242 3054 Ubertinus
1260 2977 1306 3052 de
1321 2977 1447 3053 Audito
1465 2999 1571 3053 eausa
1588 2977 1740 3053 habendi
1754 2978 1926 3052 auxilium
1944 2980 2050 3052 iverat

644 3107 681 3178 in
698 3105 857 3199 Apuliam
875 3104 921 3178 ad
932 3102 1149 3178 Manlredum
1174 3101 1362 3196 principem
1379 3101 1540 3175 Tarenti:
1560 3102 1742 3175 eratenim
1762 3101 1837 3194 ipse
1853 3096 2049 3170 blaniredus

643 3228 920 3321 consanguineus
938 3247 1124 3320 germanus
1143 3222 1308 3296 liliorum.

691 3350 822 3424 Eodem
845 3360 997 3444 temporo
1019 3346 1219 3422 lllanlredus
1236 3345 1398 3443 priuoeps
1413 3345 1571 3436 Tarenti,
1589 3345 1680 3417 lilius
1700 3343 1917 3438 imperatoris
1928 3341 2050 3416 Frede-

643 3474 718 3562 riei,
736 3474 880 3568 cupiens
891 3493 1037 3565 regnum
1049 3495 1112 3568 pro
1128 3493 1192 3545 suo
1207 3479 1371 3544 tenereet
1386 3469 1527 3559 babere,
1544 3467 1740 3542 oonvooatis
1754 3465 1970 3562 principibus
1981 3465 2050 3538 suis

644 3598 724 3670 looit
744 3605 844 3669 naute
864 3604 899 3668 et
918 3617 981 3668 rex
1000 3594 1077 3693 (sic)
1095 3594 1277 3686 ingeniose
1304 3591 1543 3686 divulgarinari
1571 3611 1631 3685 per
1651 3611 1799 3682 regnum
1818 3587 2049 3661 Cnnradinnm

644 3714 755 3792 tilium
774 3719 922 3792 nondam
937 3720 1028 3812 regis
1042 3717 1195 3791 Cunradi
1212 3737 1289 3789 essa
1302 3725 1490 3788 mortuum.
1511 3714 1588 3800 Qun
1606 3711 1763 3786 ordinato
1786 3711 1868 3784 lecit
1888 3729 1927 3784 se
1940 3731 2049 3804 regem

645 3843 832 3914 Jerusalem
855 3849 890 3913 ot
906 3839 1041 3912 Soioilie
1065 3842 1179 3912 vocari
1202 3849 1238 3911 et
1254 3839 1335 3912 feeit
1354 3836 1494 3910 eomites
1511 3843 1546 3910 et
1564 3835 1681 3908 omnia
1703 3835 1772 3907 alia
1798 3835 1890 3906 siout
1912 3855 1996 3923 rex,
2019 3843 2052 3904 et

645 3963 770 4037 habuit
786 3972 891 4036 totam
910 3972 1034 4035 terram
1047 3962 1123 4034 sine
1137 3961 1418 4034 contradictione.

694 4087 742 4162 lt.
758 4086 821 4162 CC.
836 4084 936 4178 Lllll,
957 4084 1016 4158 die
1029 4085 1121 4177 jovis
1132 4085 1179 4156 Xl
1198 4084 1327 4156 mensis
1337 4078 1502 4174 januarii,
1520 4079 1682 4153 Albertus
1696 4078 1743 4152 de
1757 4079 1910 4152 Fontana
1923 4077 2051 4152 babens

646 4219 827 4283 uaotatum
843 4231 922 4282 oum
940 4207 1329 4288 militibusPlaoontinis
1345 4215 1379 4278 et
1394 4204 1570 4298 aliquibus
1585 4203 1838 4298 pmdietoribns
1850 4203 1925 4274 suis
1940 4209 2051 4274 eontra

646 4332 723 4406 illos
741 4331 786 4404 da
800 4333 929 4406 Audito
945 4341 979 4404 et
997 4331 1084 4404 ulios
1100 4329 1144 4402 da
1158 4330 1304 4425 populo,
1324 4328 1382 4401 die
1393 4335 1520 4401 statuto
1537 4327 1629 4422 oepit
1641 4324 1849 4400 Guizardum
1866 4325 1912 4399 de
1928 4322 2052 4398 Audito

689 4505 733 4586 (a)
755 4505 818 4580 Sle;
833 4507 1028 4567 verlslmlllter
1042 4505 1191 4566 Cumulo.

691 4611 730 4692 (l)
752 4612 848 4674 boens
861 4611 983 4672 mutllus
995 4613 1052 4671 nid
1063 4609 1210 4689 quaedam
1223 4609 1333 4671 desint.

690 4717 725 4794 (c)
749 4717 885 4796 ipson.
899 4717 1056 4781 doMussls
1067 4711 1250 4780 debellentet.
