4554 6080
761 643 803 704 ln
827 642 969 704 treola
993 643 1147 705 GESTIS.
1603 647 1666 710 295

291 777 513 876 «Magnifice
533 786 569 852 et
593 777 734 873 egregio
753 778 830 852 viro
848 777 990 852 domiuo
1014 777 1144 852 Uberto
1170 779 1362 852 marchioni
1387 779 1584 853 Peluviciuo
1601 803 1666 854 suo

242 916 413 1000 unquam
433 903 541 1000 patri,
568 900 747 976 Conradns
763 901 902 998 Capicio
928 901 993 974 Dei
1013 909 1047 974 et
1069 902 1165 994 regia
1189 903 1300 996 gratia
1322 923 1437 976 comes
1460 903 1600 996 Escnli,
1629 905 1666 976 in

239 1049 351 1124 regno
368 1027 505 1100 Scicilie
528 1025 694 1121 magister
717 1024 933 1121 justiciarius
957 1033 992 1098 et
1016 1046 1079 1122 per
1101 1033 1207 1097 totam
1229 1025 1418 1119 Sciciliam,
1444 1037 1598 1122 paratum
1620 1028 1668 1102 ad

238 1159 339 1242 mata
353 1151 501 1226 servicia
523 1158 559 1224 et
579 1148 749 1243 obsequia
763 1149 992 1221 voluntatem.
1008 1148 1073 1220 Per
1091 1149 1218 1222 multas
1234 1149 1363 1222 litteras
1378 1157 1513 1223 nostras
1527 1151 1669 1246 magui-

240 1273 357 1349 tudini
366 1283 482 1348 vestre
500 1273 720 1348 transmissas
735 1293 797 1368 per
810 1293 898 1366 quas
913 1291 1098 1366 personam
1116 1282 1283 1366 nostram,
1303 1271 1547 1365 devocionem‚
1564 1275 1668 1348 ohsc-

243 1399 330 1494 qnia
353 1407 389 1474 et
409 1397 556 1492 negocia
578 1404 695 1470 nostra
712 1394 815 1467 vobis
840 1393 1029 1468 affectuose
1054 1395 1377 1469 commendavimus
1393 1405 1559 1492 tanquam
1577 1399 1667 1492 patri

241 1529 277 1592 et
289 1519 401 1592 eciam
414 1539 476 1612 per
489 1517 618 1592 lumem
628 1513 806 1589 volatilem
817 1512 864 1587 ad
879 1511 1100 1586 audienciam
1114 1523 1265 1588 vestram
1275 1514 1449 1588 credimus
1465 1517 1668 1611 pervenisse

241 1642 395 1738 qualiter
409 1663 515 1736 super
528 1639 779 1714 exaltationem
801 1637 889 1734 regii
912 1637 1064 1710 nominis
1078 1647 1113 1711 et
1130 1637 1270 1712 honoris
1290 1639 1454 1714 ininsula
1472 1641 1608 1715 Scicilie
1620 1641 1668 1716 ad

240 1787 350 1862 quum
372 1765 420 1840 de
442 1763 608 1838 mundato
624 1771 659 1838 et
683 1761 927 1837 commissione
948 1763 1090 1836 illustris
1115 1763 1248 1838 domiui
1272 1763 1378 1836 nostri
1404 1765 1496 1858 regis
1519 1765 1667 1838 Conradi

241 1887 388 1962 secundi
409 1887 637 1976 accessimus,
658 1895 730 1960 tam
750 1886 855 1980 longo
880 1895 1033 1980 tempore
1054 1885 1127 1978 jam
1153 1895 1323 1960 transacto
1343 1887 1380 1960 in
1406 1889 1668 1982 recuperatione
1792 1883 1797 1890 ’

241 2011 354 2107 ipsius
377 2010 490 2084 insule
521 2011 570 2084 ud
593 2009 797 2084 domanium
824 2009 960 2102 regium
986 2009 1031 2084 de
1060 2011 1224 2084 manibus
1249 2011 1366 2085 Karoli
1389 2012 1496 2084 hostis
1522 2013 1668 2086 humani

242 2133 400 2228 geneum,
429 2133 529 2228 regni
557 2133 693 2229 publici
722 2133 914 2226 invasoris,
943 2155 985 2208 ac
1013 2135 1223 2208 relevatione
1247 2135 1388 2228 justicie
1425 2135 1531 2208 totius
1560 2137 1668 2232 prolis

243 2259 389 2332 Cesarea
409 2257 500 2332 ultra
524 2279 624 2354 spem
645 2257 827 2330 hominum
849 2279 974 2330 manus
998 2257 1168 2331 Altissimi
1194 2279 1264 2354 que
1289 2267 1434 2354 patrona
1457 2269 1509 2332 est
1527 2259 1668 2352 justicie

243 2383 339 2478 regie
354 2403 419 2456 nos
434 2391 580 2456 actenus
600 2381 816 2478 prosperavit
842 2391 878 2454 et
897 2382 1061 2456 secundat
1085 2383 1226 2456 assidue
1251 2383 1409 2454 felicibus
1431 2383 1665 2458 incrementis.

242 2507 345 2580 Nunc
360 2514 496 2596 summ,
512 2505 596 2602 quia
611 2503 785 2578 credimus
800 2503 899 2599 quod
914 2505 950 2577 in
969 2504 1145 2580 audienda
1159 2505 1320 2579 felicitate
1335 2528 1560 2578 successuum
1573 2507 1670 2601 regie

244 2629 460 2704 celsitudinis
474 2637 593 2704 vestra
603 2627 866 2724 magnificencia
880 2628 1084 2722 delectatur,
1100 2629 1201 2703 vobis
1217 2627 1264 2702 ad
1280 2629 1450 2724 gaudium
1464 2629 1670 2702 nunciamus

244 2752 342 2848 quod
360 2775 441 2826 cnm
458 2751 603 2848 quidum
628 2751 804 2826 exercitus
829 2753 1139 2844 Francigenarnm‚
1159 2753 1429 2826 Prouincialium
1444 2761 1479 2826 et
1503 2753 1670 2826 Picardo-

244 2899 324 2950 rum
338 2877 384 2952 ab
401 2876 525 2952 eodem
547 2876 674 2950 Kurolo
693 2874 886 2948 destinatus
908 2877 945 2948 in
967 2875 1139 2948 Sciciliam
1163 2877 1363 2950 accessisset
1380 2886 1450 2949 tam
1472 2877 1545 2949 suis
1563 2900 1670 2972 quam

246 3001 467 3098 quorundam
493 2999 729 3096 predictorum
749 2999 885 3072 Scicilie
909 2999 976 3073 sibi
1003 2999 1225 3096 complicium
1249 3000 1422 3094 egregatis
1446 3001 1582 3074 viribus
1605 3023 1671 3074 co-

246 3123 357 3220 piosis
370 3132 406 3197 et
418 3122 464 3196 ad
475 3123 726 3199 obscidendam
741 3121 916 3196 civitatem
932 3122 1120 3218 Agregenti
1137 3123 1199 3195 nbi
1216 3145 1296 3196 cum
1313 3133 1385 3196 toto
1397 3125 1495 3219 regio
1513 3126 1670 3198 exercitu

247 3247 470 3322 morabamus
497 3255 662 3342 tanquam
690 3246 810 3320 audax
846 3255 881 3318 ct
907 3247 1109 3319 temerarius
1139 3247 1407 3343 presumpsisset
1437 3246 1586 3342 figerent
1619 3248 1670 3346 (a)

247 3381 361 3446 castra
376 3391 460 3462 sna,
486 3391 550 3444 nos
566 3369 603 3442 in
624 3371 687 3444 Dei
710 3369 852 3442 nomine
866 3379 903 3444 et
923 3371 1052 3444 virtute
1070 3379 1105 3443 et
1126 3371 1264 3444 fortuna
1283 3373 1377 3466 regie
1394 3373 1583 3464 majestatis
1599 3395 1671 3446 una

246 3517 329 3572 cum
341 3504 413 3569 toto
426 3495 522 3590 regio
539 3495 714 3588 exercitu,
732 3493 789 3568 die
801 3493 936 3568 sabbati
954 3493 1065 3589 primo
1081 3495 1211 3568 mensis
1225 3495 1316 3588 junii
1331 3495 1395 3566 ΧΗ
1411 3495 1614 3588 indictione,
1634 3497 1671 3568 in

246 3620 342 3716 ipsos
356 3628 391 3694 et
406 3639 528 3693 eorum
546 3627 658 3692 metra
671 3627 830 3716 potentm
854 3618 1020 3692 inivimus
1041 3627 1076 3691 et
1091 3617 1247 3692 immisso
1264 3619 1346 3713 igne
1362 3619 1400 3690 in
1422 3619 1613 3714 temptoriis
1637 3627 1672 3692 et

245 3745 392 3838 teguriis
407 3743 611 3818 eorumdem
624 3764 685 3816 eos
702 3742 904 3818 debelantes
920 3741 957 3814 in
972 3751 1147 3816 momento
1164 3742 1211 3817 de
1234 3743 1367 3838 campis
1390 3741 1574 3834 ejecimus,
1594 3741 1673 3814 infi-

245 3867 333 3942 nitis
347 3889 469 3942 eornm
482 3865 607 3941 occisis
622 3863 760 3962 gladio,
778 3867 861 3962 igne
877 3867 1067 3940 combustis
1085 3875 1120 3938 ct
1134 3867 1278 3960 reliquis
1294 3867 1331 3938 in
1352 3867 1472 3960 lugam
1491 3865 1669 3962 dispersis.

246 3994 433 4066 Trecentos
449 4012 534 4066 vero
550 3990 596 4066 de
608 3990 834 4085 Francigenis
850 3991 888 4063 in
905 3991 1069 4064 conflictu
1087 3998 1204 4087 captos
1226 3987 1234 4088 Ι
1254 3989 1368 4086 capite
1382 3989 1528 4062 lecimus
1549 3989 1673 4062 decol-
1699 4015 1862 4062 rasam

246 4114 435 4210 laresque
455 4113 581 4208 judicii
605 4113 772 4188 severitas
785 4114 822 4186 in
838 4113 1007 4210 ⁸omnibns
1021 4111 1241 4205 Francigenis
1258 4121 1292 4184 et
1313 4111 1566 4207 predictoribus
1585 4133 1673 4206 quos
1778 4135 1780 4140 ·

246 4238 382 4312 habere
400 4257 587 4334 mamus
610 4247 751 4332 propter
772 4257 894 4310 eorum
918 4235 1118 4332 nequiciam
1142 4242 1340 4308 exercetur.
1356 4232 1414 4306 Ad
1438 4234 1673 4329 insequendas

248 4364 363 4440 eciam
378 4361 543 4458 reliquias
556 4361 712 4458 ipsorum
729 4361 962 4457 prodictorum
989 4359 1203 4455 fugiencium
1224 4367 1259 4432 ct
1279 4357 1523 4432 conterendam
1548 4360 1672 4453 nequi·

249 4488 342 4564 cium
361 4486 559 4582 aliquorum
580 4484 819 4581 predictorum
834 4484 895 4579 qui
911 4481 1029 4556 adhuc
1044 4483 1082 4555 in
1102 4481 1290 4556 rebellione
1306 4479 1512 4578 perdurant,
1540 4481 1591 4554 sic
1610 4501 1673 4576 po·

294 4754 338 4836 (c)
358 4755 497 4820 Forsitan
511 4773 565 4834 per
577 4757 764 4817 osetondam
777 4755 928 4833 scriptoris
940 4769 994 4832 pro
1000 4749 1106 4834 Μαι.
