4554 6080
616 634 677 695 264
1087 632 1328 702 CHBONlCON
1351 635 1403 695 1111
1428 635 1557 696 REBUS

615 769 710 842 crida
732 789 794 862 per
810 766 987 840 civitatem
1004 789 1051 840 ex
1070 776 1166 862 parte
1183 772 1258 862 ejus
1273 778 1312 842 ut
1327 770 1475 864 quilibet
1495 791 1534 842 se
1553 770 1786 843 desarmaret:
1803 768 1901 862 qnod
1915 772 2029 843 nullus

615 893 726 964 lacere
746 891 856 964 voluit
874 890 1030 965 timendo
1049 913 1219 988 unapars
1238 894 1378 966 alteram
1399 892 1496 988 qnod
1512 913 1582 966 non
1605 891 1832 987 deciperetur.
1848 893 1892 964 Et
1907 893 2029 966 stando

613 1016 716 1088 sicin
734 1015 895 1088 contratis
909 1015 1011 1110 primi
1026 1017 1163 1110 sompni
1179 1017 1327 1090 Ubartus
1349 1016 1395 1090 de
1410 1017 1553 1113 Sipiono
1572 1038 1654 1089 cum
1671 1014 1839 1088 militibus
1851 1015 1897 1088 de
1914 1017 2028 1109 Bnrgc

614 1139 705 1211 circa
736 1137 785 1210 CC
811 1137 938 1212 milites
963 1139 1128 1233 applicuit
1152 1141 1189 1212 in
1215 1141 1390 1214 Placentia
1416 1163 1497 1214 cum
1525 1140 1681 1214 tronbeto
1705 1138 1795 1212 bene
1817 1141 1959 1228 armati;
1985 1141 2029 1213 dc

613 1284 760 1356 quorum
785 1261 940 1335 adventu
965 1283 1129 1356 magnum
1151 1264 1320 1356 gandium
1340 1265 1405 1336 init
1426 1263 1568 1337 domino
1589 1263 1706 1336 comiti
1728 1272 1764 1335 et
1779 1263 1847 1334 illis
1868 1262 1913 1336 de
1932 1272 2028 1358 parte

612 1409 698 1478 sua;
723 1397 758 1458 et
781 1387 873 1460 circa
895 1387 1059 1458 matutina
1085 1395 1236 1481 potestas
1254 1388 1422 1461 Cremona
1439 1396 1474 1460 et
1492 1387 1619 1460 milicia
1642 1397 1678 1460 et
1696 1388 1847 1482 populns
1866 1385 2029 1458 cremone

613 1511 857 1606 applicuerunt
879 1509 915 1580 in
938 1511 1130 1600 Placentia,
1149 1510 1319 1585 mittendo
1336 1532 1471 1606 semper
1490 1511 1622 1582 litteras
1640 1519 1675 1583 et
1695 1510 1841 1582 nuncios
1858 1511 1961 1604 legati
1978 1511 2029 1584 eis

613 1633 838 1728 precipiendo
851 1633 948 1727 qnod
962 1657 1031 1708 non
1040 1636 1215 1720 venirent3
1227 1637 1289 1730 qni
1304 1649 1441 1732 prepter
1454 1635 1520 1708 boc
1532 1655 1602 1707 non
1615 1633 1836 1725 dimiserunt,
1847 1633 1910 1706 sed
1923 1635 2028 1706 fracta

612 1765 710 1850 porta
739 1757 890 1830 civitatis
912 1756 1079 1831 deversns
1107 1758 1274 1832 Cremone
1297 1759 1474 1832 civitatem
1499 1759 1715 1830 intraverunt
1740 1765 1775 1830 et
1800 1767 1970 1829 venerunt
1992 1758 2027 1828 in

611 1881 759 1974 plateam
786 1881 925 1971 majoris
945 1882 1100 1954 ecclesie.
1130 1882 1207 1967 Quo
1234 1882 1354 1956 andito
1381 1882 1547 1977 perillus
1572 1881 1691 1975 quiin
1720 1880 1834 1972 burgo
1857 1880 2029 1954 Placentia

612 2012 726 2094 erant,
749 2023 877 2096 pavore
892 2003 1065 2075 conterriti
1086 2004 1145 2075 alii
1165 2005 1340 2098 lugierunt
1354 2005 1460 2077 etalii
1476 2013 1650 2077 venerunt
1666 2003 1712 2076 ad
1730 2003 1908 2094 comitem,
1926 2005 2028 2076 etsie

612 2147 692 2220 pars
713 2126 846 2198 comitis
866 2125 989 2198 crescit
1002 2135 1037 2198 et
1056 2127 1164 2198 altera
1177 2127 1356 2200 decrescit.
1374 2129 1416 2200 Et
1434 2137 1509 2200 orto
1530 2125 1588 2199 die
1605 2147 1667 2221 per
1682 2126 1756 2196 vim
1770 2135 1888 2196 contra
1904 2127 2028 2196 volon-

611 2258 716 2324 tatem
732 2250 867 2322 comitis
880 2271 961 2343 pars
974 2271 1038 2322 sna
1054 2250 1118 2322 ivit
1129 2250 1176 2323 ad
1188 2251 1334 2344 illosqni
1347 2249 1651 2344 erantcongregati
1664 2249 1701 2319 in
1716 2248 1827 2342 burgo
1841 2249 2026 2340 Placentia,

611 2384 749 2446 etcum
779 2375 919 2444 luerunt
947 2373 1040 2466 apud
1073 2373 1195 2445 domos
1220 2374 1396 2448 Buffornm
1424 2395 1495 2468 qne
1520 2374 1678 2467 gnamite
1700 2381 1798 2444 erant
1822 2371 1868 2444 de
1890 2373 2028 2444 rusticis

611 2495 826 2568 Vallistidoni
850 2503 885 2566 et
908 2503 999 2566 rosta
1028 2504 1101 2568 crat
1123 2497 1212 2568 lacta
1235 2496 1271 2567 in
1296 2496 1372 2584 via,
1398 2505 1497 2590 capta
1528 2503 1618 2568 rosta
1643 2503 1678 2566 et
1704 2492 1809 2567 domo
1831 2493 2025 2587 Bndorum,

611 2620 737 2690 multos
754 2617 803 2688 ibi
818 2616 1019 2690 occiderunt
1034 2618 1165 2690 scilicet
1178 2618 1269 2690 circa
1281 2619 1386 2710 XVII,
1402 2627 1437 2690 et
1450 2620 1590 2690 iverunt
1603 2618 1692 2688 ultra
1709 2637 1821 2710 nsque
1835 2615 1881 2688 ad
1899 2625 2027 2690 turrem

610 2742 804 2815 Gotenteste
823 2740 974 2812 obierat
995 2741 1084 2812 lacta
1107 2761 1176 2812 una
1193 2749 1305 2831 rosta,
1328 2739 1388 2812 nbi
1405 2739 1503 2812 alteri
1520 2761 1557 2812 se
1580 2737 1813 2812 defendebant
1833 2739 1977 2810 viriliter
1993 2749 2029 2811 et

609 2871 777 2959 potenter.
797 2861 918 2934 Comes
931 2861 1116 2934 Ubertinus
1131 2883 1200 2934 non
1216 2869 1290 2934 erat
1301 2883 1458 2956 presens,
1477 2860 1581 2956 pauci
1598 2861 1723 2934 milites
1737 2859 1799 2956 (a).
1817 2861 1917 2932 Ibant
1932 2861 2027 2932 enim

609 2995 788 3082 magnates
807 2985 852 3058 de
868 2995 965 3080 parte
982 2985 1116 3058 comitis
1140 2982 1352 3078 predicando
1369 3005 1509 3079 pacem,
1530 2984 1620 3056 sicot
1640 2994 1739 3057 erant
1758 2983 1865 3078 Opizo
1877 2985 2024 3078 Balbus,

609 3111 711 3185 Oddo
727 3109 959 3199 Manchasola,
973 3107 1145 3180 lohannes
1160 3106 1205 3180 de
1218 3108 1321 3180 Porta
1338 3117 1372 3180 et
1387 3107 1446 3178 alii
1459 3106 1666 3180 consimiles.
1683 3107 1929 3180 Cremonenses
1944 3127 2028 3180 vem

609 3236 670 3330 qni
699 3235 734 3304 in
763 3231 938 3304 mandatis
963 3231 1139 3304 habebant
1164 3253 1186 3303 a
1216 3231 1357 3304 domino
1382 3231 1500 3304 Bossio
1524 3229 1621 3326 qnod
1645 3231 1796 3302 lacerent
1820 3229 2027 3304 adsensum

608 3360 813 3452 legatorum,
823 3355 1280 3428 nolebantseintrumittere.
1290 3353 1359 3428 Sed
1372 3353 1917 3445 mediatoresselaciebant,sicnt
1929 3363 2028 3426 erant

608 3482 782 3554 lohannes
797 3479 982 3570 Obdonos,
1000 3477 1205 3550 Bonelacius
1224 3477 1269 3550 de
1286 3477 1483 3551 Albertanis
1499 3487 1534 3550 et
1550 3477 1608 3550 alii
1623 3476 1819 3548 consimiles
1837 3475 2027 3572 proditores

609 3605 739 3679 domini
756 3603 864 3690 Bosii,
881 3613 917 3676 et
938 3602 1104 3675 dixerunt
1122 3603 1178 3674 isti
1194 3604 1309 3676 comiti
1324 3603 1421 3698 quod
1437 3603 1563 3676 faceret
1580 3601 1708 3696 partire
1723 3609 1860 3694 gentem
1880 3612 2029 3674 suamet

608 3749 689 3802 suos
706 3751 727 3800 a
744 3737 874 3801 sturmo
893 3727 1134 3817 incontinenti,
1149 3727 1302 3820 alioquin
1318 3727 1383 3820 ipsi
1403 3725 1504 3798 ibunt
1516 3723 1563 3798 ad
1578 3725 1720 3798 alteram
1735 3733 1867 3818 partem
1879 3735 1914 3797 et
1928 3725 2027 3819 adju·

608 3852 742 3924 vabunt
764 3873 854 3924 eam.
873 3851 916 3922 Et
944 3850 991 3922 ita
1013 3850 1166 3945 oportuit
1190 3849 1287 3944 quod
1314 3849 1407 3922 idern
1433 3869 1550 3921 cernes
1575 3849 1703 3920 laceret
1722 3868 1806 3919 snos
1826 3846 1982 3921 dividere
2005 3871 2027 3921 a

608 3983 758 4062 sturmo,
785 3995 854 4046 non
879 3974 972 4046 enim
993 3981 1150 4067 poterant
1175 3974 1254 4068 plus
1284 3972 1411 4047 durare
1437 3971 1488 4043 illi
1513 3971 1558 4044 de
1585 3973 1692 4044 altera
1717 3982 1813 4065 parte
1837 3971 1935 4066 quod
1958 3991 2026 4044 non

607 4107 721 4170 essent
736 4098 880 4188 mortni;
899 4096 1196 4192 compromitendo
1219 4119 1258 4168 se
1278 4097 1379 4169 ambe
1405 4104 1518 4191 partes
1539 4096 1576 4166 in
1595 4095 1776 4170 dominnm
1801 4095 1957 4168 llocbnm
1981 4094 2028 4168 de

607 4224 717 4292 Strata
728 4228 929 4314 potestatem
945 4219 1110 4292 Cremona
1127 4229 1160 4292 et
1175 4240 1360 4292 commune
1372 4220 1550 4310 Cremona,
1562 4229 1597 4294 et
1610 4217 1661 4294 sic
1675 4219 1790 4294 diviso
1805 4227 1937 4292 sturmo
1948 4218 2027 4312 qni-

608 4345 692 4416 libet
713 4343 777 4416 ivit
798 4343 843 4417 ad
864 4343 1021 4437 propria;
1042 4350 1077 4414 et
1092 4341 1253 4414 Albertns
1270 4343 1315 4414 de
1332 4343 1486 4418 Fontana
1501 4353 1535 4416 et
1550 4343 1607 4416 sni
1624 4343 1825 4418 decivitate
1843 4343 2028 4416 exiverunt

606 4477 640 4538 et
664 4467 783 4539 rustici
797 4465 842 4538 de
857 4465 1077 4539 Valletidoni.
1098 4467 1142 4538 Et
1158 4466 1285 4538 milicia
1300 4466 1406 4562 Papie
1422 4467 1514 4540 circa
1531 4487 1695 4562 resperas
1711 4467 1877 4562 applicuit
1895 4467 1931 4537 in
1948 4466 2026 4538 Pla·

648 4735 689 4816 (α)
711 4737 756 4798 lbl
770 4737 906 4815 quadam
921 4737 1021 4800 deesse
1034 4738 1183 4800 videntur.
