<?xml version="1.0" encoding="UTF-8"?>
<!DOCTYPE html PUBLIC "-//W3C//DTD XHTML 1.0 Transitional//EN"
    "http://www.w3.org/TR/xhtml1/DTD/xhtml1-transitional.dtd">
<html xmlns="http://www.w3.org/1999/xhtml" xml:lang="en" lang="en">
 <head>
  <title>
</title>
<meta http-equiv="Content-Type" content="text/html;charset=utf-8" />
  <meta name='ocr-system' content='tesseract 3.04.00' />
  <meta name='ocr-capabilities' content='ocr_page ocr_carea ocr_par ocr_line ocrx_word'/>
</head>
<body>
  <div class='ocr_page' id='page_1' title='image "./chroniconplacen00huilgoog_0215.png"; bbox 0 0 4594 6066; ppageno 0'>
   <div class='ocr_carea' id='block_1_1' title="bbox 582 599 1525 668">
    <p class='ocr_par' dir='ltr' id='par_1_1' title="bbox 582 599 1525 668">
     <span class='ocr_line' id='line_1_1' title="bbox 582 599 1525 668; baseline 0.003 -4"><span class='ocrx_word' id='word_1_1' title='bbox 582 599 640 664; x_wconf 79' lang='lat' dir='ltr'><strong>lte</strong></span> <span class='ocrx_word' id='word_1_2' title='bbox 1053 601 1297 668; x_wconf 78' lang='lat' dir='ltr'><strong>cttaomcort</strong></span> <span class='ocrx_word' id='word_1_3' title='bbox 1319 603 1374 666; x_wconf 76' lang='lat' dir='ltr'><strong>DE</strong></span> <span class='ocrx_word' id='word_1_4' title='bbox 1397 603 1525 668; x_wconf 74' lang='lat' dir='ltr'>REBUS</span> 
     </span>
    </p>
   </div>
   <div class='ocr_carea' id='block_1_2' title="bbox 563 735 1992 3063">
    <p class='ocr_par' dir='ltr' id='par_1_2' title="bbox 563 735 1992 3063">
     <span class='ocr_line' id='line_1_2' title="bbox 579 735 1992 844; baseline 0.012 -36"><span class='ocrx_word' id='word_1_5' title='bbox 579 735 687 829; x_wconf 87' lang='lat' dir='ltr'><strong>goelis</strong></span> <span class='ocrx_word' id='word_1_6' title='bbox 705 757 877 811; x_wconf 83' lang='lat' dir='ltr'><strong>morenos</strong></span> <span class='ocrx_word' id='word_1_7' title='bbox 893 749 1059 834; x_wconf 90' lang='lat' dir='ltr'><strong>provocat</strong></span> <span class='ocrx_word' id='word_1_8' title='bbox 1074 763 1121 814; x_wconf 91' lang='lat' dir='ltr'><strong>ne</strong></span> <span class='ocrx_word' id='word_1_9' title='bbox 1136 739 1278 834; x_wconf 90' lang='lat' dir='ltr'><strong>quando</strong></span> <span class='ocrx_word' id='word_1_10' title='bbox 1294 749 1437 836; x_wconf 88' lang='lat' dir='ltr'><strong>pereant</strong></span> <span class='ocrx_word' id='word_1_11' title='bbox 1454 741 1507 838; x_wconf 87' lang='lat' dir='ltr'><strong>(a)</strong></span> <span class='ocrx_word' id='word_1_12' title='bbox 1517 741 1753 818; x_wconf 75' lang='lat' dir='ltr'><strong>-acticnectb</strong></span> <span class='ocrx_word' id='word_1_13' title='bbox 1768 743 1828 820; x_wconf 90' lang='lat' dir='ltr'><strong>illo</strong></span> <span class='ocrx_word' id='word_1_14' title='bbox 1841 769 1992 844; x_wconf 87' lang='lat' dir='ltr'><strong>namque</strong></span> 
     </span>
     <span class='ocr_line' id='line_1_3' title="bbox 577 857 1991 968; baseline 0.01 -37"><span class='ocrx_word' id='word_1_15' title='bbox 577 857 671 931; x_wconf 90' lang='lat' dir='ltr'><strong>bono</strong></span> <span class='ocrx_word' id='word_1_16' title='bbox 693 862 938 955; x_wconf 75' lang='lat' dir='ltr'><strong>patrefamilias</strong></span> <span class='ocrx_word' id='word_1_17' title='bbox 956 865 1113 959; x_wconf 89' lang='lat' dir='ltr'><strong>protinus</strong></span> <span class='ocrx_word' id='word_1_18' title='bbox 1132 865 1298 936; x_wconf 78' lang='lat' dir='ltr'><strong>instanter</strong></span> <span class='ocrx_word' id='word_1_19' title='bbox 1318 885 1340 938; x_wconf 90' lang='lat' dir='ltr'><strong>a</strong></span> <span class='ocrx_word' id='word_1_20' title='bbox 1358 863 1458 940; x_wconf 89' lang='lat' dir='ltr'><strong>nobis</strong></span> <span class='ocrx_word' id='word_1_21' title='bbox 1480 863 1634 960; x_wconf 79' lang='lat' dir='ltr'><strong>exigitur</strong></span> <span class='ocrx_word' id='word_1_22' title='bbox 1655 865 1811 942; x_wconf 83' lang='lat' dir='ltr'><strong>debiturn</strong></span> <span class='ocrx_word' id='word_1_23' title='bbox 1834 871 1898 966; x_wconf 92' lang='lat' dir='ltr'><strong>qui</strong></span> <span class='ocrx_word' id='word_1_24' title='bbox 1924 894 1991 968; x_wconf 91' lang='lat' dir='ltr'><strong>pe—</strong></span> 
     </span>
     <span class='ocr_line' id='line_1_4' title="bbox 577 983 1991 1088; baseline 0.01 -32"><span class='ocrx_word' id='word_1_25' title='bbox 577 1004 677 1074; x_wconf 85' lang='lat' dir='ltr'><strong>regre</strong></span> <span class='ocrx_word' id='word_1_26' title='bbox 698 983 930 1079; x_wconf 84' lang='lat' dir='ltr'><strong>proficiscens,</strong></span> <span class='ocrx_word' id='word_1_27' title='bbox 951 988 1116 1062; x_wconf 80' lang='lat' dir='ltr'><strong>familiam</strong></span> <span class='ocrx_word' id='word_1_28' title='bbox 1134 1010 1235 1061; x_wconf 84' lang='lat' dir='ltr'><strong>suam</strong></span> <span class='ocrx_word' id='word_1_29' title='bbox 1252 987 1477 1062; x_wconf 78' lang='lat' dir='ltr'><strong>sollicitudini</strong></span> <span class='ocrx_word' id='word_1_30' title='bbox 1497 997 1613 1062; x_wconf 87' lang='lat' dir='ltr'><strong>nostre</strong></span> <span class='ocrx_word' id='word_1_31' title='bbox 1632 992 1833 1088; x_wconf 83' lang='lat' dir='ltr'><strong>supposuit,</strong></span> <span class='ocrx_word' id='word_1_32' title='bbox 1854 995 1911 1066; x_wconf 91' lang='lat' dir='ltr'><strong>cui</strong></span> <span class='ocrx_word' id='word_1_33' title='bbox 1933 1005 1991 1070; x_wconf 92' lang='lat' dir='ltr'><strong>ta-</strong></span> 
     </span>
     <span class='ocr_line' id='line_1_5' title="bbox 576 1107 1989 1208; baseline 0.011 -30"><span class='ocrx_word' id='word_1_34' title='bbox 576 1107 668 1180; x_wconf 87' lang='lat' dir='ltr'><strong>lenta</strong></span> <span class='ocrx_word' id='word_1_35' title='bbox 686 1129 756 1202; x_wconf 92' lang='lat' dir='ltr'><strong>que</strong></span> <span class='ocrx_word' id='word_1_36' title='bbox 774 1107 920 1182; x_wconf 89' lang='lat' dir='ltr'><strong>credidit</strong></span> <span class='ocrx_word' id='word_1_37' title='bbox 935 1111 1082 1185; x_wconf 89' lang='lat' dir='ltr'><strong>reddere</strong></span> <span class='ocrx_word' id='word_1_38' title='bbox 1096 1111 1256 1206; x_wconf 77' lang='lat' dir='ltr'><strong>cogimur</strong></span> <span class='ocrx_word' id='word_1_39' title='bbox 1274 1111 1464 1208; x_wconf 89' lang='lat' dir='ltr'><strong>duplicata.</strong></span> <span class='ocrx_word' id='word_1_40' title='bbox 1485 1111 1607 1186; x_wconf 87' lang='lat' dir='ltr'><strong>Sedet</strong></span> <span class='ocrx_word' id='word_1_41' title='bbox 1628 1135 1729 1188; x_wconf 89' lang='lat' dir='ltr'><strong>versa</strong></span> <span class='ocrx_word' id='word_1_42' title='bbox 1746 1117 1824 1190; x_wconf 89' lang='lat' dir='ltr'><strong>vice</strong></span> <span class='ocrx_word' id='word_1_43' title='bbox 1844 1141 1910 1192; x_wconf 85' lang='lat' dir='ltr'><strong>noe</strong></span> <span class='ocrx_word' id='word_1_44' title='bbox 1925 1140 1989 1193; x_wconf 86' lang='lat' dir='ltr'><strong>ex·</strong></span> 
     </span>
     <span class='ocr_line' id='line_1_6' title="bbox 575 1231 1990 1330; baseline 0.01 -28"><span class='ocrx_word' id='word_1_45' title='bbox 575 1231 658 1303; x_wconf 87' lang='lat' dir='ltr'><strong>citat</strong></span> <span class='ocrx_word' id='word_1_46' title='bbox 681 1231 823 1306; x_wconf 88' lang='lat' dir='ltr'><strong>Cesarec</strong></span> <span class='ocrx_word' id='word_1_47' title='bbox 843 1234 981 1308; x_wconf 77' lang='lat' dir='ltr'><strong>fortune</strong></span> <span class='ocrx_word' id='word_1_48' title='bbox 1005 1235 1182 1330; x_wconf 77' lang='lat' dir='ltr'><strong>fastigium</strong></span> <span class='ocrx_word' id='word_1_49' title='bbox 1208 1243 1248 1306; x_wconf 92' lang='lat' dir='ltr'><strong>nt</strong></span> <span class='ocrx_word' id='word_1_50' title='bbox 1271 1234 1317 1308; x_wconf 91' lang='lat' dir='ltr'><strong>ab</strong></span> <span class='ocrx_word' id='word_1_51' title='bbox 1340 1235 1391 1308; x_wconf 89' lang='lat' dir='ltr'><strong>eis</strong></span> <span class='ocrx_word' id='word_1_52' title='bbox 1415 1257 1506 1330; x_wconf 89' lang='lat' dir='ltr'><strong>qnos</strong></span> <span class='ocrx_word' id='word_1_53' title='bbox 1526 1235 1679 1312; x_wconf 89' lang='lat' dir='ltr'><strong>llomane</strong></span> <span class='ocrx_word' id='word_1_54' title='bbox 1701 1238 1864 1314; x_wconf 87' lang='lat' dir='ltr'><strong>dictionis</strong></span> <span class='ocrx_word' id='word_1_55' title='bbox 1885 1242 1990 1318; x_wconf 88' lang='lat' dir='ltr'><strong>lrabct</strong></span> 
     </span>
     <span class='ocr_line' id='line_1_7' title="bbox 574 1355 1987 1454; baseline 0.011 -28"><span class='ocrx_word' id='word_1_56' title='bbox 574 1355 771 1450; x_wconf 88' lang='lat' dir='ltr'><strong>imperium,</strong></span> <span class='ocrx_word' id='word_1_57' title='bbox 792 1355 1016 1450; x_wconf 88' lang='lat' dir='ltr'><strong>subjectionis</strong></span> <span class='ocrx_word' id='word_1_58' title='bbox 1033 1369 1068 1432; x_wconf 90' lang='lat' dir='ltr'><strong>et</strong></span> <span class='ocrx_word' id='word_1_59' title='bbox 1090 1358 1286 1432; x_wconf 89' lang='lat' dir='ltr'><strong>obedientie</strong></span> <span class='ocrx_word' id='word_1_60' title='bbox 1300 1357 1458 1432; x_wconf 88' lang='lat' dir='ltr'><strong>debitum</strong></span> <span class='ocrx_word' id='word_1_61' title='bbox 1475 1359 1672 1454; x_wconf 81' lang='lat' dir='ltr'><strong>exigamus.</strong></span> <span class='ocrx_word' id='word_1_62' title='bbox 1690 1361 1857 1438; x_wconf 86' lang='lat' dir='ltr'><strong>lllirabilis</strong></span> <span class='ocrx_word' id='word_1_63' title='bbox 1872 1375 1987 1441; x_wconf 86' lang='lat' dir='ltr'><strong>tamen</strong></span> 
     </span>
     <span class='ocr_line' id='line_1_8' title="bbox 573 1479 1984 1580; baseline 0.01 -30"><span class='ocrx_word' id='word_1_64' title='bbox 573 1479 776 1552; x_wconf 89' lang='lat' dir='ltr'><strong>utrumlibet</strong></span> <span class='ocrx_word' id='word_1_65' title='bbox 799 1481 1007 1556; x_wconf 89' lang='lat' dir='ltr'><strong>conditionis</strong></span> <span class='ocrx_word' id='word_1_66' title='bbox 1032 1493 1085 1554; x_wconf 90' lang='lat' dir='ltr'><strong>est</strong></span> <span class='ocrx_word' id='word_1_67' title='bbox 1112 1482 1269 1556; x_wconf 87' lang='lat' dir='ltr'><strong>debitum</strong></span> <span class='ocrx_word' id='word_1_68' title='bbox 1294 1482 1323 1554; x_wconf 87' lang='lat' dir='ltr'><strong>si</strong></span> <span class='ocrx_word' id='word_1_69' title='bbox 1346 1481 1516 1556; x_wconf 86' lang='lat' dir='ltr'><strong>subtiliter</strong></span> <span class='ocrx_word' id='word_1_70' title='bbox 1536 1483 1729 1574; x_wconf 89' lang='lat' dir='ltr'><strong>iutuemur,</strong></span> <span class='ocrx_word' id='word_1_71' title='bbox 1751 1489 1851 1580; x_wconf 87' lang='lat' dir='ltr'><strong>cujus</strong></span> <span class='ocrx_word' id='word_1_72' title='bbox 1878 1511 1984 1564; x_wconf 89' lang='lat' dir='ltr'><strong>exso·</strong></span> 
     </span>
     <span class='ocr_line' id='line_1_9' title="bbox 574 1602 1986 1708; baseline 0.011 -37"><span class='ocrx_word' id='word_1_73' title='bbox 574 1602 658 1674; x_wconf 89' lang='lat' dir='ltr'><strong>lotio</strong></span> <span class='ocrx_word' id='word_1_74' title='bbox 677 1602 841 1678; x_wconf 81' lang='lat' dir='ltr'><strong>debitoris</strong></span> <span class='ocrx_word' id='word_1_75' title='bbox 864 1607 1096 1680; x_wconf 88' lang='lat' dir='ltr'><strong>emolumenta</strong></span> <span class='ocrx_word' id='word_1_76' title='bbox 1121 1605 1352 1695; x_wconf 88' lang='lat' dir='ltr'><strong>conminuit,</strong></span> <span class='ocrx_word' id='word_1_77' title='bbox 1374 1615 1479 1699; x_wconf 89' lang='lat' dir='ltr'><strong>anget</strong></span> <span class='ocrx_word' id='word_1_78' title='bbox 1494 1605 1622 1696; x_wconf 81' lang='lat' dir='ltr'><strong>lidem3</strong></span> <span class='ocrx_word' id='word_1_79' title='bbox 1644 1607 1716 1682; x_wconf 89' lang='lat' dir='ltr'><strong>imo</strong></span> <span class='ocrx_word' id='word_1_80' title='bbox 1745 1610 1849 1706; x_wconf 89' lang='lat' dir='ltr'><strong>longe</strong></span> <span class='ocrx_word' id='word_1_81' title='bbox 1876 1615 1986 1708; x_wconf 87' lang='lat' dir='ltr'><strong>magis</strong></span> 
     </span>
     <span class='ocr_line' id='line_1_10' title="bbox 571 1728 1980 1829; baseline 0.009 -31"><span class='ocrx_word' id='word_1_82' title='bbox 571 1728 720 1799; x_wconf 81' lang='lat' dir='ltr'><strong>solventi</strong></span> <span class='ocrx_word' id='word_1_83' title='bbox 742 1729 864 1800; x_wconf 86' lang='lat' dir='ltr'><strong>crescit</strong></span> <span class='ocrx_word' id='word_1_84' title='bbox 882 1729 929 1826; x_wconf 85' lang='lat' dir='ltr'><strong>(t)</strong></span> <span class='ocrx_word' id='word_1_85' title='bbox 947 1731 983 1802; x_wconf 94' lang='lat' dir='ltr'><strong>in</strong></span> <span class='ocrx_word' id='word_1_86' title='bbox 1002 1728 1184 1804; x_wconf 88' lang='lat' dir='ltr'><strong>commodo</strong></span> <span class='ocrx_word' id='word_1_87' title='bbox 1202 1751 1309 1824; x_wconf 89' lang='lat' dir='ltr'><strong>quam</strong></span> <span class='ocrx_word' id='word_1_88' title='bbox 1325 1729 1525 1824; x_wconf 83' lang='lat' dir='ltr'><strong>suscipienti</strong></span> <span class='ocrx_word' id='word_1_89' title='bbox 1548 1729 1705 1825; x_wconf 87' lang='lat' dir='ltr'><strong>proficiet</strong></span> <span class='ocrx_word' id='word_1_90' title='bbox 1722 1733 1759 1804; x_wconf 92' lang='lat' dir='ltr'><strong>in</strong></span> <span class='ocrx_word' id='word_1_91' title='bbox 1783 1749 1980 1829; x_wconf 91' lang='lat' dir='ltr'><strong>augmento.</strong></span> 
     </span>
     <span class='ocr_line' id='line_1_11' title="bbox 569 1850 1984 1955; baseline 0.006 -33"><span class='ocrx_word' id='word_1_92' title='bbox 569 1850 705 1922; x_wconf 83' lang='lat' dir='ltr'><strong>Etenim</strong></span> <span class='ocrx_word' id='word_1_93' title='bbox 721 1851 751 1922; x_wconf 88' lang='lat' dir='ltr'><strong>si</strong></span> <span class='ocrx_word' id='word_1_94' title='bbox 781 1851 816 1922; x_wconf 93' lang='lat' dir='ltr'><strong>iu</strong></span> <span class='ocrx_word' id='word_1_95' title='bbox 835 1872 895 1943; x_wconf 90' lang='lat' dir='ltr'><strong>co,</strong></span> <span class='ocrx_word' id='word_1_96' title='bbox 913 1863 1016 1946; x_wconf 89' lang='lat' dir='ltr'><strong>prout</strong></span> <span class='ocrx_word' id='word_1_97' title='bbox 1033 1850 1077 1925; x_wconf 93' lang='lat' dir='ltr'><strong>de</strong></span> <span class='ocrx_word' id='word_1_98' title='bbox 1098 1853 1179 1943; x_wconf 88' lang='lat' dir='ltr'><strong>jure</strong></span> <span class='ocrx_word' id='word_1_99' title='bbox 1196 1861 1375 1940; x_wconf 90' lang='lat' dir='ltr'><strong>tenemur,</strong></span> <span class='ocrx_word' id='word_1_100' title='bbox 1394 1851 1645 1924; x_wconf 83' lang='lat' dir='ltr'><strong>satisfaciamus</strong></span> <span class='ocrx_word' id='word_1_101' title='bbox 1667 1857 1871 1950; x_wconf 83' lang='lat' dir='ltr'><strong>proponenti</strong></span> <span class='ocrx_word' id='word_1_102' title='bbox 1886 1869 1920 1932; x_wconf 88' lang='lat' dir='ltr'><strong>et</strong></span> <span class='ocrx_word' id='word_1_103' title='bbox 1938 1859 1984 1955; x_wconf 85' lang='lat' dir='ltr'><strong>(c)</strong></span> 
     </span>
     <span class='ocr_line' id='line_1_12' title="bbox 568 1972 1985 2070; baseline 0.008 -26"><span class='ocrx_word' id='word_1_104' title='bbox 568 1973 732 2070; x_wconf 90' lang='lat' dir='ltr'><strong>prepositi</strong></span> <span class='ocrx_word' id='word_1_105' title='bbox 759 1972 935 2066; x_wconf 86' lang='lat' dir='ltr'><strong>diligentis</strong></span> <span class='ocrx_word' id='word_1_106' title='bbox 966 1975 1120 2046; x_wconf 88' lang='lat' dir='ltr'><strong>officium</strong></span> <span class='ocrx_word' id='word_1_107' title='bbox 1154 1975 1378 2069; x_wconf 84' lang='lat' dir='ltr'><strong>impleamus,</strong></span> <span class='ocrx_word' id='word_1_108' title='bbox 1406 1974 1595 2070; x_wconf 88' lang='lat' dir='ltr'><strong>imperialis</strong></span> <span class='ocrx_word' id='word_1_109' title='bbox 1622 1973 1763 2052; x_wconf 90' lang='lat' dir='ltr'><strong>honoris</strong></span> <span class='ocrx_word' id='word_1_110' title='bbox 1786 1981 1887 2054; x_wconf 91' lang='lat' dir='ltr'><strong>uobis</strong></span> <span class='ocrx_word' id='word_1_111' title='bbox 1915 1984 1985 2056; x_wconf 89' lang='lat' dir='ltr'><strong>sti-</strong></span> 
     </span>
     <span class='ocr_line' id='line_1_13' title="bbox 567 2095 1982 2192; baseline 0.008 -24"><span class='ocrx_word' id='word_1_112' title='bbox 567 2097 695 2192; x_wconf 88' lang='lat' dir='ltr'><strong>pendia</strong></span> <span class='ocrx_word' id='word_1_113' title='bbox 712 2095 764 2192; x_wconf 83' lang='lat' dir='ltr'><strong>(d)</strong></span> <span class='ocrx_word' id='word_1_114' title='bbox 777 2098 972 2192; x_wconf 86' lang='lat' dir='ltr'><strong>querimus,</strong></span> <span class='ocrx_word' id='word_1_115' title='bbox 992 2095 1077 2170; x_wconf 89' lang='lat' dir='ltr'><strong>dnm</strong></span> <span class='ocrx_word' id='word_1_116' title='bbox 1094 2097 1321 2171; x_wconf 81' lang='lat' dir='ltr'><strong>clarificemur</strong></span> <span class='ocrx_word' id='word_1_117' title='bbox 1337 2095 1373 2168; x_wconf 92' lang='lat' dir='ltr'><strong>iu</strong></span> <span class='ocrx_word' id='word_1_118' title='bbox 1389 2098 1481 2168; x_wconf 87' lang='lat' dir='ltr'><strong>lanne</strong></span> <span class='ocrx_word' id='word_1_119' title='bbox 1492 2095 1553 2192; x_wconf 81' lang='lat' dir='ltr'><strong>(c),</strong></span> <span class='ocrx_word' id='word_1_120' title='bbox 1567 2108 1603 2172; x_wconf 89' lang='lat' dir='ltr'><strong>et</strong></span> <span class='ocrx_word' id='word_1_121' title='bbox 1614 2101 1849 2176; x_wconf 87' lang='lat' dir='ltr'><strong>retributionis</strong></span> <span class='ocrx_word' id='word_1_122' title='bbox 1867 2115 1982 2180; x_wconf 86' lang='lat' dir='ltr'><strong>eterne</strong></span> 
     </span>
     <span class='ocr_line' id='line_1_14' title="bbox 566 2219 1982 2318; baseline 0.004 -26"><span class='ocrx_word' id='word_1_123' title='bbox 566 2221 747 2312; x_wconf 87' lang='lat' dir='ltr'><strong>fiduciam,</strong></span> <span class='ocrx_word' id='word_1_124' title='bbox 770 2220 854 2294; x_wconf 89' lang='lat' dir='ltr'><strong>dum</strong></span> <span class='ocrx_word' id='word_1_125' title='bbox 882 2220 1079 2316; x_wconf 87' lang='lat' dir='ltr'><strong>proficimus</strong></span> <span class='ocrx_word' id='word_1_126' title='bbox 1101 2221 1137 2292; x_wconf 93' lang='lat' dir='ltr'><strong>in</strong></span> <span class='ocrx_word' id='word_1_127' title='bbox 1163 2223 1286 2294; x_wconf 89' lang='lat' dir='ltr'><strong>salute.</strong></span> <span class='ocrx_word' id='word_1_128' title='bbox 1305 2220 1348 2290; x_wconf 82' lang='lat' dir='ltr'><strong>Et</strong></span> <span class='ocrx_word' id='word_1_129' title='bbox 1369 2219 1398 2290; x_wconf 93' lang='lat' dir='ltr'><strong>si</strong></span> <span class='ocrx_word' id='word_1_130' title='bbox 1413 2221 1515 2312; x_wconf 85' lang='lat' dir='ltr'><strong>jussu</strong></span> <span class='ocrx_word' id='word_1_131' title='bbox 1533 2220 1713 2294; x_wconf 87' lang='lat' dir='ltr'><strong>Dominico</strong></span> <span class='ocrx_word' id='word_1_132' title='bbox 1729 2245 1800 2318; x_wconf 90' lang='lat' dir='ltr'><strong>que</strong></span> <span class='ocrx_word' id='word_1_133' title='bbox 1815 2234 1898 2298; x_wconf 89' lang='lat' dir='ltr'><strong>snut</strong></span> <span class='ocrx_word' id='word_1_134' title='bbox 1918 2227 1982 2298; x_wconf 86' lang='lat' dir='ltr'><strong>Ce-</strong></span> 
     </span>
     <span class='ocr_line' id='line_1_15' title="bbox 564 2342 1982 2440; baseline 0.004 -24"><span class='ocrx_word' id='word_1_135' title='bbox 564 2345 651 2417; x_wconf 90' lang='lat' dir='ltr'><strong>saris</strong></span> <span class='ocrx_word' id='word_1_136' title='bbox 682 2343 796 2418; x_wconf 86' lang='lat' dir='ltr'><strong>Cesuri</strong></span> <span class='ocrx_word' id='word_1_137' title='bbox 828 2346 1082 2440; x_wconf 87' lang='lat' dir='ltr'><strong>persolvantur,</strong></span> <span class='ocrx_word' id='word_1_138' title='bbox 1106 2345 1379 2418; x_wconf 88' lang='lat' dir='ltr'><strong>emolumentum</strong></span> <span class='ocrx_word' id='word_1_139' title='bbox 1401 2342 1583 2416; x_wconf 88' lang='lat' dir='ltr'><strong>solutionis</strong></span> <span class='ocrx_word' id='word_1_140' title='bbox 1611 2345 1648 2416; x_wconf 94' lang='lat' dir='ltr'><strong>in</strong></span> <span class='ocrx_word' id='word_1_141' title='bbox 1676 2354 1785 2418; x_wconf 90' lang='lat' dir='ltr'><strong>toturn</strong></span> <span class='ocrx_word' id='word_1_142' title='bbox 1813 2347 1884 2422; x_wconf 91' lang='lat' dir='ltr'><strong>lere</strong></span> <span class='ocrx_word' id='word_1_143' title='bbox 1910 2350 1982 2424; x_wconf 91' lang='lat' dir='ltr'><strong>sol-</strong></span> 
     </span>
     <span class='ocr_line' id='line_1_16' title="bbox 563 2467 1981 2570; baseline 0.005 -28"><span class='ocrx_word' id='word_1_144' title='bbox 563 2471 659 2542; x_wconf 86' lang='lat' dir='ltr'><strong>venti</strong></span> <span class='ocrx_word' id='word_1_145' title='bbox 678 2471 898 2565; x_wconf 90' lang='lat' dir='ltr'><strong>relinquitur,</strong></span> <span class='ocrx_word' id='word_1_146' title='bbox 921 2469 1005 2543; x_wconf 91' lang='lat' dir='ltr'><strong>dum</strong></span> <span class='ocrx_word' id='word_1_147' title='bbox 1025 2469 1204 2564; x_wconf 87' lang='lat' dir='ltr'><strong>recipienti</strong></span> <span class='ocrx_word' id='word_1_148' title='bbox 1222 2489 1292 2540; x_wconf 93' lang='lat' dir='ltr'><strong>non</strong></span> <span class='ocrx_word' id='word_1_149' title='bbox 1314 2467 1425 2562; x_wconf 90' lang='lat' dir='ltr'><strong>magis</strong></span> <span class='ocrx_word' id='word_1_150' title='bbox 1449 2469 1623 2544; x_wconf 88' lang='lat' dir='ltr'><strong>commodi</strong></span> <span class='ocrx_word' id='word_1_151' title='bbox 1647 2481 1682 2543; x_wconf 92' lang='lat' dir='ltr'><strong>et</strong></span> <span class='ocrx_word' id='word_1_152' title='bbox 1704 2471 1845 2546; x_wconf 91' lang='lat' dir='ltr'><strong>honoris</strong></span> <span class='ocrx_word' id='word_1_153' title='bbox 1862 2477 1981 2570; x_wconf 88' lang='lat' dir='ltr'><strong>acqui·</strong></span> 
     </span>
     <span class='ocr_line' id='line_1_17' title="bbox 563 2591 1982 2692; baseline 0.004 -26"><span class='ocrx_word' id='word_1_154' title='bbox 563 2594 650 2666; x_wconf 92' lang='lat' dir='ltr'><strong>ritor</strong></span> <span class='ocrx_word' id='word_1_155' title='bbox 666 2617 772 2689; x_wconf 89' lang='lat' dir='ltr'><strong>quam</strong></span> <span class='ocrx_word' id='word_1_156' title='bbox 799 2594 998 2666; x_wconf 87' lang='lat' dir='ltr'><strong>vexationis</strong></span> <span class='ocrx_word' id='word_1_157' title='bbox 1015 2603 1050 2666; x_wconf 89' lang='lat' dir='ltr'><strong>et</strong></span> <span class='ocrx_word' id='word_1_158' title='bbox 1066 2595 1180 2666; x_wconf 89' lang='lat' dir='ltr'><strong>oneris</strong></span> <span class='ocrx_word' id='word_1_159' title='bbox 1195 2591 1253 2688; x_wconf 79' lang='lat' dir='ltr'><strong>(s)</strong></span> <span class='ocrx_word' id='word_1_160' title='bbox 1272 2600 1469 2686; x_wconf 88' lang='lat' dir='ltr'><strong>agregatur.</strong></span> <span class='ocrx_word' id='word_1_161' title='bbox 1489 2591 1643 2688; x_wconf 73' lang='lat' dir='ltr'><strong>Eiusque</strong></span> <span class='ocrx_word' id='word_1_162' title='bbox 1662 2595 1712 2689; x_wconf 80' lang='lat'><strong>(9)</strong></span> <span class='ocrx_word' id='word_1_163' title='bbox 1730 2618 1882 2692; x_wconf 88' lang='lat' dir='ltr'><strong>namque</strong></span> <span class='ocrx_word' id='word_1_164' title='bbox 1900 2611 1982 2672; x_wconf 86' lang='lat' dir='ltr'><strong>suut</strong></span> 
     </span>
     <span class='ocr_line' id='line_1_18' title="bbox 563 2716 1980 2814; baseline 0.005 -23"><span class='ocrx_word' id='word_1_165' title='bbox 563 2717 681 2791; x_wconf 87' lang='lat' dir='ltr'><strong>omnia</strong></span> <span class='ocrx_word' id='word_1_166' title='bbox 696 2719 726 2789; x_wconf 92' lang='lat' dir='ltr'><strong>si</strong></span> <span class='ocrx_word' id='word_1_167' title='bbox 744 2739 867 2789; x_wconf 89' lang='lat' dir='ltr'><strong>verum</strong></span> <span class='ocrx_word' id='word_1_168' title='bbox 888 2717 1091 2812; x_wconf 89' lang='lat' dir='ltr'><strong>inspicimus</strong></span> <span class='ocrx_word' id='word_1_169' title='bbox 1108 2716 1343 2806; x_wconf 87' lang='lat' dir='ltr'><strong>subjectorum</strong></span> <span class='ocrx_word' id='word_1_170' title='bbox 1358 2725 1456 2810; x_wconf 88' lang='lat' dir='ltr'><strong>grata</strong></span> <span class='ocrx_word' id='word_1_171' title='bbox 1476 2717 1649 2790; x_wconf 78' lang='lat' dir='ltr'><strong>levamina</strong></span> <span class='ocrx_word' id='word_1_172' title='bbox 1667 2741 1738 2814; x_wconf 90' lang='lat' dir='ltr'><strong>que</strong></span> <span class='ocrx_word' id='word_1_173' title='bbox 1755 2731 1837 2792; x_wconf 87' lang='lat' dir='ltr'><strong>sunt</strong></span> <span class='ocrx_word' id='word_1_174' title='bbox 1852 2721 1980 2798; x_wconf 85' lang='lat' dir='ltr'><strong>honera</strong></span> 
     </span>
     <span class='ocr_line' id='line_1_19' title="bbox 563 2839 1980 2938; baseline 0.004 -24"><span class='ocrx_word' id='word_1_175' title='bbox 563 2841 791 2938; x_wconf 90' lang='lat' dir='ltr'><strong>principatus.</strong></span> <span class='ocrx_word' id='word_1_176' title='bbox 813 2843 852 2914; x_wconf 93' lang='lat' dir='ltr'><strong>ln</strong></span> <span class='ocrx_word' id='word_1_177' title='bbox 870 2841 938 2914; x_wconf 91' lang='lat' dir='ltr'><strong>hoo</strong></span> <span class='ocrx_word' id='word_1_178' title='bbox 963 2841 1055 2913; x_wconf 89' lang='lat' dir='ltr'><strong>euim</strong></span> <span class='ocrx_word' id='word_1_179' title='bbox 1081 2839 1220 2932; x_wconf 84' lang='lat' dir='ltr'><strong>gloriosi</strong></span> <span class='ocrx_word' id='word_1_180' title='bbox 1246 2839 1338 2934; x_wconf 88' lang='lat' dir='ltr'><strong>regis</strong></span> <span class='ocrx_word' id='word_1_181' title='bbox 1364 2840 1542 2913; x_wconf 85' lang='lat' dir='ltr'><strong>extollitur</strong></span> <span class='ocrx_word' id='word_1_182' title='bbox 1559 2841 1685 2914; x_wconf 88' lang='lat' dir='ltr'><strong>solium</strong></span> <span class='ocrx_word' id='word_1_183' title='bbox 1709 2852 1744 2916; x_wconf 89' lang='lat' dir='ltr'><strong>et</strong></span> <span class='ocrx_word' id='word_1_184' title='bbox 1766 2855 1925 2918; x_wconf 86' lang='lat' dir='ltr'><strong>servatur</strong></span> <span class='ocrx_word' id='word_1_185' title='bbox 1949 2847 1980 2919; x_wconf 90' lang='lat' dir='ltr'><strong>si</strong></span> 
     </span>
     <span class='ocr_line' id='line_1_20' title="bbox 563 2963 1980 3063; baseline 0.001 -23"><span class='ocrx_word' id='word_1_186' title='bbox 563 2968 600 3040; x_wconf 93' lang='lat' dir='ltr'><strong>in</strong></span> <span class='ocrx_word' id='word_1_187' title='bbox 619 2965 667 3063; x_wconf 82' lang='lat' dir='ltr'><strong>(t)</strong></span> <span class='ocrx_word' id='word_1_188' title='bbox 695 2968 811 3062; x_wconf 92' lang='lat' dir='ltr'><strong>quiete</strong></span> <span class='ocrx_word' id='word_1_189' title='bbox 834 2965 930 3062; x_wconf 88' lang='lat' dir='ltr'><strong>pacis</strong></span> <span class='ocrx_word' id='word_1_190' title='bbox 950 2965 1119 3062; x_wconf 90' lang='lat' dir='ltr'><strong>populum</strong></span> <span class='ocrx_word' id='word_1_191' title='bbox 1141 2963 1268 3057; x_wconf 89' lang='lat' dir='ltr'><strong>dirigat</strong></span> <span class='ocrx_word' id='word_1_192' title='bbox 1291 2973 1325 3036; x_wconf 90' lang='lat' dir='ltr'><strong>et</strong></span> <span class='ocrx_word' id='word_1_193' title='bbox 1352 2964 1537 3055; x_wconf 88' lang='lat' dir='ltr'><strong>injustitie</strong></span> <span class='ocrx_word' id='word_1_194' title='bbox 1563 2965 1684 3058; x_wconf 89' lang='lat' dir='ltr'><strong>vigore</strong></span> <span class='ocrx_word' id='word_1_195' title='bbox 1706 2977 1899 3040; x_wconf 89' lang='lat' dir='ltr'><strong>conservet.</strong></span> <span class='ocrx_word' id='word_1_196' title='bbox 1924 2967 1980 3042; x_wconf 83' lang='lat' dir='ltr'><strong>Ad</strong></span> 
     </span>
    </p>
   </div>
   <div class='ocr_carea' id='block_1_3' title="bbox 561 3086 1980 3680">
    <p class='ocr_par' dir='ltr' id='par_1_3' title="bbox 561 3086 1980 3680">
     <span class='ocr_line' id='line_1_21' title="bbox 562 3086 1980 3186; baseline 0.002 -24"><span class='ocrx_word' id='word_1_197' title='bbox 562 3111 712 3185; x_wconf 88' lang='lat' dir='ltr'><strong>quorum</strong></span> <span class='ocrx_word' id='word_1_198' title='bbox 734 3091 885 3186; x_wconf 83' lang='lat' dir='ltr'><strong>primurn</strong></span> <span class='ocrx_word' id='word_1_199' title='bbox 908 3111 978 3163; x_wconf 92' lang='lat' dir='ltr'><strong>non</strong></span> <span class='ocrx_word' id='word_1_200' title='bbox 997 3090 1073 3162; x_wconf 92' lang='lat' dir='ltr'><strong>sine</strong></span> <span class='ocrx_word' id='word_1_201' title='bbox 1101 3089 1209 3160; x_wconf 87' lang='lat' dir='ltr'><strong>multo</strong></span> <span class='ocrx_word' id='word_1_202' title='bbox 1234 3086 1455 3180; x_wconf 86' lang='lat' dir='ltr'><strong>regnantium</strong></span> <span class='ocrx_word' id='word_1_203' title='bbox 1477 3089 1599 3160; x_wconf 86' lang='lat' dir='ltr'><strong>salutis</strong></span> <span class='ocrx_word' id='word_1_204' title='bbox 1625 3099 1659 3162; x_wconf 90' lang='lat' dir='ltr'><strong>et</strong></span> <span class='ocrx_word' id='word_1_205' title='bbox 1682 3089 1755 3162; x_wconf 91' lang='lat' dir='ltr'><strong>vite</strong></span> <span class='ocrx_word' id='word_1_206' title='bbox 1779 3089 1980 3166; x_wconf 84' lang='lat' dir='ltr'><strong>discrimine</strong></span> 
     </span>
     <span class='ocr_line' id='line_1_22' title="bbox 562 3209 1979 3310; baseline 0.001 -24"><span class='ocrx_word' id='word_1_207' title='bbox 562 3215 749 3287; x_wconf 87' lang='lat' dir='ltr'><strong>laboretur.</strong></span> <span class='ocrx_word' id='word_1_208' title='bbox 779 3213 944 3308; x_wconf 86' lang='lat' dir='ltr'><strong>Legimus</strong></span> <span class='ocrx_word' id='word_1_209' title='bbox 968 3233 1120 3308; x_wconf 90' lang='lat' dir='ltr'><strong>namque</strong></span> <span class='ocrx_word' id='word_1_210' title='bbox 1145 3211 1378 3306; x_wconf 88' lang='lat' dir='ltr'><strong>quammultos</strong></span> <span class='ocrx_word' id='word_1_211' title='bbox 1406 3209 1580 3307; x_wconf 84' lang='lat' dir='ltr'><strong>principes</strong></span> <span class='ocrx_word' id='word_1_212' title='bbox 1607 3233 1670 3308; x_wconf 89' lang='lat' dir='ltr'><strong>pru</strong></span> <span class='ocrx_word' id='word_1_213' title='bbox 1695 3211 1812 3308; x_wconf 87' lang='lat' dir='ltr'><strong>quiete</strong></span> <span class='ocrx_word' id='word_1_214' title='bbox 1839 3215 1979 3310; x_wconf 87' lang='lat' dir='ltr'><strong>publica</strong></span> 
     </span>
     <span class='ocr_line' id='line_1_23' title="bbox 561 3333 1980 3434; baseline 0 -24"><span class='ocrx_word' id='word_1_215' title='bbox 561 3338 770 3434; x_wconf 91' lang='lat' dir='ltr'><strong>populorum</strong></span> <span class='ocrx_word' id='word_1_216' title='bbox 788 3336 923 3408; x_wconf 87' lang='lat' dir='ltr'><strong>labores</strong></span> <span class='ocrx_word' id='word_1_217' title='bbox 945 3335 1071 3408; x_wconf 85' lang='lat' dir='ltr'><strong>nimios</strong></span> <span class='ocrx_word' id='word_1_218' title='bbox 1095 3333 1342 3430; x_wconf 87' lang='lat' dir='ltr'><strong>assumpsisse,</strong></span> <span class='ocrx_word' id='word_1_219' title='bbox 1363 3355 1429 3406; x_wconf 89' lang='lat' dir='ltr'><strong>neo</strong></span> <span class='ocrx_word' id='word_1_220' title='bbox 1451 3353 1499 3406; x_wconf 86' lang='lat' dir='ltr'><strong>ex</strong></span> <span class='ocrx_word' id='word_1_221' title='bbox 1523 3343 1595 3406; x_wconf 91' lang='lat' dir='ltr'><strong>toto</strong></span> <span class='ocrx_word' id='word_1_222' title='bbox 1621 3353 1743 3408; x_wconf 87' lang='lat' dir='ltr'><strong>secure</strong></span> <span class='ocrx_word' id='word_1_223' title='bbox 1760 3335 1899 3428; x_wconf 77' lang='lat' dir='ltr'><strong>Justicia</strong></span> <span class='ocrx_word' id='word_1_224' title='bbox 1917 3359 1980 3434; x_wconf 92' lang='lat' dir='ltr'><strong>per</strong></span> 
     </span>
     <span class='ocr_line' id='line_1_24' title="bbox 561 3455 1980 3554; baseline 0 -22"><span class='ocrx_word' id='word_1_225' title='bbox 561 3482 660 3554; x_wconf 88' lang='lat' dir='ltr'><strong>reges</strong></span> <span class='ocrx_word' id='word_1_226' title='bbox 683 3469 718 3532; x_wconf 91' lang='lat' dir='ltr'><strong>et</strong></span> <span class='ocrx_word' id='word_1_227' title='bbox 739 3460 879 3532; x_wconf 88' lang='lat' dir='ltr'><strong>Cesarcs</strong></span> <span class='ocrx_word' id='word_1_228' title='bbox 903 3459 1065 3552; x_wconf 90' lang='lat' dir='ltr'><strong>gentibus</strong></span> <span class='ocrx_word' id='word_1_229' title='bbox 1086 3458 1311 3546; x_wconf 89' lang='lat' dir='ltr'><strong>ministratur,</strong></span> <span class='ocrx_word' id='word_1_230' title='bbox 1330 3457 1390 3551; x_wconf 94' lang='lat' dir='ltr'><strong>qui</strong></span> <span class='ocrx_word' id='word_1_231' title='bbox 1410 3455 1495 3530; x_wconf 91' lang='lat' dir='ltr'><strong>dom</strong></span> <span class='ocrx_word' id='word_1_232' title='bbox 1516 3457 1696 3531; x_wconf 82' lang='lat' dir='ltr'><strong>interiores</strong></span> <span class='ocrx_word' id='word_1_233' title='bbox 1716 3458 1894 3551; x_wconf 86' lang='lat' dir='ltr'><strong>judicant,</strong></span> <span class='ocrx_word' id='word_1_234' title='bbox 1919 3483 1980 3532; x_wconf 92' lang='lat' dir='ltr'><strong>su·</strong></span> 
     </span>
     <span class='ocr_line' id='line_1_25' title="bbox 561 3578 1978 3680; baseline -0.001 -23"><span class='ocrx_word' id='word_1_235' title='bbox 561 3583 686 3680; x_wconf 86' lang='lat' dir='ltr'><strong>periuri</strong></span> <span class='ocrx_word' id='word_1_236' title='bbox 711 3583 847 3678; x_wconf 86' lang='lat' dir='ltr'><strong>jndicio</strong></span> <span class='ocrx_word' id='word_1_237' title='bbox 873 3592 1104 3656; x_wconf 89' lang='lat' dir='ltr'><strong>reservantur.</strong></span> <span class='ocrx_word' id='word_1_238' title='bbox 1132 3582 1175 3654; x_wconf 85' lang='lat' dir='ltr'><strong>Et</strong></span> <span class='ocrx_word' id='word_1_239' title='bbox 1203 3601 1403 3676; x_wconf 88' lang='lat' dir='ltr'><strong>quanquam</strong></span> <span class='ocrx_word' id='word_1_240' title='bbox 1428 3578 1475 3676; x_wconf 80' lang='lat' dir='ltr'><strong>(i)</strong></span> <span class='ocrx_word' id='word_1_241' title='bbox 1500 3581 1585 3654; x_wconf 88' lang='lat' dir='ltr'><strong>tanti</strong></span> <span class='ocrx_word' id='word_1_242' title='bbox 1611 3581 1808 3657; x_wconf 89' lang='lat' dir='ltr'><strong>sollicitudo</strong></span> <span class='ocrx_word' id='word_1_243' title='bbox 1835 3585 1978 3656; x_wconf 89' lang='lat' dir='ltr'><strong>misterii</strong></span> 
     </span>
    </p>
   </div>
   <div class='ocr_carea' id='block_1_4' title="bbox 551 3755 1975 4794">
    <p class='ocr_par' dir='ltr' id='par_1_4' title="bbox 604 3755 945 3840">
     <span class='ocr_line' id='line_1_26' title="bbox 604 3755 945 3840; baseline 0 -20"><span class='ocrx_word' id='word_1_244' title='bbox 604 3755 645 3840; x_wconf 82' lang='lat' dir='ltr'><strong>(a)</strong></span> <span class='ocrx_word' id='word_1_245' title='bbox 667 3759 702 3820; x_wconf 93' lang='lat' dir='ltr'><strong>In</strong></span> <span class='ocrx_word' id='word_1_246' title='bbox 716 3759 815 3820; x_wconf 83' lang='lat' dir='ltr'><strong>eodlce</strong></span> <span class='ocrx_word' id='word_1_247' title='bbox 823 3761 945 3838; x_wconf 70' lang='lat' dir='ltr'><strong>peram.</strong></span> 
     </span>
    </p>

    <p class='ocr_par' dir='ltr' id='par_1_5' title="bbox 602 3863 973 3946">
     <span class='ocr_line' id='line_1_27' title="bbox 602 3863 973 3946; baseline 0 -22"><span class='ocrx_word' id='word_1_248' title='bbox 602 3863 643 3946; x_wconf 87' lang='lat' dir='ltr'><strong>(ll)</strong></span> <span class='ocrx_word' id='word_1_249' title='bbox 665 3867 701 3927; x_wconf 90' lang='lat' dir='ltr'><strong>ln</strong></span> <span class='ocrx_word' id='word_1_250' title='bbox 714 3865 815 3926; x_wconf 86' lang='lat' dir='ltr'><strong>codice</strong></span> <span class='ocrx_word' id='word_1_251' title='bbox 827 3863 973 3925; x_wconf 73' lang='lat' dir='ltr'><strong>mucescit.</strong></span> 
     </span>
    </p>

    <p class='ocr_par' dir='ltr' id='par_1_6' title="bbox 602 3971 876 4050">
     <span class='ocr_line' id='line_1_28' title="bbox 602 3971 876 4050; baseline 0.007 -20"><span class='ocrx_word' id='word_1_252' title='bbox 602 3971 642 4050; x_wconf 87' lang='lat' dir='ltr'><strong>(c)</strong></span> <span class='ocrx_word' id='word_1_253' title='bbox 666 3971 702 4031; x_wconf 94' lang='lat' dir='ltr'><strong>ln</strong></span> <span class='ocrx_word' id='word_1_254' title='bbox 715 3971 817 4032; x_wconf 85' lang='lat' dir='ltr'><strong>eodlce</strong></span> <span class='ocrx_word' id='word_1_255' title='bbox 829 3975 876 4032; x_wconf 82' lang='lat' dir='ltr'><strong>ut.</strong></span> 
     </span>
    </p>

    <p class='ocr_par' dir='ltr' id='par_1_7' title="bbox 600 4073 1095 4158">
     <span class='ocr_line' id='line_1_29' title="bbox 600 4073 1095 4158; baseline 0 -20"><span class='ocrx_word' id='word_1_256' title='bbox 600 4076 645 4158; x_wconf 83' lang='lat' dir='ltr'><strong>(d)</strong></span> <span class='ocrx_word' id='word_1_257' title='bbox 668 4079 703 4138; x_wconf 91' lang='lat' dir='ltr'><strong>lu</strong></span> <span class='ocrx_word' id='word_1_258' title='bbox 717 4077 816 4138; x_wconf 85' lang='lat' dir='ltr'><strong>codice</strong></span> <span class='ocrx_word' id='word_1_259' title='bbox 829 4073 991 4154; x_wconf 68' lang='lat' dir='ltr'><strong>dispendia,</strong></span> <span class='ocrx_word' id='word_1_260' title='bbox 1005 4073 1095 4138; x_wconf 87' lang='lat' dir='ltr'><strong>mule.</strong></span> 
     </span>
    </p>

    <p class='ocr_par' dir='ltr' id='par_1_8' title="bbox 601 4181 915 4264">
     <span class='ocr_line' id='line_1_30' title="bbox 601 4181 915 4264; baseline -0.006 -18"><span class='ocrx_word' id='word_1_261' title='bbox 601 4183 641 4264; x_wconf 84' lang='lat' dir='ltr'><strong>(e)</strong></span> <span class='ocrx_word' id='word_1_262' title='bbox 668 4185 703 4246; x_wconf 91' lang='lat' dir='ltr'><strong>ln</strong></span> <span class='ocrx_word' id='word_1_263' title='bbox 717 4181 915 4262; x_wconf 78' lang='lat' dir='ltr'><strong>eodlcesome.</strong></span> 
     </span>
    </p>

    <p class='ocr_par' dir='ltr' id='par_1_9' title="bbox 551 4281 1975 4480">
     <span class='ocr_line' id='line_1_31' title="bbox 601 4281 1975 4372; baseline -0.005 -19"><span class='ocrx_word' id='word_1_264' title='bbox 601 4291 650 4372; x_wconf 77' lang='lat' dir='ltr'><strong>(s)</strong></span> <span class='ocrx_word' id='word_1_265' title='bbox 665 4293 701 4352; x_wconf 93' lang='lat' dir='ltr'><strong>In</strong></span> <span class='ocrx_word' id='word_1_266' title='bbox 714 4289 814 4352; x_wconf 89' lang='lat' dir='ltr'><strong>eodlce</strong></span> <span class='ocrx_word' id='word_1_267' title='bbox 826 4287 952 4364; x_wconf 65' lang='lat' dir='ltr'><strong>comm,</strong></span> <span class='ocrx_word' id='word_1_268' title='bbox 966 4289 1076 4350; x_wconf 88' lang='lat' dir='ltr'><strong>ornlsso</strong></span> <span class='ocrx_word' id='word_1_269' title='bbox 1086 4287 1177 4349; x_wconf 87' lang='lat' dir='ltr'><strong>verbo</strong></span> <span class='ocrx_word' id='word_1_270' title='bbox 1189 4283 1320 4348; x_wconf 78' lang='lat' dir='ltr'><strong>solventi.</strong></span> <span class='ocrx_word' id='word_1_271' title='bbox 1339 4285 1386 4348; x_wconf 83' lang='lat' dir='ltr'><strong>(li.</strong></span> <span class='ocrx_word' id='word_1_272' title='bbox 1405 4287 1541 4350; x_wconf 84' lang='lat' dir='ltr'><strong>eumdem</strong></span> <span class='ocrx_word' id='word_1_273' title='bbox 1561 4287 1716 4366; x_wconf 86' lang='lat' dir='ltr'><strong>eplstolum</strong></span> <span class='ocrx_word' id='word_1_274' title='bbox 1735 4304 1784 4366; x_wconf 88' lang='lat' dir='ltr'><strong>ap.</strong></span> <span class='ocrx_word' id='word_1_275' title='bbox 1801 4285 1912 4348; x_wconf 76' lang='lat' dir='ltr'><strong>Hister.</strong></span> <span class='ocrx_word' id='word_1_276' title='bbox 1927 4281 1975 4346; x_wconf 87' lang='lat' dir='ltr'><strong>di-</strong></span> 
     </span>
     <span class='ocr_line' id='line_1_32' title="bbox 551 4393 1254 4480; baseline -0.006 -22"><span class='ocrx_word' id='word_1_277' title='bbox 551 4396 675 4480; x_wconf 84' lang='lat' dir='ltr'><strong>plomot.</strong></span> <span class='ocrx_word' id='word_1_278' title='bbox 686 4393 803 4458; x_wconf 79' lang='lat' dir='ltr'><strong>Frider.</strong></span> <span class='ocrx_word' id='word_1_279' title='bbox 817 4412 884 4470; x_wconf 74' lang='lat' dir='ltr'><strong>aco,</strong></span> <span class='ocrx_word' id='word_1_280' title='bbox 900 4397 924 4456; x_wconf 86' lang='lat' dir='ltr'><strong>t.</strong></span> <span class='ocrx_word' id='word_1_281' title='bbox 935 4393 991 4466; x_wconf 93' lang='lat' dir='ltr'><strong>lV,</strong></span> <span class='ocrx_word' id='word_1_282' title='bbox 1005 4411 1036 4472; x_wconf 90' lang='lat' dir='ltr'><strong>p.</strong></span> <span class='ocrx_word' id='word_1_283' title='bbox 1053 4403 1110 4454; x_wconf 78' lang='lat' dir='ltr'><strong>stt</strong></span> <span class='ocrx_word' id='word_1_284' title='bbox 1125 4399 1156 4454; x_wconf 84' lang='lat' dir='ltr'><strong>el</strong></span> <span class='ocrx_word' id='word_1_285' title='bbox 1168 4409 1254 4471; x_wconf 87' lang='lat' dir='ltr'><strong>seqq.</strong></span> 
     </span>
    </p>

    <p class='ocr_par' dir='ltr' id='par_1_10' title="bbox 601 4501 1223 4584">
     <span class='ocr_line' id='line_1_33' title="bbox 601 4501 1223 4584; baseline 0.002 -21"><span class='ocrx_word' id='word_1_286' title='bbox 601 4503 642 4584; x_wconf 79' lang='lat'><strong>(9)</strong></span> <span class='ocrx_word' id='word_1_287' title='bbox 664 4503 713 4564; x_wconf 89' lang='lat' dir='ltr'><strong>Slc</strong></span> <span class='ocrx_word' id='word_1_288' title='bbox 725 4505 756 4563; x_wconf 91' lang='lat' dir='ltr'><strong>ln</strong></span> <span class='ocrx_word' id='word_1_289' title='bbox 771 4501 871 4564; x_wconf 88' lang='lat' dir='ltr'><strong>codice</strong></span> <span class='ocrx_word' id='word_1_290' title='bbox 886 4521 895 4562; x_wconf 74' lang='grc' dir='ltr'><strong><em>ε</em></strong></span> <span class='ocrx_word' id='word_1_291' title='bbox 910 4501 981 4563; x_wconf 85' lang='lat' dir='ltr'><strong>allbl</strong></span> <span class='ocrx_word' id='word_1_292' title='bbox 993 4501 1163 4580; x_wconf 86' lang='lat' dir='ltr'><strong>slmpllclter</strong></span> <span class='ocrx_word' id='word_1_293' title='bbox 1178 4518 1223 4564; x_wconf 82' lang='lat' dir='ltr'><strong>ea.</strong></span> 
     </span>
    </p>

    <p class='ocr_par' dir='ltr' id='par_1_11' title="bbox 600 4608 868 4690">
     <span class='ocr_line' id='line_1_34' title="bbox 600 4608 868 4690; baseline -0.004 -21"><span class='ocrx_word' id='word_1_294' title='bbox 600 4608 643 4690; x_wconf 86' lang='lat' dir='ltr'><strong>(ll)</strong></span> <span class='ocrx_word' id='word_1_295' title='bbox 664 4610 700 4670; x_wconf 90' lang='lat' dir='ltr'><strong>ln</strong></span> <span class='ocrx_word' id='word_1_296' title='bbox 713 4609 814 4671; x_wconf 88' lang='lat' dir='ltr'><strong>codice</strong></span> <span class='ocrx_word' id='word_1_297' title='bbox 826 4614 868 4668; x_wconf 77' lang='lat' dir='ltr'><strong>at.</strong></span> 
     </span>
    </p>

    <p class='ocr_par' dir='ltr' id='par_1_12' title="bbox 600 4709 968 4794">
     <span class='ocr_line' id='line_1_35' title="bbox 600 4709 968 4794; baseline -0.003 -20"><span class='ocrx_word' id='word_1_298' title='bbox 600 4715 643 4794; x_wconf 80' lang='lat' dir='ltr'><strong>(i)</strong></span> <span class='ocrx_word' id='word_1_299' title='bbox 664 4715 700 4774; x_wconf 92' lang='lat' dir='ltr'><strong>ln</strong></span> <span class='ocrx_word' id='word_1_300' title='bbox 717 4714 817 4774; x_wconf 89' lang='lat' dir='ltr'><strong>codice</strong></span> <span class='ocrx_word' id='word_1_301' title='bbox 828 4709 880 4793; x_wconf 83' lang='lat' dir='ltr'><strong>qui</strong></span> <span class='ocrx_word' id='word_1_302' title='bbox 892 4730 968 4773; x_wconf 83' lang='lat' dir='ltr'><strong>cum.</strong></span> 
     </span>
    </p>
   </div>
   <div class='ocr_carea' id='block_1_5' title="bbox 0 0 2302 6066">
    <p class='ocr_par' dir='ltr' id='par_1_13' title="bbox 0 0 2302 6066">
     <span class='ocr_line' id='line_1_36' title="bbox 0 0 2302 6066; baseline 0 11"><span class='ocrx_word' id='word_1_303' title='bbox 0 0 2302 6066; x_wconf 95' lang='lat' dir='ltr'><strong> </strong></span> 
     </span>
    </p>
   </div>
  </div>
 </body>
</html>
