4534 6074
612 629 671 691 lle
1085 635 1325 704 cllaoruoolt
1349 642 1401 702 ol:
1425 642 1553 703 REBUS

608 764 916 859 Cremonensibus,
937 779 973 841 et
1001 770 1068 865 ipsi
1100 772 1348 850 destruxerunt
1376 775 1465 849 illud
1493 775 1668 868 funditus,
1688 786 1860 849 morantes
1884 778 1933 850 ibi
1951 781 2021 852 Vlll

608 888 734 962 diebus
757 891 804 962 ad
829 891 1097 984 destruendum,
1117 906 1153 968 et
1173 897 1345 972 dederunt
1364 899 1561 994 imperatori
1579 899 1627 970 xl
1644 899 1739 973 milia
1764 900 1930 972 librarum
1948 903 2023 976 Me·

608 1009 860 1086 diol'anensium
876 1037 939 1110 pro
952 1017 1112 1090 solidata.
1132 1020 1202 1093 Sed
1219 1021 1356 1094 interim
1372 1020 1457 1095 dum
1473 1021 1690 1094 obsideretur
1704 1022 1842 1112 Creme,
1859 1023 2021 1098 Mediola-

606 1155 731 1206 nenses
749 1157 828 1207 cum
844 1137 1084 1212 Brixiensibus
1097 1149 1132 1212 et
1147 1141 1356 1214 Placentinis
1369 1143 1420 1238 (a)
1431 1145 1650 1236 juraverunt,
1668 1145 1842 1216 mittentes
1856 1147 2018 1220 ambaxa·

606 1268 697 1330 tores
728 1257 775 1331 ad
802 1257 993 1332 Adrianum
1021 1283 1146 1357 papam
1175 1267 1236 1358 qui
1267 1276 1341 1338 erat
1369 1277 1456 1363 aput
1483 1267 1679 1360 Anagniam
1710 1266 1771 1362 (tr),
1801 1269 2017 1344 concordiam

603 1381 769 1454 iacientes
794 1405 873 1454 cum
902 1404 945 1455 eo
970 1384 1067 1478 quod
1092 1387 1223 1461 exinde
1248 1411 1318 1462 non
1337 1391 1592 1485 paciscerentur
1610 1393 1666 1464 vel
1682 1392 1907 1465 concordium
1925 1395 2016 1466 lacc-

603 1514 679 1577 rent
695 1507 845 1600 aliquem
867 1527 947 1578 cum
972 1509 1178 1603 imperatore
1202 1513 1383 1587 Frederico
1399 1515 1530 1609 absque
1547 1515 1686 1588 licentia
1704 1514 1837 1588 domini
1854 1539 1944 1612 pape
1961 1520 2015 1591 vel

601 1631 687 1719 ejus·
702 1631 922 1702 successoris.
940 1631 983 1702 lit
1009 1632 1171 1705 dominus
1198 1657 1286 1731 papa
1317 1659 1338 1709 e
1364 1659 1530 1710 converso
1557 1635 1650 1710 idem
1677 1639 1841 1710 convenit
1864 1650 1899 1712 et
1919 1641 2015 1733 quod

601 1773 714 1846 usque
730 1753 775 1824 ad
793 1754 852 1824 XL
870 1752 946 1826 dies
968 1759 1284 1832 excommunicaret
1309 1761 1567 1854 imperatorem,
1592 1782 1660 1832 non
1683 1769 1797 1832 tamen
1819 1764 2014 1853 juramento

598 1873 748 1948 firmavit
765 1874 823 1972 (c).
843 1877 980 1950 Accidit
996 1888 1112 1952 autem
1135 1891 1173 1952 ut
1189 1881 1277 1954 intra
1295 1892 1460 1955 statutum
1479 1884 1664 1956 terminum
1684 1883 1846 1956 dominns
1861 1907 1952 1980 papa
1968 1887 2013 1960 ad

597 2019 740 2092 superos
758 2001 972 2092 convolavit;
992 2002 1122 2074 clectus
1147 2013 1198 2076 est
1223 2015 1378 2078 autema
1400 2006 1636 2079 cardinalibus
1651 2006 1865 2080 concorditer
1882 2010 2013 2102 magis-

596 2129 649 2194 ter
671 2121 884 2195 Rolandinus
899 2124 960 2216 qui
977 2133 1117 2218 propter
1132 2127 1334 2218 religionem
1351 2151 1450 2202 snam
1469 2131 1561 2224 cepit
1578 2151 1616 2201 se
1633 2149 1803 2202 excusare
1818 2130 2012 2204 secundum

596 2246 692 2337 quod
708 2266 857 2318 canones
882 2247 1088 2341 precipiunt.
1106 2251 1239 2324 lnterea
1265 2252 1408 2344 quidam
1433 2251 1620 2326 cardinalis
1642 2253 1782 2325 nomine
1800 2253 2011 2328 Octavianus

485 2386 489 2408 ¹
594 2369 737 2442 consilio
766 2369 911 2441 aliorum
941 2371 1090 2443 duorum
1121 2373 1348 2446 cardinalium
1379 2385 1414 2446 et
1444 2374 1661 2448 dominorum
1695 2376 1837 2448 Octonis
1869 2379 2009 2470 palatini

592 2492 729 2564 comitis
749 2501 783 2564 et
803 2492 972 2564 Gnidonis
998 2495 1131 2565 comitis
1156 2495 1202 2569 de
1224 2495 1408 2568 Blandrate
1430 2494 1506 2593 [qui
1524 2505 1607 2566 tuuc
1624 2492 1734 2592 erant]
1763 2496 1866 2588 legati
1893 2497 2008 2590 impe-

591 2614 713 2686 ratoris
738 2615 784 2686 ad
800 2616 1026 2709 apostolicum
1045 2615 1159 2708 missi,
1178 2639 1224 2690 ex
1242 2618 1413 2690 industria
1441 2619 1569 2690 leocrat
1593 2618 1875 2690 venustissimum
1903 2641 2008 2691 man-

592 2747 664 2808 tum
684 2735 735 2832 (d)
749 2737 938 2831 quemdam
961 2761 1063 2810 suum
1086 2741 1249 2812 clericum
1269 2741 1316 2812 ibi
1347 2751 1497 2836 portare.
1516 2739 1560 2812 Et
1592 2763 1672 2814 cum
1699 2741 1813 2814 dictus
1845 2741 2008 2835 magister

589 2859 802 2932 Rolandinus
833 2883 871 2935 se
899 2861 1143 2936 decentissime
1168 2874 1385 2956 excussaret,
1409 2865 1620 2937 Octavianus
1650 2863 1783 2958 accepit
1813 2864 1945 2959 palium
1973 2876 2008 2938 et

589 2983 657 3054 sibi
676 2981 742 3078 ipsi
761 2985 943 3078 imposuit,
963 2985 1130 3058 ducentes
1156 3009 1237 3061 eum
1268 2987 1315 3060 ad
1345 2988 1477 3062 sedem.
1505 2989 1684 3060 Senatores
1702 2996 1818 3059 autern
1841 3000 2022 3081 ceperunt

589 3107 737 3180 electum
764 3107 1002 3180 Alexandrum
1024 3118 1060 3196 et
1076 3111 1162 3183 alios
1178 3110 1372 3184 cardinales
1388 3120 1422 3183 et
1440 3121 1625 3182 tenuemnt
1642 3131 1701 3182 eos
1719 3119 1838 3204 captos
1856 3111 1892 3181 in
1911 3131 2006 3202 qua-

588 3229 669 3302 dam
685 3239 779 3302 turre
793 3251 917 3303 novem
937 3230 1026 3305 dies.
1046 3235 1167 3306 Postea
1185 3233 1394 3306 Octavianus
1418 3234 1515 3306 venit
1533 3233 1581 3306 ad
1598 3234 1838 3326 imperatorem
1856 3233 2007 3326 quierat

587 3353 623 3424 in
642 3353 762 3450 Papia.
777 3355 841 3426 Die
865 3356 913 3426 Xl
930 3357 1058 3428 mensis
1083 3357 1247 3428 februarii
1265 3357 1311 3429 ab
1329 3357 1534 3452 imperatore
1558 3355 1595 3426 in
1622 3356 1848 3450 apostolicum
1866 3365 1920 3429 est
1947 3379 2005 3430 re·

588 3487 719 3574 ceptus.
739 3479 871 3551 interea
887 3479 993 3552 tercio
1019 3479 1184 3552 kalendas
1200 3479 1337 3569 marcii,
1361 3479 1535 3552 lohannes
1558 3479 1603 3552 de
1630 3479 1784 3572 Aragnio
1813 3477 1859 3574 (a)
1887 3480 2006 3552 cardi·

588 3603 675 3674 nelis
692 3601 887 3697 Apostolice
914 3602 1029 3692 Sedis,
1060 3605 1194 3697 legatus
1212 3625 1303 3698 pape
1329 3601 1539 3692 Alexandri,
1562 3603 1598 3674 in
1622 3603 1797 3675 civilatem
1819 3601 2004 3675 Mediolani

586 3725 757 3814 existens,
783 3725 1100 3798 excommunicavit
1125 3727 1354 3799 Octavianum
1385 3736 1420 3798 et
1450 3726 1689 3822 imperatorem
1720 3723 1940 3798 Fredericum
1970 3737 2005 3797 et

587 3849 764 3945 episcopos
799 3849 957 3940 Matutae,
992 3849 1174 3942 Cremona,
1209 3851 1336 3944 Papie,
1373 3847 1513 3941 Laude,
1548 3849 1717 3932 Novaria,
1749 3848 2000 3938 vercellarum,

586 3973 723 4069 Serpnii
741 3981 775 4046 ct
792 3973 994 4046 Mertexane
1011 3971 1081 4069 (f).
1100 3973 1148 4046 Μ.
1163 3974 1201 4046 C.
1221 3973 1298 4062 LX,
1315 3973 1438 4068 quinto
1459 3970 1626 4046 kalendas
1642 3971 1777 4068 aprilis,
1797 3991 2005 4044 excommu-

627 4230 670 4311 (α)
691 4233 727 4294 In
739 4228 1027 4294 codicePlcceatici.

628 4337 670 4417 (b)
696 4339 732 4398 ln
745 4337 845 4399 codice
856 4336 1021 4418 Arcanum.

628 4444 665 4523 (c)
692 4443 961 4524 Ap.llurator.qut
971 4450 1064 4504 maren
1080 4461 1140 4504 aaa
1152 4443 1275 4504 amauit.
1282 4443 1372 4520 Pejus
1384 4443 1473 4502 etlam
1489 4441 1521 4502 ln
1534 4439 1700 4502 aaaron.
1709 4437 1757 4498 cui
1769 4444 1867 4498 tamen
1871 4435 2000 4518 junavit.

627 4550 671 4630 (d)
692 4551 728 4610 ln
741 4549 843 4610 codice
859 4547 1040 4611 malam.
1055 4551 1256 4612 Emendaruus
1268 4565 1308 4610 ex
1319 4547 1387 4609 cod.
1402 4547 1495 4609 Paris.
1510 4553 1541 4608 et
1553 4563 1591 4608 ex
1603 4549 1689 4606 textu
1703 4561 1722 4605 a
1734 4543 1897 4606 Muratorlc
1909 4543 1999 4604 edito.

628 4653 665 4733 (a)
693 4655 742 4717 Sic
755 4657 788 4714 ln
801 4654 869 4714 eod.
883 4655 1057 4730 Parlslensl;
1073 4671 1122 4732 ap.
1134 4655 1280 4716 Muralor.
1296 4651 1331 4713 dc
1343 4652 1491 4734 Anapuio.

626 4757 671 4841 (l)
692 4761 728 4821 ln
741 4761 808 4822 cod.
824 4761 982 4822 Parlslensl
998 4778 1006 4822 r
1021 4761 1162 4841 episcopor
1175 4760 1306 4836 Mantua,
1323 4760 1461 4822 Crenacca
1474 4765 1502 4820 ct
1515 4753 1616 4820 Laude
1629 4753 1861 4819 etiamtunc
1875 4752 2002 4816 deidon-
