4676 6066
936 649 1132 726 Prienen
1708 677 1749 720 xv

379 805 432 880 De
453 793 645 878 obsidione
672 795 915 876 Alexandrie.

379 937 429 1013 lle
441 955 536 1040 poce
555 927 661 1036 sacta
679 931 785 1036 opud
808 927 1011 1036 Costipinm
1026 927 1129 1010 inter-
1143 925 1409 1036 imperatorem
1430 937 1465 1006 et
1481 925 1720 1008 lombardos.

378 1069 430 1146 lle
446 1060 578 1172 prelio
596 1064 644 1140 de
659 1065 832 1168 tequam
848 1061 949 1144 inter
965 1062 1230 1172 imperotores
1251 1071 1287 1140 et
1308 1057 1614 1142 Mediolanenses.
1781 1093 1786 1100 ·

378 1199 432 1276 De
446 1219 547 1303 poce
568 1191 674 1301 [octe
689 1219 761 1302 per
776 1195 1033 1275 texandrum
1044 1219 1191 1304 popam
1207 1189 1306 1272 inter
1319 1189 1582 1300 imperatorem
1599 1204 1635 1272 et
1647 1197 1751 1276 loss-

327 1330 483 1410 bordon.

381 1461 444 1546 On
462 1461 508 1544 iit
523 1461 673 1544 ensuite
691 1463 715 1542 1
732 1461 875 1544 l’enere
888 1487 1009 1572 rouge
1031 1489 1043 1540 z

386 1625 403 1668 s
427 1601 534 1676 Gesto
551 1591 725 1677 Fedmioi
742 1593 986 1702 imperatoris
1002 1597 1050 1674 de
1066 1593 1158 1674 urle
1178 1589 1289 1700 (lisen
1301 1588 1429 1699 rebus)
1446 1588 1558 1698 pestis
1580 1587 1621 1668 in
1647 1593 1752 1670 Lom-

327 1727 481 1808 111111.
502 1729 688 1835 Prolopon
711 1725 820 1808 istius
843 1726 978 1808 libelli.
1006 1760 1020 1800 s
1041 1726 1131 1810 Pois
1152 1723 1254 1806 vient
1284 1723 1321 1804 le
1342 1722 1529 1832 prologum
1555 1721 1752 1806 conforme

326 1885 378 1942 eu
395 1869 499 1943 texte
514 1861 645 1942 donne
660 1885 733 1969 pur
748 1859 953 1966 illustriori,
971 1857 1061 1941 ssuf
1075 1859 1114 1941 le
1128 1857 1303 1940 membre
1322 1859 1372 1938 de
1388 1856 1529 1964 phrase
1551 1889 1568 1928 e
1589 1854 1753 1936 monim

325 1993 660 2078 Mediolanensiom
676 1991 931 2089 onustorum,
947 1991 1200 2102 proditionem
1213 2005 1324 2100 etque
1342 1989 1665 2094 destructionem»
1683 1988 1752 2096 qui

326 2135 387 2210 est
401 2127 502 2210 omis
518 2127 619 2210 dens
635 2134 747 2210 notro
761 2125 990 2208 manuscrit.
1013 2123 1111 2210 Meis
1131 2124 1180 2208 ici
1199 2151 1242 2208 se
1257 2133 1435 2208 trouvent
1455 2148 1503 2204 en
1526 2128 1638 2204 outre
1662 2122 1753 2231 cinq

326 2285 417 2344 rers
429 2259 527 2342 niuei
543 2285 713 2361 coneus:

553 2459 595 2527 Et
610 2465 645 2527 tu
660 2459 804 2546 quisquis
818 2459 882 2525 eris
896 2459 1027 2546 cupiens
1044 2456 1154 2526 audire
1170 2455 1314 2525 libellum

554 2571 606 2644 Sis
621 2591 747 2641 memor
760 2571 896 2640 istorum
909 2569 1049 2641 breviter
1064 2591 1125 2660 que
1138 2571 1253 2640 dixerit
1267 2577 1389 2640 auctor.

551 2685 668 2757 Exime
682 2695 821 2756 tortores
837 2687 983 2756 videlicet
996 2695 1094 2776 utque
1106 2687 1248 2755 dolores.

551 2799 639 2894 Ergo
654 2802 753 2872 eorde
768 2813 840 2871 tene
854 2821 916 2891 que
928 2801 1068 2891 perlegis
1085 2811 1119 2870 ut
1132 2799 1216 2870 hene
1228 2803 1331 2878 vites:

555 2917 704 3007 Namque
721 2919 830 2988 miuus
844 2917 896 3006 (1)
908 2916 989 2986 ledit
1002 2915 1157 3006 quidquid
1174 2915 1373 3006 previdimus
1386 2923 1470 2985 ente

382 3091 436 3182 Lo
453 3101 579 3180 meme
597 3093 680 3180 idle
694 3093 838 3180 revient
854 3093 942 3206 plus
956 3093 1035 3181 loin
1051 3121 1141 3180 esec
1154 3091 1320 3206 quelque
1331 3093 1642 3205 developpement
1655 3095 1754 3182 dous

328 3253 406 3311 une
424 3237 526 3312 sorte
543 3227 592 3312 de
611 3225 751 3312 second
769 3225 956 3339 prologus
973 3225 1080 3337 pluoe
1099 3239 1212 3312 ovant
1232 3227 1270 3310 le
1287 3225 1381 3310 recit
1402 3229 1470 3310 des
1493 3225 1581 3310 suits
1607 3225 1752 3313 relntils

328 3357 652 3444 il’nnnee115'l
677 3359 761 3472 (fol.
790 3361 839 3443 61
875 3361 994 3467 recto)
1018 3389 1027 3441 ε
1055 3395 1069 3434 «
1095 3359 1155 3444 Ad
1174 3359 1399 3444 memoriam
1421 3359 1564 3470 pariter
1585 3369 1621 3445 11
1648 3361 1756 3446 noti-

328 3495 422 3576 tiam
441 3489 733 3578 Lonburdorum
760 3495 941 3578 reducere
962 3489 1130 3578 volentes
1152 3496 1311 3577 miserus
1335 3493 1556 3605 angustius,
1581 3491 1753 3580 tribulu-

328 3623 451 3710 tiones
473 3636 512 3710 et
529 3637 719 3710 tormento
737 3653 813 3738 que
832 3635 939 3739 gesta
958 3625 1104 3710 suntin
1127 3623 1345 3710 Louburdin
1365 3623 1414 3708 ub
1431 3625 1661 3735 imperatore
1685 3625 1755 3712 Pe-

328 3757 476 3868 dorico,
498 3757 548 3842 ad
576 3757 778 3844 utilitatem
803 3773 999 3872 posterum
1028 3761 1310 3843 succedentium
1329 3769 1502 3842 versatur
1529 3759 1675 3844 utilitas
1692 3759 1752 3871 (2)

329 3899 393 3998 ut,
414 3915 504 3974 eum
523 3887 663 4001 aliquis
684 3890 743 3976 vir
769 3895 939 4002 prudeus
963 3915 1008 3975 es
1031 3915 1106 4002 que
1135 3893 1275 4001 scripta
1295 3891 1480 3974 invenerit
1499 3899 1640 3976 attente
1656 3919 1754 4004 per-

329 4023 496 4132 spexerit
512 4033 551 4106 11
568 4023 745 4134 audierit,
762 4023 800 4107 in
820 4026 950 4108 animo
968 4035 1006 4107 et
1026 4033 1153 4108 mente
1171 4051 1241 4107 sun
1254 4031 1427 4134 reponat,
1444 4049 1492 4108 ne
1509 4023 1550 4107 irr
1568 4023 1755 4110 consimi-

327 4151 433 4238 libus
451 4161 489 4238 el
505 4153 702 4242 iunirtute
720 4165 758 4240 et
776 4165 960 4266 potestate
978 4153 1297 4240 'theotonicorum
1316 4155 1482 4240 incidere
1499 4159 1632 4267 possit.
1656 4159 1753 4242 Cum

329 4285 497 4374 breviter
513 4287 723 4399 poterimus
741 4313 918 4397 uerrere,
939 4288 1200 4399 perordinem
1221 4287 1368 4400 aperire
1385 4289 1638 4375 studebimus.
1666 4327 1680 4366 s

376 4555 428 4644 (i)
450 4555 476 4624 11
490 4577 511 4645 y
525 4577 544 4623 a
557 4555 637 4625 daus
655 4557 685 4626 le
703 4559 881 4626 manuscrit
893 4580 963 4622 mm
978 4559 1108 4643 tepimue.
1129 4557 1175 4625 Lu
1196 4555 1392 4635 correction,
1409 4555 1464 4646 qui
1485 4565 1535 4624 est
1557 4553 1754 4625 11111111-

331 4675 405 4738 ture
420 4672 633 4759 posttrieurs,
654 4691 689 4741 se
702 4679 815 4742 trouve
832 4675 850 4742 1
865 4671 897 4741 lu
913 4690 1035 4762 merge.

376 4781 429 4872 (nt
451 4781 496 4854 cs
511 4787 656 4856 membre
669 4787 709 4856 de
723 4787 840 4878 phrase
852 4796 902 4858 est
914 4787 1026 4857 mutili
1040 4805 1101 4878 psr
1113 4786 1144 4856 is
1159 4785 1245 4856 iente
1261 4785 1305 4856 du
1316 4785 1451 4876 espiste,
