4534 6074
598 610 640 672 44
1019 620 1261 693 canonicor
1284 635 1586 699 utacuttrlltttlt.

598 749 861 845 conbuserunt,
885 754 961 828 illos
978 779 1119 855 quoque
1134 765 1196 857 qni
1213 768 1249 839 in
1274 781 1385 847 castro
1407 773 1552 848 aderant
1565 794 1710 846 numero
1728 783 1866 846 centum
1884 774 2013 850 babue-

595 881 677 942 runt
694 883 730 946 et
753 889 936 972 ceperunt,
958 891 993 954 et
1019 883 1190 961 Placentie
1206 891 1284 966 illos
1302 896 1413 970 victos
1434 897 1612 970 duxerunt
1632 905 1667 970 et
1685 897 1875 970 incarcere
1896 900 2014 970 reclu-

595 1008 727 1081 seruut;
753 1001 909 1094 predicta
932 1026 1016 1078 vero
1042 1007 1101 1082 die
1117 1011 1260 1087 domum
1284 1021 1474 1094 redierunt.
1504 1023 1632 1096 Verum
1655 1021 1739 1114 quia
1760 1020 1915 1116 prediola
1938 1022 2014 1096 dies

595 1121 642 1192 ad
669 1132 797 1197 turrem
829 1127 921 1199 illam
948 1130 1194 1209 destruendam
1220 1143 1327 1216 etad
1358 1155 1490 1228 tautum
1520 1169 1610 1242 opus
1635 1145 1887 1242 perficiendum
1914 1149 2011 1220 sulli-

594 1245 690 1318 ciens
714 1270 784 1321 non
809 1251 892 1344 luit,
913 1252 971 1326 die
996 1257 1131 1331 sabbati
1157 1265 1307 1356 proximi
1332 1271 1526 1363 sequentis,
1553 1270 1743 1342 Placentini
1770 1292 1851 1342 cum
1875 1270 2010 1344 Medio·
2062 1275 2064 1278 ’

593 1367 794 1444 lanensibus
821 1375 990 1450 militibus
1016 1379 1064 1454 ad
1097 1399 1383 1479 prememoratam
1418 1403 1547 1466 turrem
1580 1393 1779 1468 fodiendam
1805 1395 2011 1489 penitusque

592 1492 839 1570 destruendam
862 1503 1124 1600 equitaverunt;
1146 1511 1256 1606 ipsam
1277 1521 1425 1612 quoque'
1440 1529 1569 1592 turrem
1599 1519 1766 1592 radicitus
1785 1520 1959 1593 lodierunt
1976 1531 2011 1595 et

591 1616 855 1715 destruxerunt,
874 1635 909 1696 et
931 1631 1031 1700 castri
1049 1635 1236 1728 terragium
1253 1650 1356 1732 prout
1371 1643 1559 1736 potuerunt
1581 1643 1870 1738 explanaverunt.
1893 1645 2009 1730 Quin-

591 1743 762 1817 todecimo
794 1746 852 1819 die
873 1751 1029 1842 ejusdcm
1059 1759 1188 1830 mensis
1212 1761 1383 1854 octubris,
1411 1763 1495 1836 dicti
1525 1765 1712 1839 Placentini
1733 1789 1813 1839 cum
1841 1769 2007 1842 militibus

588 1865 774 1940 Mediolani
803 1873 1048 1966 equitaverunt
1069 1881 1115 1955 ad
1142 1883 1406 1975 llovorsealam,
1439 1888 1560 1961 vineas
1584 1900 1620 1962 et
1646 1891 1786 1964 arbores
1813 1903 1917 1987 prout
1941 1915 2007 1988 po-

587 1999 728 2064 tuerunt
750 1992 997 2071 destruxerunt
1011 2011 1046 2074 et
1063 2004 1276 2079 inciderunt.

634 2115 683 2188 Μ.
699 2116 761 2188 CC.
776 2119 881 2193 Xllll.
907 2123 1094 2199 Placentini
1123 2130 1303 2221 elegerunt
1331 2133 1367 2206 iu
1392 2143 1562 2232 potestate
1594 2135 1776 2209 domiuum
1803 2137 2004 2212 Guilrednm

583 2238 792 2314 Grassellum
812 2245 926 2318 civem
940 2247 1146 2341 Mediolani,
1167 2255 1229 2347 qui
1248 2277 1290 2328 eo
1307 2277 1399 2330 anno
1417 2260 1591 2334 ciuitatem
1609 2262 1702 2334 illam
1718 2263 1820 2335 rexit.

631 2362 680 2434 M.
699 2363 764 2437 CC.
781 2367 856 2458 XV,
878 2369 1067 2444 indictione
1088 2375 1155 2464 ΙΙΙ,
1184 2377 1241 2450 dio
1261 2378 1456 2472 dominico,
1480 2384 1513 2454 X
1535 2383 1701 2458 kalendas
1721 2386 1812 2478 Junii
1840 2382 1908 2480 (l),
1934 2387 2003 2458 mi·

581 2486 659 2558 lites
683 2497 718 2560 et
748 2491 882 2584 pedites
908 2493 953 2566 de
975 2497 1087 2568 tribus
1111 2501 1218 2594 portis
1251 2503 1439 2578 Mediolani
1464 2529 1545 2580 cum
1571 2509 1739 2582 militibus
1767 2522 1802 2583 et
1826 2511 2001 2606 peditibus

581 2609 758 2684 districtus
791 2615 977 2689 Mediolani
1010 2620 1095 2715 ipsis
1135 2625 1242 2719 portis
1276 2627 1556 2726 pertinenti[bus]
1595 2632 1823 2704 castrametati
1863 2632 2001 2704 luerunt

576 2735 680 2826 juxta
699 2736 855 2811 Castrum
872 2743 1009 2816 Novum
1032 2746 1077 2818 de
1096 2749 1185 2822 ultra
1209 2750 1322 2838 Pado,
1340 2763 1375 2826 et
1401 2753 1437 2824 in
1461 2753 1529 2825 illis
1552 2756 1726 2848 partibus,
1751 2754 1810 2828 die
1832 2757 1917 2828 lune
1940 2778 2000 2831 ve·

580 2861 715 2952 niente,
743 2863 872 2937 ibidem
897 2888 935 2940 se
963 2870 1265 2964 coadunaverunt;
1290 2877 1357 2949 alia
1382 2887 1499 2952 autem
1533 2877 1591 2950 die
1618 2879 1947 2973 uanspadaverunt,
1965 2891 2000 2953 et

579 2983 741 3080 hospitati
768 2989 910 3062 luerunt
933 3013 975 3066 ea
1005 2994 1063 3067 die
1088 2997 1134 3070 ad
1160 2999 1336 3090 Trebiam3
1365 3000 1423 3074 die
1449 3003 1612 3075 mercurii
1633 3003 1793 3098 proximo
1821 3005 1996 3098 sequenti,

578 3107 765 3182 Placentini
790 3123 860 3186 tam
879 3117 1007 3191 milites
1025 3121 1131 3214 quam
1158 3124 1313 3218 pedites,
1340 3127 1495 3220 exceptis
1520 3127 1687 3198 militibus
1703 3137 1738 3200 et
1760 3127 1936 3223 peditibus
1954 3129 1999 3202 de

577 3229 789 3308 Porta-Nova
803 3247 837 3309 et
855 3237 900 3312 de
918 3242 993 3335 ripa
1010 3242 1114 3334 Padi,
1134 3247 1195 3338 qui
1211 3247 1355 3320 domum
1371 3271 1432 3343 pro
1448 3249 1607 3323 custodia
1624 3259 1879 3341 remanserunt,
1896 3253 1998 3325 exie-

576 3365 659 3426 runt
681 3357 853 3432 civitatem
876 3373 1012 3436 etcum
1038 3367 1354 3443 Mediolanensibus
1377 3370 1624 3446 Bardoneziam
1649 3374 1791 3446 luerunt
1809 3385 1996 3448 castrame-

575 3480 654 3572 tati;
676 3483 744 3556 alia
762 3482 821 3557 die
835 3487 936 3576 juxta
953 3495 1103 3563 castrum
1119 3493 1296 3566 Bosonasii
1309 3515 1374 3567 sua
1388 3493 1541 3568 fixerunt
1554 3498 1713 3589 tentoria,
1732 3497 1828 3591 quod
1843 3507 1992 3570 castrum

574 3601 761 3696 plurimum
780 3615 853 3680 e'rat
877 3612 1101 3686 fortissimum
1119 3618 1246 3712 pariter
1264 3629 1299 3690 et
1315 3621 1489 3692 munitum
1513 3631 1606 3694 turre
1633 3643 1778 3716 magna,
1805 3643 1905 3694 muro
1926 3623 1994 3692 lor·

575 3729 705 3804 lissim0
736 3735 882 3828 vallato,
915 3747 951 3810 et
980 3741 1117 3815 fossatis
1146 3745 1281 3837 magnis
1316 3753 1421 3840 atque
1453 3747 1653 3841 prolundis;
1684 3747 1879 3843 predictum
1910 3769 1993 3819 vero

573 3862 723 3926 castrum
750 3858 937 3933 Placentini
964 3886 1044 3936 cum
1064 3865 1226 3961 predaria
1258 3869 1349 3941 illico
1379 3879 1690 3964 expugnaverunt,
1715 3881 1751 3942 et
1779 3891 1859 3942 cum
1894 3889 1992 3942 man·

571 3977 675 4068 genis
693 3991 727 4052 et
745 3983 915 4076 predariis
929 3989 1033 4084 alque
1054 3991 1159 4084 gattis
1180 4001 1216 4063 et
1238 3993 1358 4064 castris
1381 3993 1579 4086 liquaminis
1600 4003 1635 4065 et
1657 3994 1734 4066 aliis
1762 3991 1933 4064 machinis
1946 3991 1992 4066 ad

571 4099 660 4172 illud
681 4113 837 4179 ‘castrum
867 4109 1102 4185 obsidendum
1131 4115 1331 4188 mirabiliter
1360 4138 1398 4190 se
1424 4128 1647 4212 paraverunt.
1678 4117 1846 4190 videntes
1875 4127 1991 4189 autem

571 4223 758 4301 intrinseci·
770 4231 832 4324 qui
850 4231 886 4302 in
904 4233 980 4327 ipso
997 4246 1108 4309 castro
1124 4237 1289 4328 aderant,
1309 4261 1347 4312 se
1375 4262 1443 4314 non
1464 4261 1564 4336 posse
1581 4241 1789 4313 Placentinis
1812 4239 1987 4330 resistere,

570 4371 634 4422 nec
653 4353 740 4426 illud
763 4365 912 4430 castrum
943 4360 1147 4454 defendere,
1167 4365 1236 4437 alia
1257 4365 1333 4456 die,
1358 4367 1491 4440 seilicet
1509 4368 1567 4441 die
1587 4368 1747 4459 ueneris,
1764 4367 1896 4440 dictum
1915 4387 1989 4438 cas·

570 4484 659 4547 trum
676 4482 834 4573 potestati
851 4482 1024 4558 Placentie
1045 4487 1291 4578 reddiderunt,
1310 4500 1345 4562 et
1360 4491 1428 4563 alia
1445 4489 1502 4564 die
1519 4492 1708 4564 Placentini
1728 4489 1816 4563 illud
1835 4499 1987 4563 castrum

603 4737 639 4811 (t)
659 4737 680 4794 ll
695 4737 752 4796 laut
762 4737 812 4796 lire
825 4741 873 4797 IX
886 4739 1025 4828 lotardus.
1037 4743 1075 4799 Le
1088 4743 1116 4799 X
1130 4742 1181 4817 (23
1195 4743 1261 4817 mai)
1276 4744 1390 4802 tombait
1402 4763 1439 4803 uu
1452 4747 1564 4805 samad.
