4554 6080
596 681 657 744 266
1069 681 1309 743 canonicor
1334 683 1386 742 DE
1411 681 1538 743 REBUS

595 816 757 889 civitatis.
768 815 989 890 Postmodum
999 817 1034 888 in
1047 818 1220 912 presentia
1229 819 1419 912 legatorum
1434 817 1513 890 lecti
1527 818 1667 888 luerunt
1679 817 1879 890 offitieleset
1890 827 2009 913 potee-

594 941 681 1012 terie
696 941 868 1028 locorum,
889 941 935 1013 ite
953 950 987 1013 et
1005 941 1064 1012 teli
1081 940 1186 1014 modo
1201 941 1297 1034 quod
1315 941 1432 1012 nullus
1457 940 1501 1013 de
1516 949 1612 1034 perte
1627 941 1760 1014 comitis
1781 949 1929 1034 potestas
1944 941 2011 1012 init

593 1061 650 1134 vel
666 1063 826 1134 offitialis.
849 1063 1011 1135 illumne
1031 1064 1160 1135 malurn
1177 1063 1272 1156 quod
1288 1072 1421 1157 poterat
1444 1062 1537 1135 idem
1563 1071 1713 1158 potestas
1731 1063 1876 1134 faciebat
1890 1072 2009 1136 contra

594 1194 725 1280 partem
748 1195 782 1258 et
802 1185 960 1258 homines
982 1185 1027 1258 de
1046 1193 1143 1281 parte
1167 1184 1249 1257 dicti
1279 1186 1414 1258 comitis
1437 1185 1605 1258 Uhertini.
1631 1186 1727 1258 Fecit
1747 1187 1851 1259 etiem
1866 1187 2010 1282 ipsemet

593 1308 739 1382 bannire
761 1307 940 1382 dominum
958 1308 1191 1382 marchionem
1217 1319 1251 1381 et
1273 1331 1370 1382 erma
1387 1311 1463 1401 ejus
1489 1309 1619 1403 ubique
1640 1310 1800 1397 eredere,
1822 1318 1857 1380 et
1880 1310 2010 1382 litteras

592 1434 720 1504 scultas
742 1433 778 1502 in
805 1454 972 1527 campana
998 1433 1190 1504 communis
1213 1431 1257 1505 de
1279 1433 1420 1504 nomine
1443 1435 1519 1526 ejus
1543 1431 1721 1506 destruam
1744 1433 1824 1505 iecit
1848 1443 1883 1505 et
1905 1453 2009 1506 omne

593 1556 722 1626 malum
739 1554 835 1648 qnod
857 1556 969 1650 potuit
990 1563 1109 1629 contra
1125 1557 1237 1629 iecere
1253 1557 1345 1630 iecit.
1371 1557 1511 1629 Interim
1531 1557 1731 1630 Parmenses
1756 1557 1932 1629 intrinseci
1947 1577 2010 1630 os-

593 1677 759 1750 sodebant
777 1679 927 1751 Mentem
949 1679 1123 1752 Pallonem
1148 1689 1297 1752 cestrum
1313 1681 1413 1752 istius
1431 1677 1653 1752 marchionis.
1674 1680 1750 1764 Quo
1766 1689 1866 1774 cepto
1893 1681 2008 1776 ipsum

592 1801 727 1895 penitus
755 1800 936 1873 diruerunt
963 1810 997 1874 et
1022 1803 1111 1876 circe
1133 1803 1283 1875 LXXllll
1308 1803 1594 1900 decapitaverunt
1619 1825 1707 1897 qnos
1729 1803 1766 1874 in
1791 1805 1867 1898 ipso
1896 1814 2007 1878 castro

592 1933 775 2017 ceperunt;
795 1933 829 1994 et
846 1923 1049 1998 Girerdinus
1063 1925 1109 1997 de
1127 1925 1276 1998 bovaria
1292 1926 1462 1998 nuncium
1477 1925 1539 2018 qui
1555 1925 1630 2020 ipse
1644 1946 1738 1998 nora
1751 1927 1947 2021 apportavit
1963 1927 2009 2000 de

592 2065 696 2116 avere
717 2046 910 2118 communis
934 2045 980 2118 ed
1001 2068 1096 2118 arma
1114 2067 1178 2118 sua
1194 2047 1341 2121 inducre
1358 2048 1440 2120 iecit
1456 2069 1519 2142 pro
1535 2047 1666 2141 gaudio
1685 2049 1780 2140 quod
1802 2048 1937 2120 hebuit.
1953 2051 2009 2121 lu-

591 2177 684 2241 terea
697 2169 800 2261 legati
815 2179 986 2242 venerunt
1005 2168 1052 2241 ad
1065 2168 1266 2242 Cremonam
1285 2193 1391 2243 cause
1403 2169 1599 2266 complendi
1616 2169 1728 2243 simile
1741 2173 1868 2244 lactum
1886 2172 1953 2262 ibi,
1972 2183 2008 2245 et

590 2312 669 2362 curn
683 2302 772 2364 esset
786 2292 969 2364 consilium
986 2294 1179 2366 communis
1196 2293 1361 2366 Cremona
1378 2294 1414 2364 in
1434 2294 1559 2388 palatio
1580 2304 1845 2388 congregatum,
1862 2295 2008 2390 predicti

589 2416 692 2508 legati
709 2417 847 2488 iverunt
866 2415 913 2489 ed
933 2418 1079 2511 plateam
1096 2417 1235 2508 majoris
1247 2417 1405 2491 ecclesie.
1427 2418 1527 2490 hlnlti
1543 2427 1776 2490 convenerant
1789 2419 1834 2492 de
1853 2419 2008 2514 prodito-

589 2539 686 2610 ribus
699 2539 864 2612 Crcmone
877 2541 1078 2614 invocantes
1091 2561 1226 2637 pacem,
1240 2551 1275 2615 et
1291 2541 1523 2614 esponderunt
1537 2541 1603 2636 ipsi
1620 2543 1724 2633 legati
1738 2563 1844 2636 super
1855 2542 2004 2637 lapidem

589 2663 764 2735 concionis
781 2664 937 2735 volentes
958 2664 1005 2736 ed
1022 2685 1194 2736 rumorem
1216 2664 1344 2737 hebere
1364 2665 1505 2738 forciam
1527 2663 1619 2736 illins
1637 2663 1787 2736 civitatis
1801 2673 1842 2736 ut
1864 2676 2002 2759 possent

587 2784 699 2858 facere
713 2787 810 2879 qnod
828 2787 1005 2880 optabant.
1025 2785 1125 2860 Unde
1141 2796 1291 2882 potestas
1314 2788 1482 2860 Cremouc
1496 2797 1539 2880 ,et
1559 2787 1722 2860 dominus
1741 2788 1884 2860 Bossius
1904 2798 1939 2861 et
1954 2787 2002 2861 illi

587 2904 633 2978 de
646 2907 791 2980 consilio
803 2907 1052 2980 descendentes
1068 2908 1113 2982 de
1132 2909 1258 3003 palatio
1276 2909 1496 3002 expelleruut
1509 2909 1620 2982 dictos
1631 2909 1815 3003 legatoede
1828 2911 1954 3005 platea,
1969 2921 2004 2984 et

586 3031 737 3102 cucurrit
750 3039 820 3103 tote
836 3031 959 3105 civitas
974 3031 1022 3104 ed
1039 3054 1147 3106 erma.
1164 3035 1292 3106 Temen
1304 3033 1465 3106 dominus
1477 3033 1616 3106 Bossirm
1633 3041 1669 3105 et
1682 3055 1745 3106 sne
1757 3055 1836 3128 pars
1853 3033 2004 3106 obtinuit

585 3155 632 3226 ita
650 3154 746 3248 quod
760 3156 878 3228 nnllua
893 3155 957 3227 init
971 3177 1077 3229 ausus
1091 3165 1210 3229 contra
1224 3177 1304 3228 eum
1321 3157 1390 3246 ire,
1408 3167 1443 3228 et
1459 3155 1511 3229 sic
1527 3157 1679 3252 oportuit
1690 3155 1785 3250 quod
1798 3157 1901 3248 legati
1912 3179 2001 3230 rece-

584 3276 710 3349 derunt
737 3275 783 3350 de
806 3279 973 3352 Cremona
999 3287 1033 3352 et
1056 3288 1226 3352 venerunt
1247 3279 1468 3351 Placentiam.
1499 3280 1542 3350 Et
1563 3287 1692 3352 stentoe
1716 3279 1764 3350 ibi
1787 3301 1848 3373 per
1870 3279 2002 3373 aliquot

584 3399 660 3472 dies
671 3410 810 3496 propter
819 3410 952 3496 partem
962 3424 1034 3496 que
1048 3410 1122 3475 orta
1134 3409 1207 3474 eret
1223 3402 1259 3472 in
1273 3401 1439 3475 Cremona
1449 3402 1731 3497 inpartedomini
1741 3401 1850 3474 Bossii
1865 3415 2002 3498 propter

583 3522 704 3595 odium
729 3524 952 3615 marchionis,
971 3525 1070 3596 multi
1089 3525 1182 3596 enim
1203 3523 1368 3596 dolebant
1385 3523 1430 3597 de
1450 3525 1650 3597 marchione
1667 3527 1728 3620 qui
1751 3535 1939 3598 recesserat
1956 3525 2001 3598 de

583 3643 768 3738 Cremona,
791 3647 851 3740 qui
869 3647 915 3720 ob
930 3644 999 3718 hoc
1018 3645 1198 3719 dominum
1212 3647 1370 3719 Boseium
1385 3647 1467 3719 odio
1483 3646 1678 3731 habebant;
1696 3649 1797 3721 etsie
1819 3649 2002 3722 volucrunt

582 3767 619 3838 in
635 3768 819 3842 concordie
834 3769 930 3862 quod
952 3767 1036 3842 dicti
1051 3771 1153 3864 legati
1174 3769 1328 3843 redirent
1343 3771 1378 3841 in
1400 3771 1620 3862 Cremonam,
1639 3771 1810 3844 mittentes
1823 3771 1998 3845 ambare-

582 3899 673 3964 tores
692 3891 739 3964 ad
765 3911 824 3964 eos
848 3901 886 3963 ut
910 3903 1131 3988 properarent
1155 3893 1370 3966 Cremonam.
1392 3893 1435 3965 llt
1451 3893 1589 3967 iverunt
1612 3894 1837 3968 incontinenti
1860 3897 2000 3968 atillam

582 4013 740 4088 eamdem
758 4015 851 4088 viam
871 4015 906 4086 in
928 4017 1090 4088 omuibus
1109 4039 1214 4110 quem
1233 4025 1417 4089 tenuerent
1430 4017 1466 4088 iu
1481 4017 1654 4090 Placentia
1665 4027 1853 4091 tennerunt
1867 4019 1903 4090 in
1918 4018 1997 4091 Cre-

581 4159 685 4210 mona
705 4147 774 4210 tam
788 4139 824 4209 in
845 4140 1018 4212 consortio
1032 4163 1137 4234 quam
1156 4141 1192 4212 in
1207 4139 1412 4212 officialibus
1428 4151 1463 4214 et
1477 4141 1639 4213 omnibus
1654 4142 1732 4214 aliis
1746 4165 1755 4208 ε
1770 4141 1868 4236 quod
1880 4141 1998 4215 domi-

582 4283 648 4334 nns
663 4261 803 4334 Bossius
821 4283 891 4334 nou
904 4261 1066 4335 credebat
1081 4262 1145 4335 sibi
1161 4283 1263 4358 posse
1277 4263 1381 4336 modo
1397 4264 1514 4358 aliquo
1525 4265 1677 4337 evenire.
1698 4264 1830 4337 Eodem
1845 4275 2000 4361 ternpore

582 4383 769 4458 existentes
788 4386 890 4480 legati
905 4387 940 4458 in
956 4386 1144 4477 Placentia,
1161 4385 1207 4458 ed
1223 4386 1477 4480 instigationem
1493 4387 1688 4483 aliquorum
1708 4388 1752 4460 de
1769 4387 1941 4460 Placentia
1963 4397 1999 4460 et

581 4507 718 4579 illorum
735 4509 780 4582 de
791 4511 962 4583 consortio
980 4510 1040 4603 qni
1062 4510 1222 4582 consules
1234 4520 1332 4582 erant
1348 4511 1529 4602 consortii,
1547 4511 1704 4583 lecerunt
1717 4531 1841 4583 canere
1857 4512 1997 4583 misaam

581 4651 686 4724 super
703 4631 865 4725 reliquias
883 4634 1005 4706 Sancta
1023 4634 1155 4705 lustina
1169 4633 1308 4725 majoris
1326 4633 1486 4720 ccclesie;
1504 4633 1723 4728 presentibus
1739 4633 1900 4706 iratribus
1913 4654 1995 4728 pre-

583 4753 796 4830 dicatoribus
818 4765 853 4828 et
878 4757 1068 4850 minoribus
1095 4765 1128 4829 et
1152 4757 1372 4830 heremitanis
1397 4767 1432 4832 ot
1457 4757 1534 4830 aliis
1558 4757 1676 4830 multis
1696 4755 1828 4829 clericis
1850 4757 1998 4830 civitatis
