4534 6074
675 631 917 694 GllllONlCON
941 625 1244 690 rnacavrlrttttt.
1610 621 1668 684 loa

253 773 392 870 pnlares
411 767 584 842 Placentia
599 775 636 840 et
657 765 824 839 Cremona
840 767 991 860 burgum
1008 761 1195 856 Rivalgarii
1211 765 1521 855 expugnaverunt3
1542 755 1668 827 milites

254 917 337 970 vero
361 895 529 968 Cremone
551 900 586 964 et
611 891 728 986 populi
755 891 927 964 Placentia
958 890 1118 963 volentes
1138 905 1341 958 succursum
1358 882 1487 977 populo
1516 879 1666 972 burgum

252 1017 442 1113 Rivalgarii
485 1014 705 1110 expugnanti
741 1014 907 1108 prebere,
936 1011 1062 1084 milites
1091 1008 1233 1103 quidem
1266 1003 1438 1078 Placentie
1473 1001 1668 1074 subsidium

253 1143 406 1236 burgum
420 1138 689 1214 delendentibns
706 1145 876 1232 prestare,
900 1135 1044 1207 dimisso
1059 1133 1167 1228 prelio
1181 1128 1280 1224 qnod
1296 1137 1369 1202 erat
1382 1124 1478 1222 apud
1496 1133 1667 1212 montem,

254 1261 495 1338 concurrendo
524 1261 561 1334 in
593 1261 709 1354 glarea
738 1259 862 1332 Trevie
888 1260 1028 1331 luerunt
1054 1255 1165 1352 parati
1195 1275 1275 1326 cum
1306 1251 1473 1322 militibus
1505 1248 1670 1322 Cremona

255 1391 404 1488 prelium
425 1387 660 1462 commiscere.
682 1389 720 1458 ln
744 1387 819 1480 ipsa
844 1394 959 1458 antem
984 1382 1209 1478 expeditione
1236 1380 1334 1451 multi
1360 1378 1405 1451 de
1431 1377 1579 1450 inimicis
1604 1399 1671 1472 po-

255 1513 437 1609 pularibus
464 1509 636 1584 Placentia
651 1519 687 1581 et
704 1507 869 1581 Cremona
886 1517 966 1578 sunt
989 1503 1183 1599 interempti
1200 1513 1234 1576 et
1261 1501 1529 1574 innumerabiles
1547 1501 1673 1572 vnlne-

255 1632 321 1704 rati
346 1630 447 1704 etad
470 1629 645 1700 civitatem
676 1627 848 1700 Placentia
882 1636 917 1697 et
944 1627 1108 1698 Cremone
1134 1623 1268 1718 portati.
1298 1622 1453 1714 Burgum
1491 1641 1573 1692 vero
1605 1621 1673 1691 ili-

255 1753 403 1846 velgarii
438 1761 595 1849 potenter
623 1759 658 1822 et
687 1750 832 1822 viriliter
863 1749 1038 1820 intrinseci
1065 1746 1296 1820 detonderunt
1323 1755 1358 1817 et
1390 1753 1668 1816 manutenerent.

256 1877 405 1949 Duravit
431 1885 548 1948 autem
579 1874 710 1946 bellom
747 1895 860 1967 nsque
888 1871 934 1945 ad
959 1893 1120 1944 occasum
1157 1870 1259 1960 solis3
1299 1869 1344 1942 de
1373 1868 1567 1940 intrinsecis
1595 1869 1674 1940 vir·-

254 2011 331 2073 tnte
353 1999 490 2072 Domini
515 1999 632 2070 nullus
662 2005 783 2092 captos
812 1995 895 2084 fuit,
922 1994 984 2068 sed
1008 2005 1076 2066 tres
1100 1993 1157 2066 vel
1179 2002 1329 2087 quatuor
1351 1991 1522 2064 vulnerati
1541 2000 1576 2064 et
1602 1991 1673 2064 duo

255 2135 394 2197 tantum
413 2123 538 2194 mortui
557 2122 624 2219 (l).
645 2121 707 2193 His
731 2121 780 2192 ita
802 2119 907 2214 gestis
937 2118 1038 2190 turba
1058 2139 1184 2211 magna
1208 2117 1329 2188 militie
1358 2115 1477 2210 populi
1502 2115 1675 2188 Placentia

254 2257 294 2318 et
315 2246 483 2318 Cremona
498 2245 588 2317 ultra
613 2243 771 2316 Treviom
793 2243 1054 2336 equitaverunt,
1074 2241 1191 2312 villam
1219 2261 1359 2334 qnoque
1381 2239 1509 2310 Deslati
1527 2249 1562 2310 et
1576 2241 1676 2312 Sere-

254 2370 376 2442 volani
406 2379 442 2441 et
474 2367 635 2461 Pigezani
664 2366 927 2456 conbuserunt,
958 2373 1107 2436 castrum
1137 2363 1240 2436 etiam
1271 2371 1577 2456 expugnaverunt.
1607 2362 1676 2434 Sed

226 2577 230 2585 Ι
254 2491 405 2582 qnidam
423 2488 549 2560 milites
567 2499 602 2560 et
623 2489 756 2582 pedites
783 2489 848 2558 viri
877 2495 1033 2582 potentes
1049 2483 1137 2584 [qui]
1154 2485 1191 2556 in
1210 2486 1286 2581 ipso
1305 2486 1516 2560 intraverant
1539 2497 1673 2578 castre,

254 2611 406 2684 viriliter
419 2619 616 2708 pugnantes
634 2609 722 2682 illud
739 2609 982 2701 defenderunt,
1002 2609 1130 2681 inimici
1147 2617 1263 2682 antem
1283 2631 1363 2682 cum
1378 2611 1582 2684 detrimento
1595 2633 1676 2707 per-

254 2755 423 2806 sonarum
449 2733 593 2830 turpiter
620 2741 848 2806 recesserunt.
870 2731 947 2804 Alia
972 2733 1050 2806 vice
1074 2731 1317 2806 blemelianum
1341 2733 1534 2827 equitantes
1557 2734 1677 2808 domos

255 2857 486 2953 quamplures
512 2858 548 2928 in
576 2857 644 2928 illis
665 2856 822 2951 partibus
840 2857 1106 2946 combuserunt,
1129 2858 1246 2928 lenum
1269 2867 1306 2930 et
1326 2857 1412 2929 alias
1437 2879 1492 2930 res
1510 2879 1599 2952 quas
1615 2880 1677 2953 po·

255 2990 403 3053 luerunt
428 2981 474 3054 ad
494 2979 752 3076 expeditionem
775 2979 970 3053 conducere
993 2981 1160 3053 lecerunt.
1189 2981 1253 3052 Die
1280 2981 1362 3052 lune
1381 2979 1495 3076 pridie
1513 2981 1678 3054 kalendas

256 3104 402 3196 augusti
421 3101 475 3197 (2)
489 3103 537 3176 ad
559 3104 675 3175 villam
692 3101 805 3196 Raglii
823 3103 1034 3198 equitantes,
1062 3103 1183 3178 domos
1199 3105 1423 3200 quamplures
1443 3106 1523 3198 igne
1542 3127 1679 3178 crema-

258 3235 401 3298 verunt.
419 3225 458 3296 lu
474 3227 666 3298 recessione
679 3247 762 3298 vero
778 3229 932 3299 volentes
950 3230 1069 3298 lenum
1087 3238 1121 3300 et
1135 3229 1273 3300 blavam
1291 3239 1326 3300 et
1342 3229 1428 3300 alias
1442 3250 1497 3301 res
1513 3227 1559 3302 ad
1574 3251 1677 3302 exer·

259 3349 369 3421 citum
389 3347 606 3439 conducere,
627 3348 747 3422 divina
765 3349 956 3440 adjuvante
978 3351 1086 3443 gratia
1106 3350 1177 3422 duo
1202 3351 1345 3436 milites,
1371 3373 1461 3422 unns
1486 3351 1530 3424 de
1549 3353 1679 3448 populo

258 3471 432 3545 Placentia
449 3484 485 3546 et
506 3473 592 3545 alter
610 3471 656 3545 de
670 3471 853 3564 Cremona,
876 3481 911 3546 et
931 3495 996 3546 sex
1017 3473 1151 3568 pedites
1172 3474 1220 3546 ibi
1246 3476 1338 3570 capti
1364 3477 1504 3548 luerunt
1525 3487 1560 3548 et
1586 3478 1678 3550 circe

259 3606 411 3692 quatuor
435 3597 492 3670 vel
518 3595 674 3690 quinque
696 3596 821 3668 mortni
846 3605 881 3670 et
907 3597 1131 3692 quamplures
1158 3573 1352 3670 volnerati.¹
1372 3598 1434 3670 Die
1453 3599 1548 3692 jovis
1572 3601 1679 3674 tercio

260 3721 393 3794 mensis
422 3721 562 3814 augusti
594 3719 695 3792 turba
723 3741 850 3814 magna
878 3721 1051 3794 Placentia
1083 3722 1199 3816 populi
1228 3732 1263 3793 et
1289 3721 1456 3796 Cremoue
1487 3722 1532 3796 de
1560 3724 1680 3796 castris

260 3853 434 3918 exeuntes
451 3865 531 3916 cunr
549 3843 687 3916 vexillis
705 3853 740 3916 et
758 3843 872 3932 tubis,
895 3866 975 3918 cum
995 3845 1186 3916 balestariis
1208 3853 1243 3916 et
1258 3845 1462 3936 sagittariis,
1480 3868 1561 3919 cnm
1577 3849 1681 3920 scalis

261 3977 297 4042 et
321 3967 400 4040 aliis
418 3965 588 4039 machinis
609 3965 656 4038 ad
679 3977 829 4038 oestrum
853 3967 1011 4062 Pigazani
1037 3965 1313 4062 expugnandum
1336 3979 1562 4063 perexerunt3
1583 3969 1680 4064 qnod

261 4099 412 4162 castrum
432 4088 591 4184 undique
613 4111 694 4161 cnm
716 4089 911 4162 baleatariis
932 4099 965 4160 et
990 4089 1174 4182 sagittariis
1199 4100 1233 4162 et
1254 4090 1430 4185 peditibus
1452 4114 1680 4187 expugnave-

262 4220 363 4302 runt,
384 4221 419 4284 et
442 4233 544 4285 muro
562 4213 673 4308 ipsius
694 4213 796 4286 castri
817 4213 1133 4307 appropinquantes
1146 4216 1258 4287 conati
1276 4224 1359 4288 suot
1378 4215 1517 4290 diruere
1541 4217 1586 4290 de
1609 4239 1682 4313 quo

300 4457 339 4529 (t)
356 4456 399 4514 lu
413 4457 505 4514 milieu
518 4457 553 4515 de
564 4473 611 4514 ces
622 4457 755 4530 querellas
765 4457 913 4528 intestines,
924 4457 965 4516 les
978 4460 1135 4518 sentiments
1146 4461 1250 4535 guallos
1261 4463 1297 4520 du
1308 4464 1488 4540 chroniqneur
1498 4481 1529 4526 se
1541 4465 1599 4526 lonl
1607 4468 1682 4542 jour.

263 4553 285 4610 ll
299 4555 385 4628 prend
401 4555 471 4629 parti
491 4571 560 4628 pour
580 4555 607 4611 la
626 4555 727 4612 lection
739 4555 940 4630 aristocratiqoe
952 4555 986 4613 de
999 4557 1150 4630 Plaisance,
1167 4560 1214 4632 qni
1234 4559 1298 4618 eteit
1316 4561 1425 4636 Goelle,
1439 4567 1531 4622 corbe
1544 4563 1572 4623 la
1583 4563 1682 4624 lacoon

265 4649 418 4724 populaire,
435 4651 537 4724 diriges
549 4667 597 4724 par
607 4651 633 4709 le
643 4651 751 4709 Gibelin
763 4651 913 4710 Guillanrne
923 4654 958 4711 de
969 4653 1076 4712 murro.

303 4747 339 4819 (Ξ)
359 4748 397 4804 Le
408 4747 483 4805 lundi
497 4752 527 4806 tl
543 4747 638 4821 juillet.
