4676 6066
728 643 972 706 cfloourcort
995 644 1300 706 rtacssurlrtom
1704 645 1723 704 'l

354 779 400 852 M.
413 779 452 852 C.
463 779 580 872 LXVI,
600 778 659 853 die
668 781 763 874 jovis
779 789 898 854 sancte
913 781 999 878 (o'c),
1011 783 1192 876 Ugezouns
1207 778 1426 853 Placentinus
1440 763 1623 874 episcopus
1638 777 1724 853 obiit

304 903 424 978 Rome.
443 903 575 977 Eodem
594 924 686 978 anno
703 926 823 978 mense
839 905 954 978 martii
969 905 1170 979 Alexander
1184 925 1276 1002 papa
1291 904 1435 976 Romam
1451 902 1606 974 intravit.

450 1039 458 1138 Ι
476 1041 537 1114 Bis
551 1034 805 1137 quinquaginta
816 1065 896 1116 cum
913 1053 1045 1139 septem
1061 1045 1186 1140 bisque
1201 1043 1368 1138 treginta,
1746 1047 1914 1098 Mm-

478 1167 565 1240 Cum
581 1169 673 1240 mals
685 1175 892 1262 prostratum
910 1169 976 1240 luit
993 1169 1041 1242 Μ.
1056 1167 1244 1262 gaudendo
1254 1169 1422 1241 levatum.

353 1301 587 1394 M.C.LXV11,
600 1301 658 1375 die
670 1301 764 1394 Jovis
775 1301 820 1374 lll
831 1303 998 1376 kalendas
1009 1302 1356 1400 madii(l),civitates
1363 1299 1570 1375 lombardie
1581 1301 1720 1376 insimul

305 1427 525 1502 concordiam
548 1427 724 1517 iecerunt,
748 1433 783 1498 et
806 1426 1079 1500 Mediolanenses
1103 1427 1218 1500 statim
1240 1427 1333 1499 intus
1355 1425 1530 1499 civitatem
1546 1425 1725 1500 redierunt

304 1561 340 1626 et
352 1552 546 1626 Terdonam
559 1560 595 1624 et
603 1549 853 1624 Alexandriam
866 1551 1071 1624 levaverunt
1083 1561 1118 1626 et
1128 1549 1457 1626 rehedificaverunt.
1474 1549 1720 1645 Inquadrage-

304 1677 393 1748 sima
404 1697 488 1749 vero
501 1675 663 1770 proxima
670 1673 860 1747 Placentini
868 1675 1014 1750 secundi
1021 1674 1071 1772 (a)
1084 1675 1165 1748 facti
1177 1675 1329 1749 luerunt.
1343 1675 1476 1748 Eodem
1487 1695 1593 1760 anno,
1605 1696 1724 1748 meuse

302 1799 422 1894 jonio,
442 1798 637 1872 camellarii
655 1797 872 1894 imperatorie
892 1797 1026 1894 preliati
1042 1808 1123 1872 sunt
1143 1821 1223 1872 cum
1249 1799 1411 1873 Romanis
1430 1797 1570 1872 duabus
1587 1800 1725 1874 vicibus

305 1921 400 2016 apud
417 1921 666 2013 Tusculanam,
682 1931 717 1992 at
732 1919 781 1994 ibi
797 1923 878 2017 plus
890 1922 957 1994 tria
975 1923 1070 1995 milia
1085 1923 1317 1996 Romanorum
1330 1923 1526 2017 interempti
1542 1933 1637 1996 sunt.
1649 1925 1725 1994 lm-

304 2055 443 2142 perator
459 2067 544 2118 veru
558 2045 745 2120 Fodericus
760 2046 821 2140 qui
836 2044 1142 2142 apudAnohonam
1158 2049 1290 2139 aderat,
1303 2047 1369 2120 hcc
1385 2045 1533 2120 audiens
1546 2047 1595 2118 ita
1610 2055 1719 2142 gesta,

305 2190 387 2242 cum
406 2191 472 2244 auo
489 2169 645 2242 exercitu
662 2169 805 2244 Romam
822 2170 988 2265 porrexit.
1005 2171 1144 2265 Suaque
1162 2179 1273 2244 castra
1288 2191 1334 2243 ex
1347 2179 1445 2265 parte
1465 2171 1611 2244 ecclesie
1628 2169 1723 2244 Beati

304 2295 395 2368 Petri
420 2293 563 2367 tendere
584 2291 691 2386 iussit
712 2293 940 2388 eamdemque
961 2293 1138 2367 ecclesiam
1165 2293 1386 2367 comburrere
1421 2293 1513 2366 lecit.
1546 2295 1646 2369 Unde
1678 2316 1726 2368 ex

304 2439 346 2492 ea
355 2416 430 2514 (ric)
442 2417 593 2514 pessimo
604 2425 640 2492 et
652 2417 785 2492 crudeli
800 2419 888 2491 seclo
904 2439 1019 2492 rerum
1032 2418 1187 2490 omnium
1201 2415 1350 2508 Creator,
1360 2415 1457 2512 apud
1471 2439 1577 2511 quem
1591 2417 1724 2491 nullum

304 2551 459 2616 remanet
484 2543 615 2616 malum
643 2541 875 2638 impunitum,
901 2541 1062 2638 precibus
1089 2539 1181 2614 beati
1210 2539 1301 2613 Petri
1333 2541 1549 2636 aliorumque
1579 2565 1723 2616 suorum

305 2676 504 2741 sanctorum
518 2662 821 2741 intervenientium
839 2673 1043 2761 commotus,
1058 2665 1128 2737 lere
1145 2685 1266 2737 omncs
1277 2663 1527 2739 'lheothonioos
1542 2673 1613 2738 tam
1629 2665 1725 2762 prin-

305 2789 400 2884 cipes
423 2809 529 2884 quam
552 2787 639 2861 alios
662 2797 698 2862 et
714 2787 917 2862 nominatim
938 2789 1162 2862 Colonensem
1184 2787 1482 2886 archiepiscopum
1505 2789 1725 2864 etCarletum

304 2909 415 2984 lilium
436 2913 528 3007 regis
543 2911 692 2986 conradi
710 2935 774 2986 sua
794 2911 924 2988 virtute
938 2921 973 2986 ot
988 2921 1156 3010 potestate
1172 2913 1326 2987 Romana
1339 2913 1426 2986 lebri
1445 2913 1603 3008 langoira
1625 2913 1719 2987 lecit.

304 3033 410 3110 Pauci
431 3057 515 3110 vero
531 3037 594 3131 qui
619 3037 889 3131 supervixerunt
904 3058 967 3132 per
993 3045 1156 3110 montana
1172 3035 1345 3110 Placentie
1369 3036 1525 3132 privatim
1546 3039 1627 3132 vix,
1648 3047 1723 3110 tum

304 3169 443 3256 propter
469 3159 744 3260 prenominatam
761 3171 913 3260 pestem,
934 3169 1009 3233 tum
1038 3169 1178 3256 propter
1204 3160 1474 3234 lombardorum
1501 3162 1659 3235 timorem
1686 3163 1722 3235 iu

303 3282 519 3358 Alamauiam
540 3294 780 3380 perrexerunt.

353 3408 401 3482 M.
418 3407 456 3480 C.
473 3408 582 3500 LXX,
599 3430 719 3481 mense
731 3409 839 3502 junii,
858 3408 1046 3480 Placentini
1066 3417 1231 3504 ceperunt
1253 3429 1390 3482 mecam
1403 3409 1502 3482 Petro
1517 3411 1669 3504 Sylarie,
1685 3419 1721 3484 et

304 3515 437 3602 ibidem
453 3532 564 3624 major
579 3553 625 3606 ex
645 3529 726 3604 filiis
739 3529 856 3604 Obarti
874 3529 919 3604 de
932 3529 1088 3605 Perduca
1104 3543 1261 3604 mortuus
1279 3531 1360 3605 luit.

353 3653 402 3727 Μ.
418 3653 593 3748 C.LXX1,
611 3677 730 3728 mense
749 3655 922 3748 januarii,
944 3654 1156 3728 Christianus
1177 3655 1399 3728 cancellarius
1411 3655 1570 3730 transivit
1583 3677 1646 3752 por
1662 3657 1719 3732 Ja-

305 3795 412 3848 unam
435 3785 471 3849 et
486 3777 551 3850 ivit
568 3781 725 3852 Romam.

353 3897 402 3972 Μ.
413 3898 451 3972 C.
461 3901 596 3994 LXXll,
613 3903 671 3976 die
688 3903 771 3975 lune
781 3901 858 3974 Xlll
871 3899 1037 3976 kalendas
1047 3902 1126 3996 julii
1138 3901 1203 3998 (2),
1214 3909 1354 3974 centum
1368 3903 1493 3976 milites
1504 3903 1679 3976 Placentia
1687 3912 1723 3977 et

305 4021 598 4118 Mediolanenses,
616 4025 846 4100 Alexandrini
861 4035 966 4122 atque
977 4023 1138 4099 detenses
1154 4033 1188 4098 et
1197 4025 1428 4101 vercellenses
1443 4035 1478 4099 et
1492 4027 1722 4102 Novarienses

304 4146 453 4241 prelium
481 4169 562 4221 cum
586 4148 787 4223 marchione
819 4149 865 4222 de
887 4149 1110 4224 Monteferato
1134 4152 1288 4222 lecerunt
1310 4151 1411 4242 juxta
1438 4151 1719 4225 Montembellum

305 4279 456 4344 castrum
470 4293 593 4364 suom,
614 4273 782 4370 iRumque
797 4295 878 4346 cum
898 4271 1032 4346 suisde
1044 4293 1167 4369 campo
1187 4273 1330 4368 turpiter
1351 4273 1387 4344 in
1409 4273 1528 4368 lugam
1544 4283 1722 4348 verterunt

347 4429 390 4510 (a)
411 4429 528 4494 Scilicet
539 4439 659 4496 moneta
670 4435 858 4510 Placentina,
872 4451 952 4497 anuo
965 4443 1041 4496 1162
1055 4441 1182 4496 merem.

342 4667 380 4743 (tl
398 4669 436 4728 le
443 4669 518 4744 leudi
529 4671 565 4730 29
574 4671 652 4730 avril.
750 4622 753 4630 Ι

340 4765 381 4840 (2)
399 4766 569 4826 Lalandos
580 4769 648 4842 juin.
