4594 6066
782 621 982 684 tutatuta
1006 623 1162 685 ansuis.
1620 627 1678 688 175

259 761 394 832 Lancea
408 767 444 831 et
459 758 676 832 senescalcus
690 758 851 856 Delphini
868 781 948 832 cnm
964 758 1014 832 CC
1028 759 1196 832 militibus
1207 759 1269 854 qui
1285 759 1322 832 in
1334 759 1504 834 Cremona
1515 763 1677 858 preterita

261 881 321 956 die
341 889 559 962 accesserant
577 902 684 955 eausa
702 882 810 955 eundi
835 881 880 956 ad
896 883 1088 956 exercitum
1105 883 1342 978 imperatoris,
1360 905 1423 979 per
1443 882 1605 975 Argincm
1631 887 1677 960 de

258 1007 395 1079 Buxeto
410 1005 589 1080 venientes
612 1006 755 1080 fuerunt
778 1007 919 1080 obviam
941 1007 1020 1078 illis.
1036 1007 1224 1080 Placentini
1240 1029 1325 1081 vero
1349 1008 1458 1104 captis
1481 1010 1584 1081 armis
1611 1011 1677 1082 ini·

259 1129 359 1203 micis
382 1151 420 1202 so
432 1129 574 1203 obviam
586 1130 814 1226 prebuerunt.
833 1131 876 1204 llt
889 1131 972 1226 quia
987 1130 1133 1226 predicti
1147 1132 1274 1204 milites
1289 1131 1444 1204 forenses
1458 1133 1494 1204 in
1515 1132 1677 1206 districtIs

258 1253 416 1349 partibus
431 1262 466 1326 et
478 1253 678 1327 nemoribus
692 1253 920 1346 intraverant,
933 1255 1077 1348 quidam
1092 1275 1139 1327 ex
1149 1255 1355 1328 Placentinis
1371 1255 1511 1328 nomine
1527 1257 1677 1330 Ubertns

259 1375 395 1450 Surdus
409 1377 517 1449 etalii
535 1377 582 1450 ad
604 1377 791 1472 signiferos
807 1376 858 1476 (c)
867 1379 1102 1452 clamaverunt
1118 1387 1158 1451 ut
1174 1378 1335 1452 oederent
1350 1379 1401 1451 eis
1416 1401 1590 1476 campum.
1607 1381 1675 1467 Qui

259 1499 416 1593 signiferi
430 1499 546 1572 statim
559 1508 651 1572 retro
667 1501 865 1574 secedentes
879 1501 995 1598 plures
1007 1522 1054 1574 ex
1070 1501 1155 1597 ipsis
1167 1502 1343 1597 signiferis
1362 1504 1482 1595 fugam
1494 1515 1671 1598 ceperunt.

259 1621 370 1696 Ceteri
383 1645 466 1697 vcro
481 1631 583 1719 capta
597 1625 682 1718 luga
694 1625 794 1697 multi
809 1647 857 1698 ex
868 1625 1073 1698 Placentinis
1085 1647 1147 1721 per
1160 1647 1302 1698 nemora
1316 1625 1547 1701 discurrentes
1562 1651 1676 1704 errare

258 1755 438 1842 ceperunt.
468 1746 604 1820 Ceteros
617 1769 702 1821 vero
727 1749 857 1822 electus
880 1757 916 1822 et
931 1749 1085 1822 marchio
1100 1747 1234 1822 Lancea
1258 1771 1338 1821 cum
1364 1771 1483 1822 eornm
1510 1753 1675 1828 militibus

258 1868 500 1962 insequentes,
516 1878 682 1966 ceperunt
695 1889 742 1942 ex
758 1869 843 1965 ipsis
859 1869 1025 1942 militibus
1040 1869 1196 1942 Lxxxx
1210 1871 1335 1944 milites
1351 1881 1385 1945 et
1398 1872 1473 1946 CCC
1486 1875 1621 1968 pedites
1640 1885 1675 1950 et

257 1989 432 2065 ballistros
445 2013 537 2088 qnos
555 1992 734 2066 duxerunt
745 1993 960 2068 Cremonam.
974 1993 1017 2066 llt
1032 1993 1221 2068 Placentini
1237 2004 1404 2092 ceperunt
1419 2019 1465 2070 ex
1482 1997 1567 2094 ipsis
1581 1999 1672 2071 mili-

256 2114 353 2188 tibus
370 2117 528 2210 qninque
544 2116 683 2190 milites.

306 2239 345 2309 ln
364 2237 524 2334 proximo
538 2261 656 2312 mense
673 2239 880 2335 septembris
896 2239 1081 2335 imperator
1097 2241 1178 2313 fecit
1192 2238 1268 2313 ficri
1283 2241 1380 2336 plura
1395 2245 1535 2318 castella
1553 2245 1673 2339 ligna-

256 2363 392 2434 minum
408 2383 598 2459 superque
616 2383 745 2458 ponere
768 2363 850 2437 fecit
867 2362 1064 2436 Conradum
1082 2363 1127 2438 de
1145 2364 1324 2439 Conxissio
1340 2375 1374 2438 et
1392 2368 1479 2440 alios
1496 2381 1673 2464 magnates

254 2485 375 2558 Brixis
401 2493 536 2582 captos,
559 2485 743 2558 vinculatis
767 2486 927 2558 manibus
952 2497 1029 2582 post
1057 2495 1170 2580 terga,
1191 2496 1230 2558 nt
1256 2487 1457 2560 viderentur
1481 2491 1526 2563 ab
1554 2493 1674 2566 amicis

253 2629 377 2682 eorum
395 2618 431 2682 et
447 2615 710 2705 percuterentur
733 2628 755 2682 a
779 2607 955 2704 lapidibus
985 2609 1261 2682 intrinsecarum.
1282 2609 1566 2685 Calamandrinus
1590 2637 1674 2688 vero

253 2732 380 2806 erectis
407 2733 481 2806 suis
507 2730 668 2806 edifficiis
692 2739 811 2805 contra
837 2733 977 2806 castella
999 2733 1214 2828 imperatoris
1241 2730 1374 2827 lapides
1393 2735 1563 2828 jactabat,
1584 2747 1618 2809 ct
1637 2739 1673 2811 in

254 2865 389 2930 tantum
413 2866 487 2930 erat
504 2856 579 2952 ipsc
596 2853 746 2953 optimus
764 2853 975 2949 inzignerius
1000 2864 1040 2926 ut
1063 2877 1173 2927 unum
1196 2877 1301 2951 quem
1331 2855 1469 2929 volebat
1493 2879 1538 2930 ex
1564 2861 1674 2935 tribus

253 2980 455 3054 bominibus
476 2979 602 3053 vinctis
627 2979 859 3076 percuciebat.
879 2978 1041 3052 Similiter
1057 2979 1255 3053 Brixienses
1279 2980 1324 3054 dc
1352 2981 1536 3054 carceratis
1562 2983 1672 3078 impe·

253 3105 377 3178 ratoris
406 3125 496 3200 qnos
524 3103 700 3178 habebant
725 3105 772 3178 ad
794 3103 953 3200 spaldum
981 3103 1018 3176 in
1046 3125 1183 3177 crucem
1209 3104 1271 3176 ubi
1295 3103 1430 3200 lapides
1456 3107 1675 3198 jactabantur

253 3237 475 3322 possnerunt.
497 3227 631 3300 lnterea
655 3226 842 3322 imperator
869 3249 949 3300 cum
976 3225 1125 3301 fidancia
1153 3235 1189 3301 et
1210 3227 1387 3303 voluntate
1409 3229 1672 3323 intrinsecarum

253 3351 388 3440 Brixia,
407 3351 537 3424 direxit
553 3349 766 3424 Bernardum
783 3349 932 3424 Rolandi
950 3349 1062 3424 liubai
1081 3351 1127 3424 de
1148 3351 1269 3424 Parma
1287 3361 1495 3448 compatrem
1514 3377 1615 3427 suum
1636 3355 1672 3428 in

252 3473 395 3548 civitate
411 3473 530 3548 Brixie
554 3482 593 3546 ut
614 3493 677 3569 pro
701 3495 743 3547 eo
766 3494 847 3546 cnm
863 3473 1103 3546 brixiensibus
1117 3473 1343 3548 concordium
1359 3488 1593 3574 componeret.
1611 3481 1672 3553 lllo

253 3607 371 3672 autom
387 3599 542 3696 proditor
558 3598 709 3672 facinore
721 3599 846 3694 plenus
864 3597 989 3672 ductus
1011 3599 1047 3670 in
1066 3597 1267 3671 Cremonam
1286 3595 1335 3694 (b)
1356 3599 1462 3672 nicbil
1477 3621 1540 3696 pro
1555 3602 1673 3698 impe·

253 3733 368 3796 ratore
383 3724 474 3818 egit,
497 3721 659 3816 dixitque
675 3722 913 3796 Brixiensibus
930 3721 1167 3818 imperatorem
1181 3742 1251 3794 non
1265 3741 1367 3818 posse
1384 3723 1433 3794 ibi
1448 3724 1671 3798 residentiam

252 3846 404 3940 babere,
423 3847 561 3942 ipsique
581 3844 757 3919 credentis
770 3845 880 3920 suasit
894 3865 940 3918 ne
955 3867 993 3918 se
1008 3844 1194 3937 traderent,
1216 3844 1249 3917 ei
1268 3843 1389 3918 dicens
1406 3872 1416 3918 ε
1436 3869 1454 3916 c
1474 3847 1568 3920 Talia
1586 3849 1672 3922 dicit

252 3969 314 4066 qui
331 3971 436 4045 vobis
454 3993 524 4046 non
539 3969 700 4044 consulit.
720 3993 739 4040 o
757 3969 877 4066 ltaque
891 3967 1040 4065 optinuit
1046 3995 1057 4060 ;
1072 3991 1152 4041 nam
1168 3990 1295 4063 magna
1310 3991 1391 4065 pars
1412 3967 1419 4068 Ι
1440 3969 1671 4045 Brixiensium
1705 4011 1869 4058 mma,

254 4094 479 4168 concordium
505 4093 658 4167 volebat.
682 4094 759 4188 lpse
779 4101 894 4166 autem
912 4093 1110 4166 bernardus
1125 4094 1171 4167 ad
1189 4094 1429 4190 imperatorem
1450 4093 1555 4168 rediit
1574 4098 1671 4170 affir-

253 4215 382 4290 mando
400 4215 433 4289 ei
452 4215 560 4290 nichil
573 4213 657 4289 inde
671 4215 785 4288 facere
799 4235 913 4311 posse.
930 4211 974 4288 Et
990 4223 1141 4288 exeunte
1158 4215 1317 4310 proximo
1334 4235 1452 4288 mense
1470 4220 1671 4312 septembris

253 4347 348 4414 tanta
373 4345 560 4436 tempestas
584 4346 658 4412 orta
683 4347 736 4412 cst
759 4345 794 4412 et
819 4335 914 4411 uenti
941 4338 1216 4434 superflaverunt
1236 4335 1334 4434 qnod
1358 4360 1521 4434 magnam
1539 4351 1671 4439 partem

293 4615 337 4698 (a)
357 4619 395 4681 In
405 4617 506 4681 codloe
518 4617 682 4701 sipa'p‘erea

293 4722 334 4805 (t)
355 4725 466 4788 blenda
479 4726 609 4790 uidens
624 4727 763 4789 Forsitan
776 4723 936 4804 legendum
947 4723 982 4784 ia
993 4719 1178 4803 adaulfum,
1191 4726 1268 4787 slcut
1280 4723 1369 4788 infra
