4594 6066
617 611 679 676 2⁴0
1097 609 1339 672 clinolllcolt
1362 611 1414 672 DE
1439 608 1569 671 llllllUS

617 748 730 822 locum
748 742 899 819 habebut
913 743 950 816 in
963 743 1136 818 Placentia
1147 766 1255 840 quam
1271 747 1345 844 ipse
1357 754 1391 820 et
1408 745 1525 834 irater,
1541 743 1683 818 intravit
1695 743 1959 818 Edertenarium
1973 745 2029 842 (a).

617 871 717 944 Unde
734 867 899 943 dominns
915 868 1068 942 marchio
1086 867 1304 944 Palavicinus
1329 869 1425 944 misit
1447 870 1473 943 C
1492 868 1618 942 milites
1640 877 1676 942 et
1692 866 1826 964 pedites
1846 889 1929 942 cum
1947 869 2032 942 mili·

616 993 710 1066 tibm
731 991 904 1066 Placentia
926 990 973 1064 ud
995 991 1072 1064 illas
1093 1001 1209 1087 partes
1233 993 1433 1089 quistatim
1455 992 1570 1066 locum
1596 991 1789 1066 centenurii
1815 1001 1981 1089 ceperunt
2002 1004 2034 1068 et

617 1116 872 1190 combuxerunt
887 1113 1108 1190 devastantes
1127 1124 1237 1190 totum
1254 1117 1347 1190 circa
1363 1115 1646 1190 Petrendueriem
1662 1113 1678 1211 (
1696 1113 1724 1211 ).

664 1240 713 1312 Μ.
730 1238 791 1312 CC.
812 1238 916 1331 Lllll,
934 1237 980 1312 de
1000 1261 1119 1313 mense
1144 1237 1270 1328 madii,
1297 1239 1425 1314 milicia
1446 1239 1553 1336 Pnpie
1574 1261 1639 1336 pro
1665 1239 1786 1332 nrujon'
1816 1248 1915 1335 perte
1940 1248 2034 1315 extra

616 1362 791 1436 civitatem
807 1361 914 1458 Pepie
928 1361 1039 1434 exivit
1050 1363 1206 1436 uolentes
1218 1383 1296 1436 esse
1309 1363 1454 1438 rebelles
1469 1361 1615 1436 civitati.
1629 1363 1708 1448 Quo
1718 1361 1839 1436 andito
1850 1363 1897 1436 ab
1912 1363 2034 1437 Uberto

615 1485 830 1576 Pelavicino,
852 1485 1077 1558 incontinenti
1095 1506 1175 1558 cnm
1189 1487 1262 1558 suis
1276 1486 1444 1560 militibus
1457 1497 1493 1558 et
1514 1483 1691 1582 peditibus
1709 1494 1743 1560 et
1762 1484 1940 1580 peditibus
1954 1487 2035 1561 Cre·

616 1617 765 1682 moneet
780 1607 955 1680 Placentie
968 1607 1051 1680 illuc
1073 1608 1235 1701 accessit;
1256 1608 1382 1682 milites
1398 1629 1484 1682 uero
1501 1608 1606 1704 Pupie
1619 1615 1705 1702 epnt
1716 1607 1852 1682 Cnseles
1865 1629 1905 1682 se
1919 1628 2034 1704 recep·

616 1738 789 1804 taverunt.
817 1728 950 1802 videns
976 1740 1092 1804 nutem
1116 1730 1269 1804 marchio
1296 1729 1396 1824 quod
1420 1752 1489 1804 non
1517 1731 1675 1826 placebat
1703 1730 1930 1826 Pupiensibus
1955 1731 2030 1807 des·

616 1862 730 1928 buere
746 1852 941 1940 civitatem,
962 1853 1008 1926 de
1026 1873 1147 1926 eorum
1161 1855 1342 1928 voluntate
1354 1853 1451 1950 apud
1466 1854 1674 1928 Placentiam
1692 1864 1745 1927 est
1758 1875 1930 1928 reverens.

664 1975 796 2050 Eodem
820 1985 974 2072 tempere
990 1975 1108 2050 Abbus
1126 1977 1172 2050 de
1189 1979 1355 2052 Mezenno
1378 1986 1414 2052 et
1437 1977 1586 2052 Uberlus
1598 1976 1798 2054 Advocatus
1818 1977 1866 2052 ad
1883 1981 2033 2053 levorem

616 2097 759 2171 istorum
772 2098 1008 2192 predictorum
1020 2098 1065 2172 de
1079 2100 1253 2175 Placentia
1261 2110 1411 2176 cestrum
1422 2101 1580 2175 blezenni
1594 2103 1823 2194 intrauerunt,
1837 2103 2034 2199 expeleutee

615 2220 794 2294 custodias
812 2221 858 2294 de
875 2220 951 2316 ipso
962 2231 1088 2295 castre.

664 2344 825 2417 Similiter
849 2343 1017 2418 Todiscns
1039 2345 1085 2420 de
1105 2346 1234 2420 Audito
1260 2347 1323 2443 qui
1345 2357 1418 2420 erat
1438 2348 1640 2444 capitaneus
1658 2349 1797 2442 Speculi
1813 2349 1860 2422 ad
1881 2352 2033 2423 levorem

614 2465 848 2564 predictorum
877 2468 1055 2541 rebelavit.
1085 2471 1332 2546 Verumtamen
1356 2471 1486 2544 missus
1513 2480 1567 2544 est
1595 2479 1715 2544 contre
1740 2493 1822 2544 enm
1850 2471 2034 2546 Ubertinus

616 2591 769 2664 marchio
796 2591 841 2664 de
865 2591 1049 2686 Perregino
1073 2592 1118 2688 (e)
1140 2616 1221 2666 cum
1248 2594 1439 2690 quantitate
1465 2594 1613 2666 militum
1638 2593 1701 2688 qui
1724 2593 1857 2668 dictum
1885 2604 2033 2667 cestrum

616 2733 696 2788 cum
713 2712 807 2789 dicto
821 2711 969 2788 Todieco
985 2715 1164 2810 capitaneo
1182 2727 1217 2790 et
1234 2717 1271 2788 in
1290 2719 1396 2792 lorcie
1414 2719 1610 2790 communis
1623 2717 1797 2790 Placentie
1809 2715 1919 2792 dedit.

662 2837 793 2912 Eodem
821 2858 913 2912 enno
935 2835 982 2910 de
1001 2859 1119 2910 meuse
1132 2837 1230 2930 julii,
1249 2837 1452 2912 Guillelmus
1468 2837 1514 2912 de
1533 2839 1632 2912 Petra
1650 2840 1739 2912 civis
1763 2840 1867 2934 Pepie
1885 2847 2034 2936 potestas

423 2961 787 3036 r01.e=eu.Placentie
815 2969 909 3034 mutu
940 2961 1096 3034 exercitu
1127 2982 1207 3033 cnm
1237 2960 1338 3034 CGCC
1369 2963 1538 3036 militibus
1558 2959 1566 3061 Ι
1587 2961 1721 3036 domini
1751 2961 1883 3035 licelini
1913 2983 2034 3037 versus

615 3085 853 3158 Vixerunnnm
868 3084 905 3156 in
919 3105 991 3179 qno
1009 3083 1198 3158 intraverat
1211 3082 1415 3158 Fredericus
1434 3084 1480 3156 de
1496 3084 1646 3176 Audito,
1664 3085 2031 3178 HomodensBlancus‚

617 3207 729 3282 Guido
745 3206 855 3301 Caput
872 3207 991 3296 Porci,
1010 3207 1101 3280 llazo
1119 3206 1164 3280 de
1179 3207 1295 3281 ltizolo
1312 3207 1419 3281 etalii
1437 3207 1553 3301 plures
1568 3208 1694 3278 milites
1709 3215 1744 3280 et
1757 3207 1891 3302 pedites
1908 3217 1943 3280 et
1960 3209 2034 3282 lor-

616 3330 727 3404 buniti
751 3329 890 3403 civitate
911 3329 1087 3403 Placentie
1111 3329 1316 3402 rebellantes
1343 3325 1475 3400 civitati
1500 3328 1693 3421 Placentia,
1714 3329 1928 3425 properavit.
1948 3331 2034 3404 Data

617 3453 825 3528 ossidicione
839 3453 889 3525 illi
905 3461 1018 3526 cestro
1035 3473 1098 3549 per
1113 3451 1242 3546 girum,
1262 3473 1343 3524 cum
1361 3472 1431 3524 non
1445 3461 1568 3547 posent
1580 3452 1709 3526 habere
1723 3462 1864 3548 potum,
1880 3454 1949 3549 ipsi
1967 3476 2035 3529 ma·

617 3587 739 3672 gustes
748 3575 800 3675 (d)
814 3577 932 3650 habite
948 3585 1075 3650 tratetn
1089 3575 1147 3648 die
1162 3573 1313 3669 quedem
1328 3575 1373 3648 de
1387 3583 1487 3649 nocte
1501 3575 1786 3667 absentaverunt,
1803 3577 2035 3673 relinquentes

618 3703 743 3798 inipso
759 3709 870 3774 cestro
881 3701 1070 3776 servientes
1082 3709 1118 3775 et
1132 3700 1281 3774 rusticos
1294 3700 1356 3795 qui
1370 3699 1416 3774 de
1430 3721 1549 3774 eurum
1563 3721 1701 3774 recessu
1719 3699 1827 3772 nichil
1843 3701 2032 3774 sciverunt.

619 3824 754 3912 Quibus
775 3821 989 3916 fugientibus
1010 3823 1104 3919 cepti
1129 3831 1211 3894 sunt
1236 3823 1328 3894 cirea
1345 3821 1503 3894 XXXllll
1532 3841 1621 3915 quos
1649 3823 1723 3918 ipse
1749 3829 1900 3917 potestus
1921 3823 2036 3898 stetim

619 3946 832 4044 suspendere
849 3947 949 4038 lecit,
969 3955 1005 4019 et
1020 3946 1136 4042 ipsum
1156 3955 1309 4020 cestrum
1333 3945 1472 4040 penitus
1488 3943 1681 4018 diruerunt.
1702 3943 1836 4020 Deinde
1857 3965 1938 4018 cum
1965 3953 2035 4019 tuto

619 4071 774 4146 exercitu
792 4071 855 4143 ivit
866 4069 913 4144 ad
926 4070 1133 4144 caminatam
1145 4069 1262 4144 Uberti
1278 4065 1447 4142 Advocati
1462 4087 1532 4162 que
1548 4087 1609 4162 per
1624 4089 1704 4144 eum
1716 4068 1877 4164 guernitn
1894 4075 1979 4159 erat,
2000 4078 2035 4142 et

662 4395 705 4476 (a)
726 4396 785 4474 dp.
800 4395 870 4457 leh.
884 4396 922 4456 de
934 4395 1044 4457 Mussls
1057 4395 1091 4455 lu
1105 4395 1323 4457 Centenarium.

662 4501 703 4582 (l)
724 4503 782 4579 Ap.
798 4501 867 4562 loli.
881 4501 920 4562 de
931 4500 1043 4562 Mussls
1057 4499 1266 4562 Pandocrium.

662 4607 700 4688 (c)
722 4607 837 4670 lbldem
851 4605 886 4667 de
897 4603 1058 4688 Pelopiae.

664 4711 709 4794 (d)
730 4714 766 4774 In
779 4713 879 4775 codice
893 4719 1072 4796 sumuntur.
