4568 6064
802 643 843 702 llll
868 642 1009 703 trulla
1035 641 1190 702 onsrls.
1643 648 1703 710 383

281 785 401 856 Monte
416 780 515 856 Mirlo
545 787 585 852 et·
604 775 715 849 lilium
738 775 784 850 de
802 777 941 849 civitate
960 775 1120 849 Terdons
1146 775 1208 870 qui
1233 785 1307 848 erat
1332 785 1444 849 rector
1468 801 1531 872 pro
1559 779 1701 855 domino

282 903 482 976 marchione
499 903 536 973 in
559 903 635 996 ipsa
651 900 803 973 civitate.
822 901 899 985 Quo
917 899 1037 974 audito
1059 921 1122 995 per
1136 899 1315 972 dominum
1333 900 1570 976 marchionem
1585 905 1703 978 dolore

236 1001 239 1006 ⁵
282 1047 412 1119 magno
441 1046 521 1096 cum
551 1031 621 1094 tota
647 1033 750 1114 gente
773 1045 837 1096 sua
861 1032 895 1096 et
922 1023 1111 1095 amicorum
1139 1023 1215 1113 ejus
1238 1045 1276 1094 sc
1301 1022 1442 1096 reduxit
1468 1024 1506 1096 in
1529 1027 1703 1101 civitatem

283 1147 498 1222 alexandrie
513 1156 548 1219 et
564 1146 646 1218 lacit
663 1143 855 1218 maximnm
867 1157 1073 1239 apparatum
1092 1146 1257 1220 veniendi
1272 1146 1319 1218 ad
1334 1156 1449 1242 partes
1465 1150 1633 1224 Terdone.
1652 1154 1703 1225 De

282 1294 402 1344 mense
420 1269 575 1344 octubris
591 1268 681 1340 circa
705 1267 810 1340 finem
828 1267 991 1340 dominus
1005 1268 1158 1340 marchio
1172 1270 1396 1344 Montisierati
1414 1293 1495 1343 curn
1513 1295 1617 1346 cerna
1633 1276 1703 1346 mi-

281 1397 383 1468 litum
398 1395 603 1483 Cumarum,
621 1393 783 1482 Novarie,
800 1392 1046 1480 Ver-cellarum,
1062 1391 1151 1464 Albe
1167 1401 1203 1466 et
1218 1393 1366 1465 militum
1386 1403 1420 1466 et
1438 1395 1597 1489 peditum
1615 1395 1703 1470 civi-

282 1521 362 1592 tatis
387 1516 600 1591 alexandrie
631 1525 667 1590 et
690 1525 780 1588 terre
810 1536 874 1588 sue
902 1515 999 1588 venit
1026 1515 1072 1588 ad
1097 1515 1401 1611 depopulationem
1436 1529 1526 1591 terre
1547 1520 1704 1593 Terdone

282 1641 519 1716 comburendo
535 1637 748 1714 mollendina
766 1647 800 1711 et
815 1639 1016 1712 sufferendo
1034 1640 1078 1712 ab
1094 1641 1146 1712 eie
1167 1661 1293 1734 aquam
1308 1663 1378 1735 que
1393 1642 1520 1716 labitur
1534 1667 1595 1738 per
1611 1643 1703 1716 civi-

282 1775 387 1838 tatem
407 1764 576 1837 Terdone.
593 1763 632 1834 ln
648 1761 749 1854 cujus
766 1760 980 1834 deffensione
993 1761 1127 1834 erantC
1145 1763 1272 1836 milites
1285 1764 1472 1838 Mediolani
1491 1778 1526 1838 et
1537 1769 1562 1838 L
1575 1767 1712 1876 milites·

281 1889 455 1962 Placentie
470 1897 504 1960 et
521 1888 646 1960 milites
660 1885 846 1958 extrinseci
860 1883 1086 1958 Alexandria.
1105 1887 1155 1958 De
1171 1907 1290 1960 menso
1306 1886 1500 1960 decembris
1518 1912 1702 1964 commune

280 2013 454 2084 Placentia
476 2033 523 2083 ex
544 2032 614 2083 ono
635 2007 642 2107 Ι
665 2019 761 2106 parte
781 2019 816 2082 et
833 2009 997 2082 dominus
1014 2031 1130 2082 comes
1149 2009 1335 2082 Ubertinus
1353 2011 1398 2084 de
1419 2011 1537 2086 Laudo
1565 2035 1612 2086 ex
1635 2015 1702 2089 alia

280 2135 592 2232 compromiserunt
609 2155 685 2208 sese
709 2134 745 2204 in
774 2133 954 2206 dominum
979 2133 1199 2206 Guillelmum
1216 2133 1262 2206 de
1280 2136 1379 2208 Petra
1409 2135 1523 2208 civem
1542 2138 1647 2233 Pepie
1667 2151 1703 2212 st

280 2263 315 2332 iu
340 2260 522 2333 dominum
543 2257 722 2330 albertum
746 2259 885 2330 Scotum
914 2267 1078 2351 tauquam
1100 2257 1136 2328 in
1162 2257 1307 2330 arbitros
1329 2257 1374 2332 de
1394 2260 1558 2332 omnibus
1582 2262 1702 2334 litibus

279 2393 315 2456 et
344 2381 588 2456 controversiis
615 2389 649 2454 et
674 2380 929 2474 questionibus.
959 2381 1027 2466 Qui
1052 2380 1170 2452 arbitri
1204 2381 1241 2452 in
1266 2382 1452 2455 concordia
1480 2382 1538 2456 die
1563 2387 1700 2458 veneris

280 2507 403 2580 ultimo
415 2507 542 2578 mensis
560 2502 754 2576 decembris
770 2504 937 2574 tullerunt
954 2503 1163 2576 sentenciam
1181 2503 1218 2576 in
1240 2505 1404 2578 conscilio
1425 2508 1579 2598 generali
1599 2531 1699 2582 com·

280 2629 396 2700 munis
413 2627 583 2702 Placentie
594 2627 683 2698 inter
701 2626 785 2698 istas
801 2635 915 2722 partes
930 2625 1123 2700 secundum
1139 2628 1283 2700 modum
1298 2630 1396 2724 pacis
1413 2631 1501 2704 lacte
1517 2633 1698 2707 occasione

278 2753 572 2843 Petrcscremone,
598 2760 632 2823 et
660 2749 832 2823 dederunt
856 2750 923 2846 ipsi
954 2749 1096 2824 domino
1127 2753 1244 2824 comiti
1268 2775 1332 2848 pro
1355 2753 1593 2850 redemptione
1614 2757 1698 2829 Pal-

278 2877 376 2949 merii
395 2875 441 2948 de
455 2877 609 2948 Fontnna
626 2873 687 2946 lilii
702 2874 834 2948 domini
854 2874 982 2948 Alberti
999 2875 1044 2949 de
1059 2876 1212 2950 Fontana
1225 2899 1329 2972 quem
1350 2879 1502 2952 habebat
1519 2879 1557 2951 in
1575 2903 1697 2956 carce-

278 3002 395 3090 ribus,
417 2999 539 3074 LXXX
558 2999 645 3071 libra
660 2997 869 3093 placentina.

326 3128 376 3198 lle
392 3147 510 3198 mense
519 3125 683 3218 januarii,
703 3123 753 3195 illi
767 3121 812 3196 de
824 3121 936 3196 Erboe
948 3121 993 3196 de
1009 3121 1149 3196 civitate
1165 3125 1396 3198 vercellarum
1417 3135 1450 3198 et
1462 3125 1631 3202 Advocati
1650 3130 1696 3204 de

277 3249 440 3321 Vercellis
464 3249 680 3322 intraverunt
695 3249 731 3318 in
745 3245 923 3342 quoddam
944 3255 1094 3319 castrum
1110 3247 1285 3320 districtus
1298 3249 1459 3322 Vercellis
1474 3252 1570 3346 quod
1586 3276 1696 3328 voca·

1741 2057 1790 2104 Fol.
1802 2059 1830 2103 sl
1840 2060 1910 2102 recto,

276 3383 334 3444 tur
345 3373 585 3466 Mongranum.
607 3373 761 3465 Proque
779 3372 869 3445 facto
885 3370 1045 3444 dominns
1064 3371 1216 3444 marchio
1225 3371 1448 3446 Montislerati
1463 3397 1543 3448 clun
1558 3379 1695 3452 Vercel-
1827 3401 1836 3434 r

275 3495 431 3568 lensibus
459 3495 652 3567 intrinsecis
681 3503 716 3567 st
744 3505 847 3590 geute
876 3518 940 3568 sua
967 3503 1002 3568 et
1027 3493 1275 3568 Alexandrinis
1300 3505 1336 3568 et
1362 3499 1634 3573 Noveriensibus
1659 3511 1694 3574 et

275 3619 502 3714 Papiensibus
528 3618 695 3692 hostiliter
722 3619 769 3692 ed
791 3619 881 3693 illud
903 3629 1054 3693 castrum
1080 3618 1276 3714 properavit
1300 3629 1335 3692 et
1361 3621 1458 3693 lactis
1480 3624 1612 3697 hastitis
1641 3625 1693 3698 illi

275 3753 387 3817 castro
405 3742 535 3818 ossedit
551 3743 678 3838 ipsum.
700 3741 800 3817 Unde
817 3743 1091 3818 Mediolanenses
1108 3765 1188 3815 cnm
1210 3764 1314 3816 cerna
1329 3745 1479 3817 militurn
1503 3748 1689 3841 placentie,

275 3867 443 3940 Cremone
460 3878 494 3940 et
510 3869 628 3942 Brixis
653 3867 689 3940 in
708 3889 908 3941 succursum
923 3869 1059 3940 illorum
1082 3869 1127 3942 de
1151 3877 1262 3942 castro
1285 3879 1492 3964 properant3
1510 3871 1604 3966 quod
1621 3895 1692 3946 ocs-

273 4001 367 4064 trum
384 3992 533 4065 affidatis
553 3993 707 4086 personis
724 3991 871 4065 intrante
890 4013 1008 4066 mense
1032 3993 1195 4065 februarii
1216 3993 1340 4065 habuit
1358 3993 1521 4066 dominus
1540 3997 1692 4070 marchio

274 4115 332 4188 die
343 4115 436 4207 jovis
454 4117 499 4188 lll
517 4115 645 4188 mensis
658 4116 832 4188 februarii.
854 4116 916 4188 Die
935 4117 1051 4189 mortis
1067 4117 1142 4189 Vlll
1161 4117 1292 4190 mensis
1307 4117 1470 4190 februarii
1489 4117 1692 4194 Guillelmus

274 4238 321 4310 dc
337 4239 453 4312 Monte
469 4241 576 4313 Merlo
600 4239 687 4312 civis
710 4238 925 4312 forbannitus
946 4238 991 4311 de
1008 4239 1165 4312 Tsrdona
1182 4262 1261 4312 cum
1279 4239 1354 4312 CCC
1376 4241 1542 4312 militibus
1560 4243 1692 4318 domini

273 4362 483 4435 marchionis
505 4363 729 4436 Montislcrati
748 4361 889 4435 intravit
905 4361 940 4432 iu
956 4371 1106 4434 castrum
1127 4360 1172 4434 de
1186 4363 1292 4434 Ponte
1312 4363 1445 4434 Corouo
1467 4363 1571 4435 situm
1588 4367 1692 4458 Juxta

273 4485 447 4558 civitatem
461 4486 617 4560 Terdone
635 4507 698 4582 per
714 4487 869 4581 quinque
888 4485 1045 4557 milliaria
1060 4485 1259 4558 rebellando
1273 4486 1404 4559 civitati
1420 4486 1590 4562 Terdone.

323 4608 387 4680 Die
400 4609 535 4680 sabbati
552 4609 648 4682 XXll
661 4613 789 4692 mensis
800 4609 951 4700 J'anuarii
969 4608 1158 4682 incivitate
1173 4609 1406 4682 RomeUrsini
1426 4621 1460 4683 ct
1482 4613 1549 4685 alie
1566 4635 1693 4709 magne

272 4731 445 4827 projenies
459 4753 538 4803 cum
561 4735 691 4828 populo
709 4754 850 4804 romano
873 4729 1040 4804 insultum
1058 4734 1212 4806 lecerunt
1238 4733 1273 4805 in
1292 4745 1483 4808 senatorem
1502 4738 1610 4812 Rome
1629 4739 1691 4833 qni
