4676 6066
721 694 965 756 CllROMlCOM
989 691 1295 756 PLACEMTIMUM.
1676 684 1716 746 33

298 827 459 924 proximo
490 827 653 902 veniente
681 827 882 901 Cremonam
909 839 1152 924 perrexerunt,
1182 823 1381 901 omnimode
1409 824 1459 897 eis
1486 823 1652 896 instantes
1680 833 1716 894 et

298 952 504 1026 inducentes
540 961 578 1024 ut
606 953 719 1024 looum
748 952 864 1024 Pontis
899 952 975 1024 Vioi
1003 954 1120 1048 quiete
1147 951 1385 1024 Brixiensibns
1414 947 1643 1037 dimitterent,
1681 955 1716 1021 et

298 1073 538 1148 Brixiensibus
556 1075 601 1148 de
619 1083 733 1148 oetero
755 1074 932 1148 offendere
954 1095 1024 1147 non
1048 1075 1224 1148 deberent.
1249 1072 1351 1159 Quod
1374 1073 1621 1144 Cremonenses
1645 1094 1714 1145 non

297 1219 373 1272 esse
391 1200 542 1272 lecturos
562 1221 627 1272 nee
645 1199 777 1272 dietum
800 1201 915 1272 locum
933 1199 1130 1272 reddituros
1154 1199 1238 1272 vive
1263 1219 1349 1271 voce
1366 1197 1542 1269 dixerunt.
1568 1198 1610 1269 Et
1630 1197 1715 1269 dum

296 1321 362 1395 hee
379 1331 415 1394 et
438 1324 548 1395 multe
567 1321 635 1394 elia
653 1323 767 1418 turpia
793 1324 901 1396 verbe
918 1333 953 1398 et
979 1324 1209 1418 ignominiose
1236 1323 1273 1393 in
1299 1320 1460 1393 oonsoilio
1485 1320 1650 1392 Cremone
1665 1316 1714 1417 [a]

296 1454 464 1541 potestate
482 1444 534 1543 (a)
550 1445 707 1539 ejusdem
727 1456 816 1520 terre
832 1457 867 1520 et
884 1449 930 1520 ab
947 1447 1025 1520 aliis
1037 1448 1082 1520 de
1101 1446 1263 1519 conscilio
1279 1443 1564 1517 ambaxatoribus
1580 1442 1715 1516 Medio-

297 1570 367 1644 lani
384 1580 420 1643 et
437 1570 540 1644 etiam
561 1571 638 1643 aliis
656 1572 768 1644 forent
788 1572 938 1666 prolata3
960 1571 1114 1643 dieentes
1129 1578 1164 1642 et
1180 1577 1371 1642 asserentes
1392 1567 1626 1640 Mediolanum
1645 1587 1716 1638 non

298 1695 420 1768 vivere
436 1695 484 1767 ad
497 1695 684 1787 honorem,
702 1695 798 1789 quod
819 1696 920 1766 altius
937 1693 1116 1768 deseendit
1134 1695 1170 1764 in
1184 1693 1381 1789 pectoribus
1397 1692 1533 1764 illorum
1547 1691 1714 1763 amberra-

300 1829 411 1890 torum
434 1841 505 1914 qna
527 1816 677 1914 unisque
702 1840 779 1893 esse
804 1820 913 1893 iratus
936 1816 985 1914 (b)
1006 1827 1041 1890 et
1061 1818 1215 1890 omnium
1238 1818 1383 1888 aliorum
1409 1815 1454 1887 de
1479 1813 1619 1888 civitate
1639 1814 1717 1886 Me·

299 1939 445 2030 diolani,
460 1963 540 2014 enm
557 1943 689 2014 dietum
704 1941 751 2038 (c)
764 1942 930 2016 audivere
945 1939 1130 2014 redeuntes
1145 1949 1181 2012 et
1196 1941 1261 2012 hee
1276 1939 1313 2010 in
1329 1939 1491 2011 conscilio
1507 1937 1712 2033 aperientes.

297 2063 379 2136 Post
402 2063 468 2138 heo
492 2074 610 2138 autem
637 2065 796 2138 videntes
821 2064 1066 2136 Cremonenses
1091 2063 1140 2136 ab‘
1161 2064 1299 2159 incepto
1325 2061 1492 2136 desistere
1514 2063 1625 2154 nolle,
1653 2061 1717 2134 sed

299 2187 411 2281 magis
431 2196 466 2260 et
490 2189 603 2282 magis
622 2188 863 2262 Brixiensibus
882 2186 1059 2260 offendere
1075 2187 1251 2275 volentes,
1273 2186 1395 2258 amieis
1420 2193 1456 2259 et
1477 2185 1579 2257 sociis
1597 2205 1717 2257 eorum

297 2309 433 2400 Brixie,
455 2309 720 2406 adpetitionem
747 2311 978 2383 Brixiensium
998 2309 1057 2384 die
1082 2310 1199 2382 martis
1223 2309 1287 2380 XII
1309 2309 1437 2382 mensis
1457 2309 1597 2401 augusti
1627 2309 1718 2381 foras

298 2443 529 2508 extraxerunt
552 2436 744 2524 carosium,
763 2433 938 2508 infinitum
956 2437 1147 2508 exereitum
1169 2455 1231 2528 per
1248 2455 1286 2506 se
1302 2441 1337 2505 et
1355 2434 1485 2509 amieos
1507 2455 1627 2506 eurum
1653 2436 1719 2506 mi-

299 2557 399 2629 litum
417 2567 453 2630 et
475 2559 633 2654 peditum
658 2559 771 2631 lacere
793 2567 1000 2648 statuentes,
1019 2558 1056 2628 in
1077 2568 1201 2630 terram
1228 2555 1509 2630 Cremonensium
1529 2557 1641 2650 palam
1664 2557 1718 2628 in·

300 2687 390 2754 trare
407 2679 577 2754 hostiliter
589 2687 832 2774 proponentes,
848 2701 911 2774 per
925 2680 1123 2752 universam
1138 2680 1210 2754 lere
1224 2679 1276 2776 (d)
1291 2677 1508 2775 provinciam
1524 2677 1632 2770 ltelie,
1648 2689 1718 2751 tam

300 2803 477 2877 intrinseoi
496 2825 601 2898 quam
628 2823 676 2875 ex
698 2799 703 2898 1
726 2802 884 2890 trinseoi,
905 2803 1173 2875 innumerabiles
1197 2802 1243 2876 de
1265 2801 1425 2876 districtu
1448 2801 1633 2876 Mediolani
1655 2825 1719 2897 pro

301 2925 402 3020 equis
420 2935 455 2999 et
467 2925 634 3018 jumentis
654 2933 689 2998 et
706 2926 811 2998 armis
827 2925 960 2998 bellicis
976 2935 1157 3022 pergentes
1174 2935 1209 2999 et
1233 2935 1398 2998 ementes.
1418 2925 1481 2998 Die
1512 2933 1626 2998 autem
1654 2947 1717 3000 ve·

300 3049 411 3140 neris,
427 3050 491 3122 XV
509 3049 638 3122 mensis
658 3048 811 3141 augusti,
831 3048 1078 3120 Cremonenses
1093 3070 1196 3121 suum
1210 3049 1312 3120 simul
1331 3058 1514 3122 extraxere
1530 3051 1717 3139 euronium,

299 3171 502 3246 Parmenses
522 3193 608 3246 vero
625 3191 746 3244 eorum
765 3171 866 3244 amici
887 3170 947 3244 die
969 3170 1143 3244 dominico
1169 3171 1344 3266 sequenti,
1367 3181 1490 3266 rogatu
1510 3181 1545 3244 et
1560 3173 1721 3268 precibus

302 3294 603 3386 Cremonensium,
622 3316 726 3367 suum
746 3294 851 3366 simili
868 3293 972 3367 modo
994 3304 1179 3368 extraxere
1200 3295 1374 3368 curoeium
1392 3293 1450 3392 (e).
1470 3295 1531 3367 His
1547 3295 1596 3368 ita
1615 3297 1721 3389 gestis

302 3427 337 3492 et
365 3421 498 3516 pactis,
530 3421 773 3493 ambaxatoree
806 3418 1004 3491 Brixienses
1034 3417 1268 3492 Mediolanum
1300 3428 1482 3514 pergentes
1510 3421 1546 3490 in
1581 3419 1722 3514 publico

303 3544 467 3618 eoneoilio
491 3551 723 3640 proponentes
741 3541 786 3616 de
808 3543 988 3615 voluntate
1009 3543 1164 3614 uonaoilii
1187 3542 1306 3615 Brixis
1329 3563 1425 3630 esse,
1452 3552 1490 3614 ut
1508 3563 1588 3614 oum
1613 3565 1722 3639 expe-

304 3665 436 3742 ditione
453 3669 618 3742 universa
633 3687 778 3763 pergere
794 3665 960 3740 deberent
979 3665 1017 3736 in
1034 3673 1158 3774 terram
1175 3665 1341 3738 Cremona
1358 3666 1461 3757 juxta
1480 3665 1610 3737 tlumen
1627 3667 1719 3760 Ogii,

303 3799 339 3863 et
364 3809 428 3886 per
449 3791 561 3886 ripam
587 3791 697 3885 ipsius
718 3789 872 3862 fluminis
893 3789 982 3861 inter
1005 3788 1207 3861 Cremonam
1230 3797 1266 3859 et
1283 3786 1369 3860 illud
1394 3787 1524 3859 llumen
1540 3789 1724 3861 transirent

304 3922 341 3986 et
355 3934 436 3985 eum
460 3914 512 3986 eis
526 3935 565 3986 se
586 3912 799 4004 adunarent;
824 3911 963 4008 quoda
985 3911 1202 4008 sapientibus
1219 3910 1405 3985 Mediolani
1421 3911 1668 3986 inoonreniens
1690 3922 1724 3986 et

305 4055 374 4108 non
389 4057 467 4108 esee
480 4033 700 4130 sequendum
719 4033 858 4108 videtur
874 4043 1011 4130 propter
1027 4035 1122 4108 viam
1139 4055 1210 4128 que
1230 4041 1284 4106 est
1300 4032 1470 4106 artissima
1483 4044 1519 4108 et
1535 4035 1724 4130 plurimum

305 4159 531 4252 gravissima,
550 4167 624 4230 tum
644 4167 782 4256 propter
800 4157 946 4254 paludes
969 4166 1004 4230 et
1025 4159 1152 4230 fossata
1177 4167 1212 4232 et
1235 4156 1356 4231 vineas
1378 4167 1413 4230 et
1430 4158 1497 4234 ulia
1524 4159 1632 4234 multa
1658 4159 1724 4232 im·
1763 4193 1765 4197 ·

345 4367 390 4450 (a)
412 4370 450 4432 In
463 4370 564 4432 eoMoe
572 4376 714 4450 murto.
850 4355 851 4362 ἵ

348 4473 389 4555 (t)
410 4477 509 4538 Lotus
521 4479 683 4538 oerdsslme
696 4474 835 4549 mutilus,
848 4475 907 4538 ntsl
920 4475 1107 4554 interpolatio
1119 4477 1278 4556 lrrepserlt.

350 4581 388 4662 (c)
410 4582 446 4643 In
459 4583 560 4645 eodlee
573 4600 639 4644 eum
652 4581 812 4645 deminuat.

353 4683 399 4768 (d)
419 4686 456 4748 In
468 4687 655 4769 eodleefore.

352 4790 392 4872 (e)
417 4791 922 4858 mentandutdennol'armenm.
