4554 6080
595 673 656 738 326
1069 681 1312 748 cuuovlcorv
1338 688 1390 748 DE
1414 687 1543 750 Rebus

592 813 713 909 paleas
731 811 987 888 combuxerunt
1005 840 1050 891 ne
1069 819 1117 890 illi
1137 819 1183 894 de
1198 821 1315 896 ilooha
1333 822 1445 896 Varsii
1463 831 1499 898 et
1517 823 1563 898 de
1578 821 1739 918 Gruvago
1755 821 1882 895 abillis
1898 823 2019 898 habe-

593 945 670 1010 rent
683 939 889 1012 necessaria.

641 1061 705 1134 Die
733 1063 853 1136 martis
878 1065 1018 1138 xxvsst
1043 1067 1172 1140 mensis
1198 1068 1372 1162 octubris,
1400 1069 1494 1142 cirea
1520 1068 1662 1142 terciam
1685 1068 1850 1142 dominus
1867 1069 2019 1144 Uberius

592 1185 750 1281 Spiculla
767 1195 802 1260 et
815 1189 876 1262 alii
888 1190 1031 1284 Spinnle
1046 1199 1083 1264 et
1098 1191 1148 1264 illi
1168 1191 1213 1266 de
1229 1191 1338 1266 Auria
1351 1202 1388 1267 et
1402 1193 1452 1266 illi
1471 1192 1517 1266 de
1530 1193 1632 1267 Volta
1649 1202 1685 1266 et
1699 1193 1759 1266 alii
1776 1202 1958 1288 magnates
1973 1193 2021 1268 dc

591 1311 799 1384 tannacum
819 1312 1018 1386 homiuibus
1038 1316 1178 1388 armatis
1197 1338 1288 1410 quos
1304 1317 1341 1388 in
1357 1315 1520 1391 domibus
1539 1337 1660 1390 eornm
1677 1316 1830 1411 privatos
1842 1316 2022 1390 habebunt

592 1446 803 1510 cucurerunt
816 1437 862 1510 ad
875 1437 999 1512 domos
1012 1437 1265 1514 Grimaldorum
1280 1449 1315 1513 et
1327 1439 1528 1514 devicerunt
1540 1461 1601 1513 eos
1614 1449 1649 1512 et
1659 1441 1799 1513 iverunt
1811 1440 1858 1513 ad
1872 1440 2019 1512 domum

590 1563 771 1657 potestatis
782 1563 979 1634 communis
993 1563 1056 1657 qui
1071 1571 1145 1636 erat
1158 1563 1204 1636 de
1222 1565 1360 1637 civitate
1372 1565 1494 1638 Parme
1509 1563 1650 1638 nomine
1662 1563 1842 1636 Rolandus
1860 1563 1907 1638 de
1916 1562 2021 1638 Puta·

591 1685 658 1780 giis
671 1697 705 1759 et
717 1709 781 1782 per
793 1687 866 1760 vim
879 1699 1045 1783 oeperunt
1057 1689 1171 1785 ipsum
1184 1697 1219 1762 et
1232 1687 1467 1782 detinuerunt,
1479 1699 1513 1762 et
1526 1698 1645 1784 postea
1659 1689 1799 1764 iverunt
1814 1689 1860 1762 ad
1872 1689 2019 1762 domum

592 1809 725 1883 domini
739 1810 859 1884 Jacohi
877 1811 922 1884 de
935 1811 1034 1884 Fisco
1047 1813 1108 1907 qui
1124 1821 1326 1908 potestatem
1342 1813 1565 1888 dedendebat
1577 1821 1612 1886 et
1634 1813 1747 1907 posito
1764 1813 1846 1908 igue
1862 1835 1925 1908 per
1941 1812 2018 1886 viru

591 1942 770 2029 ceperunt,
788 1935 904 2029 ipsum
920 1943 955 2006 et
971 1935 1128 2009 obedivit
1140 1958 1260 2009 eorum
1274 1939 1461 2034 preceptis3
1477 1947 1512 2010 et
1525 1938 1607 2009 iacti
1622 1945 1704 2009 sunt
1719 1936 1854 2010 domini
1868 1937 2020 2009 Ubertus

590 2059 735 2154 Spinula
752 2069 786 2131 et
803 2059 951 2132 Ubertus
969 2059 1014 2132 de
1030 2058 1138 2135 Auria
1152 2061 1323 2158 capitanei
1342 2062 1492 2134 civitatis
1508 2061 1637 2149 Ianne,
1655 2061 1705 2134 ita
1725 2059 1823 2154 quod
1836 2081 1959 2132 omnes
1972 2058 2020 2132 de

591 2182 732 2256 civitate
745 2192 780 2256 et
790 2181 948 2256 districtu
964 2185 1075 2257 Janue
1090 2206 1211 2258 eorum
1225 2193 1387 2281 precepta
1396 2187 1605 2280 juraverunt
1618 2183 1665 2257 ad
1678 2183 1844 2257 honorem
1863 2183 2017 2279 imperii,

589 2305 758 2379 Grimaldi
774 2328 860 2380 vero
880 2307 991 2380 etalii
1014 2308 1133 2404 plures
1149 2307 1194 2381 de
1210 2307 1350 2382 civitate
1367 2309 1478 2381 Janue
1497 2308 1654 2404 quolibet
1677 2307 1737 2380 die
1758 2329 1797 2380 se
1818 2316 2021 2402 presentant

590 2451 706 2504 coram
730 2431 794 2504 eis.
820 2431 961 2503 Obtinet
981 2431 1017 2503 in
1042 2439 1152 2503 totum
1176 2453 1256 2527 pars
1277 2431 1413 2528 imperii
1439 2433 1476 2503 in
1496 2433 1627 2520 lanua,
1654 2453 1735 2527 pars
1757 2452 1842 2504 vero
1865 2430 2022 2503 Ecclesie

589 2575 754 2651 oppressa
772 2565 835 2627 est.
858 2555 986 2626 Omnes
1001 2563 1191 2628 carceratos
1210 2555 1272 2648 qni
1289 2565 1387 2628 erant
1400 2555 1438 2627 in
1450 2556 1648 2628 carceribus
1665 2554 1860 2628 eommunis
1875 2555 2019 2626 relaxa·

590 2687 718 2752 verunt
733 2685 768 2752 et
783 2677 902 2751 omnia
915 2686 1043 2752 statuta
1058 2687 1093 2751 et
1106 2679 1347 2752 ordinamenta
1361 2681 1453 2752 lacta
1469 2689 1589 2752 contra
1606 2701 1667 2752 eos
1683 2687 1719 2752 et
1729 2687 1863 2774 partem
1879 2677 2020 2774 imperii

590 2803 865 2891 combuxerunt,
885 2811 920 2875 et
935 2802 1015 2874 iacti
1033 2811 1115 2874 sunt
1131 2803 1304 2900 capitanei
1321 2803 1514 2876 eommunis
1524 2803 1636 2877 Ianne
1650 2811 1686 2876 et
1701 2801 1822 2899 populi
1842 2802 2023 2897 usquead

590 2927 746 3024 quinque
764 2946 885 2999 annos.
905 2926 1038 2998 Eodem
1062 2937 1216 3022 tempore
1235 2927 1471 3001 Bononienses
1488 2949 1552 3024 pro
1572 2927 1750 3000 communi
1776 2949 1858 3000 cum
1882 2925 1951 2998 illis
1972 2925 2023 2998 de

589 3053 730 3126 liavena
744 3060 871 3124 etcum
886 3050 955 3121 illis
969 3049 1014 3122 de
1025 3049 1202 3145 Romagna
1216 3051 1252 3122 in
1264 3051 1474 3124 contrarium
1485 3051 1729 3124 veneticorum
1739 3049 1909 3123 hostiliter
1921 3055 2023 3120 erant

590 3176 637 3250 ad
654 3175 971 3249 rehedilicationem
990 3173 1098 3246 Castri
1111 3173 1243 3247 hiberti
1265 3176 1301 3246 iu
1324 3173 1538 3248 deffensione
1554 3173 1695 3247 Olochie
1714 3196 1820 3270 super
1841 3194 1950 3246 mare.
1967 3173 2023 3245 De

589 3323 710 3374 mense
731 3322 815 3374 vero
832 3298 1032 3372 novembris
1051 3297 1143 3370 iilius
1166 3297 1313 3371 condam
1328 3299 1522 3371 Domaffalli
1535 3300 1663 3394 Scarpe
1681 3307 1716 3371 et
1731 3297 1894 3370 homines
1915 3297 2022 3369 castri

590 3424 732 3497 Contilis
759 3445 797 3495 se
825 3421 997 3496 dederunt
1023 3423 1059 3492 in
1078 3421 1184 3494 loreia
1212 3431 1247 3494 et
1269 3422 1398 3495 virtute
1426 3423 1564 3494 illorum
1589 3422 1635 3496 de
1655 3421 1816 3516 Gravago
1844 3430 1880 3494 et
1907 3423 2022 3516 partis

590 3549 782 3622 extrinsece
800 3546 845 3620 de
857 3547 1049 3637 Placentia3
1066 3545 1111 3620 de
1128 3567 1199 3641 quo
1212 3547 1360 3618 multum
1376 3555 1458 3618 sunt
1468 3547 1593 3619 tristati
1610 3547 1802 3620 Placentini
1820 3546 2017 3618 intrinseci.

637 3672 701 3743 Die
717 3693 801 3744 vero
811 3671 948 3744 veneris
958 3671 1099 3744 xxvsst
1108 3671 1235 3744 mensis
1251 3671 1454 3744 novembris
1466 3670 1682 3744 Rolaudinus
1693 3671 1876 3744 Granellus
1887 3679 1923 3742 et
1940 3671 2021 3742 ira-

588 3805 658 3868 tres
684 3803 719 3867 et
737 3793 924 3866 Ubortinus
947 3793 993 3866 de
1011 3795 1143 3867 Nucetc
1166 3805 1201 3868 et
1224 3795 1282 3867 alii
1308 3794 1499 3867 Placentini
1522 3795 1710 3868 extrinseci
1736 3795 1956 3867 intraverunt
1982 3802 2021 3865 et

589 3918 847 3993 adscenderunt
863 3941 968 4014 super
985 3919 1118 3991 Petram
1136 3919 1320 3992 Travinam
1338 3929 1373 3992 et
1389 3919 1501 4015 ipsam
1516 3919 1651 3993 Petram
1670 3918 1803 4014 spaldis
1822 3927 1857 3990 et
1877 3918 2020 3990 hertes-

589 4044 664 4118 chis
687 4043 899 4116 munierunt.
924 4043 1001 4127 Quo
1028 4041 1148 4116 audito
1173 4065 1235 4138 per
1255 4044 1470 4116 Placentinos
1495 4043 1541 4117 de
1569 4043 1710 4118 civitate
1737 4043 1904 4115 continuo
1931 4040 2020 4112 illuc

589 4168 834 4263 equitaverunt
851 4167 979 4238 scilicet
991 4167 1117 4240 milites
1129 4175 1164 4241 et
1178 4168 1326 4240 reverssi
1342 4177 1424 4241 sunt
1440 4167 1548 4240 nichil
1563 4169 1727 4241 iacientes
1745 4167 1808 4238 ibi.

637 4293 687 4364 De
711 4311 830 4364 mense
855 4313 940 4364 vem
970 4289 1163 4364 decembris
1187 4314 1268 4365 cum
1296 4292 1404 4365 Galici
1431 4291 1493 4386 qui
1521 4301 1619 4364 erant
1650 4293 1686 4362 in
1711 4288 1897 4383 cartagine
1923 4288 2017 4360 facta

588 4414 747 4510 pactione
770 4435 850 4486 cum
873 4435 955 4508 rege
977 4415 1153 4488 Tunicano
1174 4423 1209 4489 et
1233 4424 1336 4510 gente
1362 4417 1532 4487 Saracena
1554 4423 1589 4487 et
1613 4412 1757 4487 vendita
1782 4421 1929 4484 cruxata
1949 4433 2018 4506 pro

588 4538 737 4634 pecunia
759 4545 1009 4610 reverterentur
1027 4561 1148 4612 versus
1170 4539 1339 4612 Sciciliam
1360 4539 1396 4610 in
1418 4523 1568 4612 navibus
1588 4538 1625 4609 in
1647 4558 1776 4632 magua
1793 4535 2014 4631 quantitate,

589 4665 681 4734 Deus
699 4661 762 4756 qui
782 4660 916 4736 vindex
938 4662 1046 4736 estin
1066 4663 1152 4736 iram
1173 4664 1309 4758 etquis
1328 4663 1463 4736 nullum
1485 4661 1617 4734 malum
1640 4659 1855 4756 impunitum
1873 4667 1909 4730 et
1934 4657 2018 4728 nul-

588 4786 660 4858 lum
680 4785 811 4860 bonum
827 4787 1120 4861 inremuneratum
1143 4783 1358 4886 [relinquit]‚
1377 4789 1413 4858 in
1429 4795 1567 4882 portum
1589 4783 1635 4860 de
1648 4785 1817 4881 Trapanis
1840 4783 1935 4854 circa
1953 4779 2018 4852 LX
