4676 6066
604 675 663 720 xlv
1212 638 1410 718 PMleMCE.

659 797 711 872 be
734 787 1011 896 reedificatione
1033 785 1153 867 castri
1178 791 1225 867 de
1248 792 1410 872 bonella
1429 819 1459 872 a
1485 793 1822 880 Mediolanensibus
1846 813 1884 882 et
1908 802 2030 914 ipsius

608 923 683 1005 loei
703 922 790 1030 (sio)
810 923 1091 1000 manutenendo.

658 1063 710 1139 oe
724 1057 883 1135 adventu
903 1051 1144 1162 inperatoris
1157 1055 1322 1132 seeundo
1339 1052 1418 1134 uiae
1431 1052 1473 1136 in
1485 1059 1759 1142 lombardiam.

519 1191 524 1200 '
656 1197 709 1274 De
725 1185 862 1298 preliis
877 1184 1003 1266 multis
1022 1183 1136 1290 saetis
1155 1183 1260 1264 eirea
1282 1185 1534 1270 Mediolanum
1549 1219 1578 1271 a
1591 1191 1942 1282 Mediolaneruibus.

656 1329 708 1405 De
726 1318 918 1402 obsidione
938 1316 1044 1426 saeta
1062 1319 1110 1395 ab
1133 1316 1361 1426 inperatore
1379 1332 1414 1400 et
1440 1319 1522 1427 [ere
1537 1325 1588 1404 ab
1603 1325 1773 1408 osnnibus
1791 1329 1974 1414 militibus
1991 1345 2027 1416 el

598 1454 789 1566 peditibus
802 1451 995 1533 ciuitatum
1016 1461 1052 1531 et
1073 1452 1240 1530 locorum
1257 1451 1596 1536 Lornbardieeirea
1609 1458 1874 1542 Mediolanum.

655 1595 707 1670 ne
727 1585 865 1696 preliis
884 1582 1237 1680 innumerabilibus,
1266 1583 1457 1666 tornuntis
1472 1599 1510 1667 et
1534 1589 1728 1672 laboribus
1749 1591 1863 1700 saetis
1879 1595 1922 1676 in
1938 1596 2025 1707 ipsa

601 1719 805 1801 obsidione.

651 1859 808 1960 Bepara
826 1861 860 1928 et
878 1847 1082 1928 eoncordia
1096 1846 1202 1953 fasta
1219 1846 1318 1928 inter
1335 1849 1600 1958 inperatorem
1613 1866 1650 1935 et
1668 1855 1958 1942 Mediolanenses
1978 1861 2018 1942 in

599 1985 684 2094 ipsa
702 1982 905 2064 obsidione.
1601 1992 1604 1999 '

651 2125 702 2198 Ile
730 2113 920 2196 obsidione
949 2120 1072 2194 Creme
1102 2114 1150 2192 ab
1174 2111 1401 2221 inperatore
1430 2119 1483 2196 ad
1510 2117 1701 2202 inductam
1729 2124 2023 2210 Cremonensium

598 2262 730 2333 contra
749 2251 974 2328 voluntatem
991 2243 1337 2328 Mediolanensiun.

651 2389 703 2464 lle
732 2379 924 2461 laboribus
943 2375 1056 2485 saetis
1075 2375 1215 2486 inipso
1241 2379 1321 2458 loeo
1339 2405 1365 2457 a
1387 2379 1736 2467 Mediolanensibus.

651 2523 703 2596 lle
721 2513 840 2623 ipsius
859 2511 932 2593 loci
956 2518 1078 2592 Creme
1097 2507 1306 2590 redditione
1325 2509 1561 2620 imperatori.

651 2655 702 2728 De
717 2675 837 2755 quera
852 2645 988 2725 iternrn
1006 2643 1154 2752 incepta
1165 2643 1214 2722 ab
1227 2641 1468 2752 inperatore.

591 2831 609 2846 ο
651 2788 702 2863 De
725 2777 915 2860 obsidione
948 2775 1053 2884 [aaa
1075 2803 1100 2855 a
1128 2775 1463 2859 Mediolanensibus
1477 2777 1588 2860 eirea
1610 2795 1778 2865 aestrurn
1798 2786 1963 2868 Caruani
1984 2801 2019 2870 et

596 2916 642 2994 de
665 2915 762 2994 bello
781 2911 883 3018 [aeto
907 2921 991 2990 tuna
1014 2907 1113 2988 inter
1136 2905 1400 3016 inperatorem
1414 2923 1452 2990 et
1468 2911 1772 2996 Mediolanenses.

650 3051 700 3127 lle
726 3043 905 3153 seqenbus
930 3055 964 3122 et
989 3038 1233 3148 lequasinibus
1261 3054 1297 3121 et
1321 3041 1484 3124 numidis
1506 3043 1605 3154 (sie)
1626 3058 1664 3126 et
1687 3045 1806 3128 uineis
1831 3052 2017 3156 quassatis

595 3181 643 3260 ab
671 3179 897 3288 inperatore
924 3175 964 3255 in
993 3187 1098 3254 terra
1125 3173 1330 3255 Mediolani
1356 3187 1391 3255 et
1418 3175 1523 3258 eirea
1545 3177 1746 3261 civitaten.

646 3317 698 3392 lle
734 3308 933 3389 doloribus
966 3319 1004 3387 et
1033 3305 1224 3387 laboribus
1261 3307 1398 3388 babilis
1429 3335 1457 3390 a
1491 3311 1826 3394 Mediolanensibus
1849 3311 1894 3396 in
1929 3314 2014 3424 ipsa

591 3443 798 3525 obsidione.

646 3581 697 3656 lle
715 3576 806 3653 urbe
824 3567 1029 3654 Mediolani
1051 3566 1205 3648 reddita
1226 3567 1465 3677 inperatori.

645 3713 696 3788 De
712 3703 928 3814 proditione
945 3703 1144 3808 aquodam
1163 3699 1309 3780 concive
1329 3700 1535 3784 Mediolani
1552 3706 1721 3784 lordono
1735 3705 2013 3788 Seoeabaruzia

592 3837 736 3918 nomine
755 3837 873 3944 saeta.

645 3979 696 4052 be
709 3967 956 4050 destructione
981 3968 1145 4046 Terdone
1157 3991 1184 4042 a
1201 3961 1441 4072 Pupiensibus
1456 3965 1610 4048 suetus
1624 3967 1870 4078 inperatoris
1888 3971 2007 4078 saeta.

644 4111 696 4184 De
715 4101 854 4182 ciuibus
872 4096 1077 4183 Mediolani
1097 4094 1388 4202 relinquentibus
1405 4096 1590 4180 civitaten
1607 4113 1641 4181 et
1649 4101 1786 4210 positis
1804 4101 1846 4183 in
1865 4101 2008 4212 burnis.

643 4241 694 4316 De
709 4233 857 4315 ciuitate
876 4235 980 4340 apud
999 4237 1174 4310 Sanctum
1197 4231 1459 4311 Columbanurn
1477 4231 1595 4337 saeta.

643 4373 695 4448 De
714 4363 971 4473 conjuratione
990 4362 1097 4470 saeta
1116 4361 1156 4442 in
1174 4361 1345 4444 Marobia
1364 4376 1496 4445 eontra
1514 4363 1789 4475 imperatorem.

641 4507 697 4581 oe
716 4495 1015 4605 sebodifioutione
1045 4497 1207 4576 Terdone
1226 4521 1251 4575 a
1269 4493 1499 4576 Placentinis
1517 4510 1551 4578 et
1570 4498 1731 4580 Obizene
1748 4500 1978 4612 Malaspina.

638 4640 693 4715 De
712 4628 1012 4738 rebedifioatione
1032 4626 1196 4708 civitatis
1213 4625 1433 4710 Mediolani.

641 4773 692 4846 De
710 4768 868 4844 aduentu
892 4759 1135 4872 imperatoris
1159 4747 1199 4840 isi
1219 4759 1494 4843 lombardieun.
