4554 6080
783 675 825 735 nu
849 675 988 735 rrnnra
1014 672 1167 734 onsrrs.
1619 629 1680 727 sar

265 813 446 886 dominum
476 810 661 884 Ricardum
690 808 735 882 de
754 807 958 881 Anibalibus
985 808 1214 898 cardinalem,
1245 807 1425 878 dominum
1451 805 1679 879 Octavianum

267 938 497 1024 cardinalem,
517 937 697 1008 dominnm
717 935 907 1007 Gnidonem
928 935 973 1008 de
991 935 1125 1007 Cistella
1144 935 1373 1024 cardinalem,
1394 955 1440 1004 ex
1460 935 1564 1006 altera
1584 943 1680 1028 parte

265 1061 449 1134 dominum
461 1061 650 1132 Iohannem
663 1061 856 1155 Gaytanum
869 1069 902 1131 et
914 1059 1094 1156 dominnm
1104 1059 1312 1130 Ottobonum
1326 1068 1360 1129 et
1375 1057 1552 1130 dominnm
1563 1061 1681 1152 Syme

265 1207 346 1257 nom
367 1185 412 1258 de
430 1183 547 1256 Padua
565 1183 769 1271 cardinales,
790 1183 825 1252 in
847 1183 975 1274 quibus
992 1204 1030 1252 se
1042 1203 1161 1254 ornnes
1174 1182 1210 1252 in
1227 1181 1410 1254 concordia
1429 1181 1681 1275 compromise-

264 1318 348 1380 runt
364 1307 569 1400 utinquam
587 1307 744 1398 quinque
761 1327 807 1376 ex
826 1305 909 1398 ipsis
926 1327 989 1376 sex
1008 1327 1085 1376 sese
1098 1304 1412 1394 concordaverunt,
1433 1313 1523 1375 esset
1539 1326 1629 1398 papa
1648 1315 1681 1376 et

264 1429 421 1524 pontifex
435 1429 553 1524 populi
569 1428 725 1500 Romani.
746 1427 845 1501 Unde
865 1428 1010 1522 predicti
1027 1425 1163 1517 arbitri,
1184 1429 1339 1521 quinque
1352 1449 1398 1498 cx
1415 1427 1501 1522 ipsis
1515 1449 1597 1516 sex,
1615 1429 1682 1498 sci-

264 1553 346 1626 licet
370 1551 502 1625 domini
527 1549 713 1640 Ricardus,
740 1551 914 1622 lohannes
940 1551 1134 1646 Gaytanus,
1164 1549 1394 1640 Octavianus,
1424 1549 1622 1622 Octobonns
1649 1559 1683 1621 et

266 1677 442 1770 Symonns
459 1674 505 1748 de
520 1672 640 1746 Padua
658 1695 719 1768 per
738 1675 882 1746 formam
902 1675 1242 1769 dicticomprornissi
1267 1673 1485 1768 presentibus
1505 1682 1540 1744 ct
1562 1675 1682 1746 volen-

266 1799 361 1871 tibus
374 1799 536 1871 omnibus
554 1795 790 1869 cardinalibus
806 1798 841 1868 in
858 1799 998 1870 civitate
1010 1797 1165 1884 Viterbii,
1184 1795 1246 1891 qni
1260 1796 1454 1868 cardinales
1466 1807 1563 1868 erant
1577 1797 1682 1868 Xlllll

266 1922 455 2016 exquibus
475 1917 482 2018 Ι
502 1919 699 1993 Xerantex
713 1942 783 1992 una
799 1922 1015 2015 parteetVll
1029 1929 1184 1993 oranter
1198 1921 1414 1990 aliaetnnus
1428 1921 1684 1992 renuntiaverat
1708 1919 1757 1964 ³⁰¹·
1768 1920 1796 1961 ⁷²
1805 1929 1876 1962 “ffl-

265 2047 425 2120 electioni
442 2067 585 2136 eorum,
608 2044 666 2118 die
680 2044 799 2117 martis
816 2045 927 2140 primo
944 2046 1071 2117 mensis
1089 2045 1293 2140 septembris
1315 2043 1350 2113 in
1368 2045 1453 2116 festo
1467 2044 1554 2115 beati
1569 2043 1683 2138 Egidii

266 2171 488 2260 confessoris,
516 2169 730 2259 MCCLXXI,
758 2169 945 2241 indictione
963 2171 1078 2260 Xllll,
1103 2170 1273 2262 eligerunt
1294 2167 1472 2239 dominnm
1492 2167 1683 2240 Tedaldum

266 2294 510 2368 vicecomitem
525 2293 663 2366 natione
681 2294 869 2384 Placentie,
887 2293 1168 2366 archidiaconum
1182 2292 1343 2380 lodocoi,
1359 2293 1394 2362 in
1410 2315 1585 2364 summum
1600 2313 1685 2386 pon·

267 2417 395 2490 tiflcem
414 2429 449 2490 et
475 2417 723 2512 appostolicum
747 2417 864 2510 populi
888 2417 1043 2488 Romani.
1066 2417 1133 2500 Qui
1152 2416 1315 2487 dominus
1333 2415 1506 2488 Tedaldus
1529 2439 1596 2488 non
1612 2425 1685 2488 erat

268 2563 424 2637 presens,
442 2542 505 2612 sed
519 2549 592 2612 erat
605 2541 640 2609 in
656 2539 794 2610 civitate
807 2538 886 2609 Acri
904 2539 992 2610 ultra
1007 2560 1101 2610 mare
1113 2561 1173 2632 pro
1188 2539 1424 2633 redemptione
1442 2541 1556 2611 anime
1572 2561 1635 2612 sue
1649 2539 1685 2610 in

268 2663 471 2736 defensione
487 2663 589 2734 Terre
609 2663 733 2734 Sancte
756 2683 836 2733 cum
859 2661 1000 2733 domino
1020 2660 1208 2732 Oddoardo
1232 2661 1301 2734 [ilio
1323 2663 1415 2756 regis
1432 2665 1567 2758 Anglie.
1586 2663 1686 2736 Unde

269 2785 462 2859 cardinales
477 2786 645 2858 miserunt
661 2787 777 2880 galeas
792 2793 826 2856 ct
838 2785 977 2856 nuntios
994 2805 1057 2878 pro
1068 2805 1110 2855 eo
1125 2795 1160 2856 et
1172 2795 1376 2879 expectatur
1390 2786 1434 2858 de
1449 2785 1507 2859 die
1522 2787 1556 2857 in
1578 2787 1682 2860 diem.

269 2911 312 2982 Et
329 2909 479 2983 cessavit
491 2909 726 3003 appostolatus
746 2907 841 2978 urbis
852 2909 959 2979 Rome
973 2918 1114 2978 amorte
1127 2906 1259 2978 domini
1273 2929 1363 3002 pape
1379 2909 1561 2982 Clementis
1574 2910 1686 3003 quarti

270 3053 332 3129 per
350 3033 440 3106 duos
458 3039 567 3104 annes
581 3042 615 3104 et
631 3033 664 3104 X
681 3053 818 3104 menses
835 3041 870 3103 ot
889 3030 998 3102 XXVI
1014 3029 1108 3120 dies;
1134 3039 1169 3101 et
1184 3029 1242 3102 die
1266 3033 1377 3125 primo
1395 3033 1522 3104 mensis
1536 3033 1686 3125 januarii

270 3159 437 3254 applicuit
463 3157 626 3232 dominns
651 3177 742 3252 papa
766 3157 803 3227 in
823 3155 1016 3246 Rranditio,
1046 3153 1175 3226 deinde
1200 3155 1380 3227 Viterbum
1403 3164 1438 3228 at
1465 3167 1609 3230 vocatus
1636 3171 1688 3232 est

272 3303 400 3354 nomen
418 3283 492 3374 ejus
515 3279 700 3374 Gregorius
718 3279 875 3352 decimus
893 3289 928 3350 et
948 3278 1005 3350 dio
1030 3275 1203 3350 dominico
1224 3279 1300 3350 Xlll
1316 3279 1443 3351 mensis
1469 3283 1588 3353 marcii
1607 3305 1686 3354 cum

271 3415 343 3478 tota
362 3404 460 3476 curia
480 3405 621 3475 intravit
638 3405 780 3476 Romam
806 3411 840 3474 et
858 3403 917 3474 die
933 3401 1067 3473 sabbati
1088 3401 1246 3494 sequenti
1266 3403 1376 3474 sactus
1393 3413 1444 3474 est
1460 3405 1639 3499 presbyter
1653 3415 1688 3477 et

270 3527 329 3600 dia
340 3527 520 3628 dominica
537 3526 694 3622 sequenti
710 3526 746 3597 in
761 3524 935 3598 civitatem
947 3526 1090 3596 Romam
1106 3533 1289 3597 coronatus
1306 3526 1431 3598 cecinit
1442 3537 1477 3598 et
1489 3529 1688 3600 collebravit

271 3653 427 3726 missam.

321 3778 373 3848 De
388 3797 506 3848 mense
521 3797 606 3848 vero
621 3776 824 3870 septembris
842 3775 1039 3848 Brixienses
1058 3773 1258 3848 decivitate
1278 3796 1359 3847 cum
1381 3776 1510 3850 vicario
1529 3787 1562 3850 ot
1586 3789 1688 3873 gente

272 3899 405 3972 domini
428 3900 521 3993 rogis
544 3899 659 3972 Karoli
691 3901 829 3972 iverunt
856 3901 902 3973 ad
925 3900 1162 3972 ossiditionem
1192 3900 1293 3972 castri
1316 3898 1360 3973 de
1385 3901 1564 3975 Manervio
1592 3903 1688 3996 quod

273 4029 391 4095 tenent
416 4023 613 4095 Brixienses
631 4023 835 4114 extrinseci,
856 4045 1004 4117 quornm
1026 4033 1132 4119 caput
1154 4033 1204 4094 est
1231 4022 1393 4095 dominns
1416 4025 1619 4100 Franciscus
1644 4029 1689 4102 de

274 4147 417 4220 Laturro
433 4145 520 4220 civis
536 4145 734 4238 Mediolani,
748 4155 782 4218 et
796 4147 910 4241 ipsum
925 4157 1075 4219 castrum
1089 4147 1246 4240 undique
1262 4147 1441 4220 trabucant
1456 4159 1491 4222 et
1506 4153 1684 4225 ossedunt.

273 4271 457 4366 Propterea
474 4270 569 4364 quod
579 4267 853 4344 Mediolanenses
865 4270 1036 4364 indignati
1050 4269 1095 4342 ad
1109 4271 1372 4366 postulationem
1384 4283 1418 4344 et
1433 4275 1688 4368 requisitionem

275 4393 383 4489 partis
401 4393 597 4466 extrinsece
612 4392 657 4466 de
670 4394 788 4465 Brixia
801 4415 905 4488 quam
921 4394 1052 4466 domini
1069 4394 1114 4468 de
1133 4395 1255 4468 Lature
1276 4405 1310 4469 et
1331 4396 1488 4472 homines
1504 4383 1689 4474 Mediolani

276 4517 482 4592 deffendunt
508 4525 543 4590 et
568 4517 753 4608 adjuvant,
781 4517 861 4590 licet
890 4518 1087 4590 Brixienses
1114 4520 1320 4593 decivitate
1348 4521 1418 4593 dati
1448 4533 1529 4594 sunt
1549 4524 1689 4598 domino

275 4641 425 4734 Karulo,
447 4641 505 4714 die
522 4642 604 4714 lune
620 4641 699 4714 XXI
719 4642 845 4716 mensis
865 4643 1068 4737 septembris
1093 4655 1310 4716 extruserunt
1330 4655 1428 4720 extra
1450 4669 1570 4720 eorum
1594 4672 1691 4723 caro·

272 4766 366 4840 cium
385 4767 614 4864 precipientes
635 4767 826 4841 exercitum
849 4769 1042 4862 generalem
1058 4777 1175 4842 contra
1193 4769 1390 4845 Brixienses
1407 4772 1605 4848 decivitate
1620 4777 1691 4848 mi-

1490 4906 1528 4958 aa
