4534 6074
711 667 953 732 CHRONICON
979 669 1276 732 rnucnnrluutt.
1661 670 1701 731 85

284 802 557 876 Bononiensium
573 801 788 898 inceperunt.
810 805 974 878 Similiter
986 804 1261 880 Mediolanenses
1280 825 1423 877 numero
1435 803 1653 899 quadrigenti
1667 814 1703 878 et

285 927 485 1000 Brixienses
512 927 676 1019 ducenti,
702 927 891 1003 Comenses
914 951 1060 1003 numero
1089 938 1228 1002 oentum
1261 928 1417 1000 cumeis
1448 951 1568 1001 omues
1598 929 1701 1002 celeri

284 1052 398 1143 gradu
420 1051 612 1124 Bononiam
638 1053 804 1126 accedere
830 1054 1090 1128 festinavemnt.
1117 1053 1246 1126 Verum
1269 1053 1354 1146 quia
1371 1052 1600 1138 Veronenses,
1619 1053 1701 1126 Tar·

285 1175 434 1266 visioni,
463 1175 652 1264 llicentini,
684 1176 840 1249 Paduani
868 1187 903 1250 et
920 1177 1098 1250 Mantuani
1123 1179 1226 1270 juxta
1245 1175 1295 1271 (a)
1319 1176 1481 1249 mandata
1509 1186 1698 1264 rectorum,

284 1307 389 1394 prout
414 1308 630 1372 sacramento
659 1309 756 1372 erant
773 1299 921 1390 astricti,
950 1299 1162 1392 adjutorium
1189 1299 1318 1393 pariter
1339 1309 1374 1370 et
1396 1298 1568 1370 auxilium
1590 1301 1702 1371 Bono·

285 1422 467 1495 nioneibus
484 1432 635 1518 prestare
658 1431 855 1496 recusantes
872 1421 967 1517 (sic),
987 1421 1084 1517 quod
1108 1422 1228 1514 legatis
1243 1421 1397 1492 Bononio
1421 1423 1649 1516 promiserant
1667 1431 1701 1495 et

284 1555 522 1618 convenerant
546 1545 724 1618 attendere
751 1555 786 1616 et
806 1546 992 1620 observare
1018 1544 1161 1616 minime
1184 1551 1386 1637 potuerunt,
1417 1545 1511 1618 unde
1535 1545 1601 1639 ipsi
1627 1567 1702 1617 rec·

285 1676 376 1742 tores
405 1669 593 1763 plurimum
618 1679 699 1741 sunt
717 1669 863 1761 turbati,
894 1670 1013 1742 dolore
1037 1669 1233 1741 uehementi
1260 1668 1437 1758 commoti;
1463 1667 1522 1739 die
1548 1668 1701 1741 secundo

285 1793 416 1864 mensis
435 1794 575 1885 augusti
588 1793 624 1864 in
638 1793 790 1866 Bononia
809 1793 983 1866 civitatem
1000 1793 1231 1882 intraverunt,
1249 1791 1379 1884 ingenti
1400 1791 1529 1886 gaudio
1546 1803 1581 1864 et
1593 1793 1701 1865 nimio

285 1915 460 2010 triumpho
478 1917 524 1988 ab
539 1917 702 1989 omnibus
723 1917 905 2013 recepturi.
931 1919 970 1988 ln
989 1939 1060 2010 qua
1079 1916 1181 1989 etiam
1204 1915 1360 2005 civitate,
1390 1926 1492 2008 prout
1516 1914 1561 1986 de
1580 1927 1701 2008 potes-

284 2041 366 2113 tatis
391 2039 545 2113 Bononie
565 2041 744 2112 voluntate
768 2041 851 2132 luit,
869 2063 1000 2113 moram
1020 2061 1082 2136 per
1106 2061 1170 2114 sex
1193 2039 1248 2111 vel
1271 2049 1402 2134 septem
1428 2039 1504 2112 dies
1526 2039 1696 2131 lecerunt3

284 2163 416 2258 quibus
439 2165 488 2236 ita
506 2163 653 2259 peractis
671 2163 905 2236 Bononienses
929 2165 1120 2236 cumomni
1144 2172 1246 2256 gente
1274 2183 1393 2235 eorum
1414 2173 1544 2235 etcum
1566 2165 1700 2236 carocio

283 2295 319 2360 et
330 2287 457 2360 milites
470 2309 591 2360 omnes
606 2297 641 2360 et
651 2288 710 2359 alii
725 2289 785 2380 qui
804 2287 841 2358 in
855 2309 975 2360 eorum
992 2295 1159 2359 venerant
1175 2307 1391 2378 succursum,
1408 2295 1507 2358 extra
1525 2286 1699 2358 civitatem

282 2409 458 2482 exierunt.
479 2409 597 2483 Castra
610 2409 751 2502 quidem
769 2430 889 2482 eorum
906 2409 1007 2500 juxta
1020 2409 1167 2480 fluvium
1182 2409 1338 2481 Scoltene
1355 2407 1390 2478 in
1407 2409 1561 2502 partibus
1578 2411 1700 2482 Sancte

282 2529 448 2604 Maricio
476 2535 589 2604 Strata
612 2541 821 2626 posuerunt,
847 2533 976 2605 amicos
997 2553 1138 2626 quoquo
1162 2553 1281 2604 eorum
1310 2530 1439 2603 ibidem
1462 2541 1696 2626 expectantes.

282 2652 369 2727 Cum
392 2663 512 2728 autem
535 2655 584 2728 ibi
601 2656 774 2728 stetissent
796 2656 886 2727 circa
907 2665 985 2728 octo
1009 2655 1103 2746 dies,
1129 2657 1282 2728 exercitu
1311 2656 1472 2728 universo
1494 2667 1701 2749 congregato

282 2787 318 2851 et
346 2777 567 2870 coadunato,
597 2779 744 2853 tentoria
774 2790 953 2852 moventes
983 2779 1018 2849 in
1050 2787 1175 2851 terram
1205 2778 1450 2851 Mutinensium
1483 2779 1699 2854 inimicorum

282 2922 404 2976 eornm
422 2902 637 2976 intraverunt
658 2913 693 2976 et
707 2905 810 2995 juxta
834 2911 984 2975 castrum
1004 2901 1048 2976 de
1069 2903 1194 2974 Sancto
1215 2901 1350 2974 Cesario
1374 2923 1438 2973 sua
1456 2900 1564 2974 fixere
1589 2915 1701 2978 castra

282 3024 370 3099 illud
398 3025 557 3120 undique
585 3025 794 3100 obsidentes.
828 3025 1074 3097 Cremonenses
1107 3034 1141 3096 et
1165 3025 1366 3096 Parmenses
1393 3024 1497 3096 etiam
1531 3037 1566 3097 et
1596 3027 1700 3098 bloti-

282 3170 407 3222 nenses
422 3171 484 3245 por
504 3149 660 3224 medium
674 3172 795 3224 eorum
813 3159 848 3222 et
865 3149 901 3221 in
919 3149 987 3221 illis
1002 3149 1158 3244 partibus
1170 3150 1309 3221 luerunt
1327 3149 1570 3240 castrametati,
1592 3152 1699 3225 lluvio

281 3271 440 3346 Sooltene
457 3275 650 3366 mediante;
664 3273 760 3370 quod
776 3281 925 3346 castrum
939 3295 1018 3345 cum
1032 3273 1226 3365 manganis,
1241 3271 1409 3368 predariis
1422 3281 1456 3343 et
1472 3273 1647 3346 trabuchis
1663 3287 1700 3348 et

281 3395 387 3488 gattis
412 3405 448 3466 et
470 3396 552 3468 'aliis
577 3397 746 3469 machinis
773 3395 915 3468 cottidie
938 3405 1251 3491 expugnaverunt,
1277 3395 1464 3467 scientibus
1491 3395 1639 3468 inimicis
1665 3408 1701 3470 et

282 3518 393 3591 oculis
417 3520 567 3614 propriis
596 3519 811 3594 uidentibus.
839 3521 882 3592 Et
904 3517 989 3592 dum
1014 3519 1079 3592 heo
1100 3527 1299 3612 agerentur,
1330 3518 1591 3612 Cremonenses,
1619 3521 1700 3592 Par-

281 3661 423 3716 menscs
452 3653 486 3715 et
514 3643 726 3716 Mutinenses
752 3643 941 3716 deliberato
971 3639 1134 3714 conscilio
1159 3639 1331 3712 oarooium
1356 3641 1476 3712 Parme
1495 3641 1531 3710 in
1554 3645 1700 3738 expedi·

283 3763 379 3837 tione
389 3765 510 3838 venire
524 3767 698 3856 fecerunt3
716 3787 787 3859 quo
801 3768 904 3854 lacto,
921 3764 1028 3858 signis
1041 3762 1123 3835 belli
1138 3771 1173 3834 et
1188 3763 1308 3836 castris
1323 3763 1435 3853 motis,
1447 3762 1593 3836 lluvium
1608 3767 1699 3838 Scol-

282 3896 362 3960 teno
386 3897 604 3961 transeuntes
629 3911 691 3984 per
706 3889 861 3962 modium
882 3897 1032 3960 castrum
1051 3887 1095 3959 do
1113 3886 1330 3980 Spinalberto
1348 3886 1384 3955 in
1405 3907 1594 3981 campanea
1611 3889 1700 3961 inter

281 4011 475 4084 Scoltenam
491 4020 526 4083 et
544 4011 733 4107 quemdam
753 4033 878 4084 cavum
896 4032 977 4082 suas
995 4017 1184 4105 posuerunt
1198 4009 1428 4102 albergarias,
1445 4030 1515 4082 non
1533 4009 1700 4083 distantes

282 4133 328 4204 ab
342 4133 500 4206 exercitu
517 4135 785 4207 Bononiensium
801 4156 861 4228 per
880 4156 987 4206 unum
1003 4133 1147 4206 miliare.

332 4256 396 4326 Die
424 4255 543 4328 martis
570 4257 630 4328 llll
652 4257 781 4329 mensis
804 4257 1024 4351 septembris,
1045 4255 1177 4330 dictum
1199 4263 1348 4328 castrum
1372 4253 1529 4349 undique
1555 4256 1700 4330 virilitor

282 4385 527 4469 expugnantes
549 4399 629 4450 oum
656 4379 854 4472 manganis,
882 4379 1074 4474 predariis,
1094 4378 1269 4450 trabuchis
1291 4389 1325 4450 et
1347 4378 1449 4472 gattis
1471 4400 1550 4450 cum
1570 4381 1699 4473 quibus

281 4497 378 4570 viros
398 4521 461 4594 per
488 4501 674 4596 terragium
704 4505 856 4576 fecerant
880 4501 1067 4576 ascendere
1092 4525 1154 4598 per
1176 4503 1270 4597 ipsos
1300 4523 1414 4595 usque
1437 4502 1565 4598 spados
1597 4505 1699 4576 castri

323 4753 364 4836 (a)
384 4757 420 4818 In
439 4759 630 4840 aodioejmra
643 4770 681 4824 et.
