4594 6066
814 661 856 724 tlt
881 660 1020 723 thalla
1046 659 1198 724 GES'flS.
1656 661 1714 724 195

298 818 334 884 et
353 805 503 905 prelatos
527 798 751 880 eeclesiarum
776 805 812 870 et
833 795 920 870 alios
944 791 1069 868 mundi
1089 795 1262 892 principes
1285 793 1453 868 duximus
1475 795 1712 870 advocandos.

298 931 474 1024 Rogamus
502 927 621 1020 itaque
645 919 890 994 fraternitatem
918 927 1075 992 tuamet
1107 927 1261 992 ortamur
1285 927 1413 992 attente
1439 941 1502 1014 per
1532 920 1717 1014 apostolica

299 1055 429 1149 scripta
451 1049 657 1125 mandantes
671 1053 844 1141 quatenus
868 1041 916 1116 ad
931 1041 1139 1138 presentiam
1157 1051 1308 1116 nostram
1333 1043 1428 1115 omni
1451 1063 1592 1138 prorsus
1616 1065 1717 1116 occa·

299 1178 399 1251 mone
413 1173 602 1272 postposita
613 1191 727 1266 usque
747 1167 794 1243 ad
808 1169 932 1242 festum
946 1165 1145 1262 proximum
1162 1167 1272 1240 sancti
1285 1167 1450 1240 Iohannis
1467 1166 1618 1262 Baptista
1644 1189 1720 1262 per·

301 1301 466 1376 sonaliter
486 1291 635 1397 [venire]
651 1313 832 1390 procures,
851 1301 890 1362 ut
915 1291 991 1386 ipsa
1011 1290 1167 1364 Ecclesia
1190 1312 1237 1365 ex
1260 1300 1319 1362 tna
1343 1290 1513 1362 industria
1538 1290 1720 1362 consitium

301 1425 472 1523 pereipiat
486 1421 719 1519 profuturum.
737 1415 893 1490 Sciturus
903 1413 999 1510 quod
1011 1435 1073 1488 nos
1090 1414 1221 1488 dietum
1237 1413 1428 1510 principem
1441 1414 1477 1486 iu
1493 1413 1659 1487 citacione
1670 1412 1721 1512 (a)

302 1557 421 1624 nostra
453 1545 639 1621 citavimus
669 1551 710 1614 ut
737 1561 800 1636 per
828 1560 868 1613 se
895 1539 950 1612 vol
984 1559 1066 1611 snos
1096 1537 1244 1612 nuncios
1272 1538 1309 1610 in
1340 1538 1486 1610 concilio
1516 1537 1723 1611 celebrando

303 1681 520 1768 compareat,
539 1687 772 1764 responsuros
794 1663 895 1737 uobis
920 1671 955 1736 et
973 1662 1052 1734 aliis
1067 1661 1130 1758 qui
1153 1660 1287 1756 aliquid
1312 1671 1430 1736 centra
1451 1663 1565 1758 ipsum
1592 1685 1725 1759 propo-

305 1793 462 1868 nendum
494 1791 662 1866 duxerint
691 1785 772 1887 [et]
797 1785 1061 1862 satisfactionem
1090 1784 1262 1882 ydoneam
1293 1787 1511 1882 prestiturns.
1540 1788 1665 1860 Datum
1694 1798 1726 1860 et

306 1927 414 1991 cetero
429 1913 533 2012 (l).r›

356 2041 402 2116 hl.
422 2038 485 2112 CC.
499 2037 610 2128 XLV,
627 2033 819 2110 indictione
834 2032 897 2124 ΙΙΙ,
920 2031 980 2106 die
991 2033 1085 2126 jovis
1097 2032 1159 2127 qui
1179 2030 1307 2105 dicitnr
1321 2042 1440 2104 sancta
1457 2033 1553 2129 apud
1570 2034 1727 2130 lugudi-

307 2187 412 2254 nom,
438 2162 602 2238 dominus
620 2179 710 2255 papa
729 2155 1043 2232 excommunicavit
1058 2157 1298 2251 imperatorem
1320 2165 1355 2228 et
1372 2177 1489 2250 regem
1509 2157 1678 2231 Hencium
1695 2169 1730 2232 et

307 2287 544 2362 marchionem
565 2281 740 2358 [nnciam.
761 2279 894 2354 Eodem
917 2289 1069 2375 tempore
1089 2279 1251 2353 domiuus
1274 2301 1365 2376 papa
1391 2281 1513 2353 fratres
1533 2289 1568 2354 et
1587 2293 1731 2378 nepotes

307 2433 390 2486 suos
406 2411 553 2484 nacione
574 2407 740 2482 comitum
766 2405 811 2479 de
827 2405 1003 2499 Lavagnia
1028 2403 1191 2478 maximis
1209 2402 1379 2476 thesauris
1396 2415 1432 2476 et
1453 2405 1645 2480 fortissimis
1671 2407 1731 2481 di-

307 2534 403 2608 vitiis
420 2542 456 2606 et
474 2531 705 2627 dignitatibus
718 2527 764 2603 de
780 2527 944 2602 messuro
959 2528 1153 2602 ecclesiast
1169 2529 1376 2622 prelatorum
1395 2527 1551 2602 dictavit.

323 2711 327 2720 .
366 2655 499 2730 Eodem
522 2654 706 2726 millesimo
741 2659 776 2723 et
809 2651 1018 2739 indictione,
1053 2649 1111 2726 dia
1138 2651 1197 2723 Vll
1221 2649 1387 2724 kalendas
1407 2653 1521 2745 junii,
1547 2654 1732 2750 imperator

309 2801 390 2853 cum
407 2797 535 2872 magno
560 2773 719 2849 exercitu
740 2770 786 2846 ab
812 2771 939 2868 Apulia
963 2793 1086 2846 versus
1107 2773 1347 2848 Lombnrdiam
1374 2774 1518 2847 veniens
1545 2774 1592 2850 ad
1618 2788 1733 2874 partes

309 2902 431 2977 Parme
449 2899 565 2988 venit,
593 2893 761 2972 habendo
787 2895 1044 2970 multitudinem
1059 2895 1263 2990 mullorum,
1283 2897 1523 2990 camellorum,
1548 2899 1732 2977 dromeda·

310 3026 441 3098 riorum
458 3033 565 3118 atque
582 3041 753 3117 equorum
768 3017 996 3093 deferentium
1021 3018 1221 3095 thesaurum
1235 3029 1270 3094 et
1285 3041 1456 3096 mmaram
1471 3023 1643 3098 exercitus
1661 3025 1729 3100 sni.

311 3149 474 3244 Misitqne
485 3145 642 3242 judicem
661 3143 815 3219 Tadeum
829 3143 1055 3238 Lugudinum
1072 3143 1118 3219 ad
1134 3144 1319 3218 cenobium
1337 3144 1435 3242 quod
1460 3145 1622 3221 dominus
1642 3171 1733 3246 papa

314 3277 584 3362 convocaverat,
604 3277 639 3342 et
655 3275 804 3342 motusa
822 3267 946 3340 Parma
961 3287 1023 3362 per
1040 3277 1180 3365 pontem
1202 3269 1340 3342 navium
1357 3269 1484 3342 factum
1499 3292 1559 3366 per
1578 3271 1733 3346 medium

312 3395 490 3469 Berselum
505 3415 588 3468 eum
602 3390 795 3466 honorabili
812 3390 962 3464 militum
978 3391 1142 3464 comitiva
1164 3391 1334 3466 transiens
1351 3393 1523 3467 Veronam
1543 3395 1728 3490 equitavit,

315 3539 394 3590 enm
413 3515 505 3590 duca
521 3515 661 3588 Austris
678 3524 713 3588 et
734 3513 812 3587 aliis
828 3513 1042 3610 principibus
1058 3512 1238 3588 Alamanie
1251 3517 1441 3589 locuturas.
1457 3517 1590 3593 Interea
1610 3519 1669 3594 dia
1685 3523 1733 3596 Xl

315 3641 443 3716 mensis
461 3639 554 3734 junii
571 3659 636 3712 rex
655 3637 785 3711 Ennius
808 3638 910 3730 jussu
932 3638 1038 3734 patris
1065 3639 1284 3734 congregatis
1306 3639 1473 3712 militibus
1498 3641 1730 3740 Theotonicis,

314 3762 448 3848 Tuscia,
467 3761 610 3859 Apulia,
629 3761 787 3853 blanche,
812 3765 988 3856 homagne
1006 3783 1086 3834 oum
1104 3760 1391 3836 Cremonensibus
1414 3772 1583 3839 eteorum
1599 3770 1734 3844 carocio

315 3894 575 3960 casbametatus
603 3893 657 3958 est
683 3885 720 3956 iu
745 3884 903 3980 partibus
930 3883 1147 3960 Roncbaroli.
1171 3885 1304 3960 Deinde
1327 3887 1428 3961 motis
1454 3890 1574 3962 castris
1597 3891 1634 3964 in
1658 3891 1734 3990 ripa

315 4009 440 4103 Rigelli
464 4006 645 4082 combuxit
671 4005 842 4102 hospitale
867 4009 985 4082 Sancti
1000 4008 1148 4105 Spiritus
1173 4019 1207 4082 et
1232 4009 1354 4084 domos
1381 4009 1596 4087 infirmorum
1618 4017 1734 4090 Sancti

316 4133 450 4224 lazari,
466 4131 646 4226 flagellum
658 4139 693 4204 et
708 4135 901 4204 Panbnum
916 4131 1144 4207 devastando.
1163 4133 1296 4209 Deinde
1311 4135 1515 4232 inpartibus
1528 4138 1735 4238 Potenze(b)

360 4293 403 4375 (a)
423 4293 483 4372 Ap.
497 4293 606 4355 hlottb.
621 4293 715 4356 Paris.
730 4293 765 4354 in
771 4289 979 4374 predbotionc.

359 4395 400 4479 (l)
421 4397 536 4461 Nomen
549 4397 636 4460 valde
648 4397 783 4463 dublum.
798 4398 842 4461 Cf.
859 4400 1029 4478 Possum,
1043 4401 1164 4466 Memor.
1180 4407 1252 4466 ator.
1267 4401 1300 4466 di
1313 4405 1470 4484 Placenza,
1486 4414 1510 4470 t.
1524 4409 1564 4489 V,
1578 4427 1608 4488 p.
1626 4419 1696 4471 211.

322 4523 866 4538 ’w———n--tu
870 4529 951 4536 u—-n

355 4581 392 4657 (t)
410 4583 484 4640 bam
498 4583 525 4640 le
538 4588 611 4642 texte
624 4583 659 4641 de
675 4583 805 4642 llattbieu
821 4583 911 4656 Paris,
926 4584 1032 4659 d'apres
1045 4585 1133 4658 lequel
1153 4601 1221 4646 nous
1234 4603 1319 4646 avons
1330 4591 1433 4664 corrige
1445 4597 1522 4650 notra
1533 4595 1694 4669 umecta,
1707 4596 1734 4655 fa

318 4679 382 4738 data
396 4683 439 4737 est
456 4677 526 4738 ainsi
538 4679 692 4754 exprimes:
705 4699 718 4734 ι
732 4679 832 4738 baem
849 4680 985 4755 Lugduni,
1001 4681 1154 4742 leniendas
1168 4683 1311 4758 fabruarii,
1326 4687 1496 4760 pontificatus
1506 4692 1592 4750 nostri
1604 4709 1674 4752 anuo
1685 4709 1734 4754 se·

320 4775 418 4834 cando.
433 4778 496 4834 »Co
507 4777 553 4849 qui
563 4777 666 4851 repond
678 4792 713 4834 au
725 4779 759 4834 30
771 4777 878 4852 janvier
889 4781 971 4837 tato.

1385 4533 1730 4556 ’Ἥ
