4568 6064
607 633 668 694 ³60
1089 633 1331 697 cnuoutcou
1355 635 1407 694 DE
1432 635 1560 695 REBUS

606 791 683 839 rum
702 767 834 838 scilicet
855 768 992 841 illorum
1008 768 1054 842 de
1071 771 1215 863 Bira303
1244 769 1339 841 unde
1360 769 1512 842 creditur
1536 768 1631 862 quod
1655 769 1816 840 evaserit.
1832 770 1925 841 Bene
1949 789 2032 864 per·

607 889 671 963 diti
690 901 771 962 sunt
788 911 851 986 per
874 893 1058 965 Turrianos
1083 905 1117 965 et
1135 916 1216 966 suos
1230 893 1299 966 VlC
1325 893 1407 988 eqni
1428 903 1463 965 et
1483 894 1585 987 quasi
1610 893 1811 986 omnesqui
1837 903 1936 964 erant
1951 913 2028 964 cnm

608 1014 657 1086 cis
675 1015 766 1109 capti
786 1025 878 1086 sunt.
901 1016 1006 1088 Pauci
1026 1037 1108 1089 vcro
1130 1017 1256 1088 mortni
1282 1018 1421 1088 luerunt
1444 1017 1531 1088 forle
1549 1035 1663 1109 usque
1683 1015 1719 1085 in
1739 1015 1822 1102 XX,
1841 1016 2029 1108 interquos
2052 1034 2057 1048 ⁶

607 1148 689 1210 sunt
704 1139 854 1222 Peneius
869 1139 1039 1212 Admatns
1065 1141 1110 1212 de
1130 1139 1297 1212 Cremona
1317 1149 1468 1234 potestas
1488 1138 1693 1228 Mediolani,
1711 1159 1826 1211 comes
1846 1139 1968 1232 Napns
1985 1135 2029 1208 de

608 1263 741 1352 Creme,
759 1263 957 1336 Manlredns
982 1264 1028 1336 de
1052 1265 1234 1357 Trebiago,
1262 1263 1465 1336 Guillelmns
1491 1263 1713 1352 Lamhertus;
1741 1271 1776 1334 et
1799 1261 1943 1356 quidam
1970 1261 2028 1332 alii

607 1387 698 1481 capti
726 1397 808 1458 sunt
829 1388 934 1460 etiam
959 1387 1004 1460 de
1028 1390 1228 1483 parentibus
1251 1389 1515 1477 Turrianorum,
1540 1385 1602 1459 sed
1628 1408 1696 1459 non
1724 1395 1806 1458 sunt
1829 1385 1876 1457 dc
1903 1406 2028 1477 magna

608 1508 724 1581 durno.
743 1512 833 1581 Dum
854 1519 969 1582 antem
988 1523 1089 1583 extra
1115 1512 1289 1584 civitatem
1306 1533 1361 1583 res
1379 1511 1431 1583 sic
1448 1533 1486 1584 se
1504 1509 1658 1601 haberet,
1680 1520 1850 1582 venerunt
1868 1530 1961 1582 nova
1982 1507 2027 1580 ad

608 1631 781 1704 civitatem
795 1644 830 1706 et
850 1635 915 1705 luit
930 1645 1020 1707 totus
1034 1637 1184 1730 populus
1198 1635 1243 1708 ad
1261 1657 1358 1707 arma
1376 1635 1412 1706 in
1427 1635 1513 1708 festo
1530 1634 1629 1706 beate
1645 1633 1801 1726 Agnetis.
1819 1633 1862 1704 Et
1880 1642 2030 1728 potestas

606 1755 791 1829 Mediolani
818 1757 885 1829 alia
904 1781 974 1852 que
991 1769 1065 1831 erat
1093 1758 1138 1831 de
1163 1761 1279 1831 Brixia
1305 1771 1340 1830 et
1360 1758 1563 1854 stipendarii
1582 1757 1703 1830 Parme
1720 1765 1756 1830 et
1774 1756 1939 1828 Cremona
1963 1755 2030 1828 hoc

607 1880 788 1952 audientes
807 1891 841 1952 et
857 1881 1018 1954 videntes
1040 1884 1216 1978 lugierunt
1239 1883 1284 1954 de
1308 1883 1467 1970 civitate,
1487 1882 1605 1953 multis
1627 1880 1851 1953 eorumdum
1872 1881 2031 1973 lugerent

606 2025 669 2098 per
700 2004 874 2076 civitatem
903 2006 1101 2100 expoliatis,
1118 2017 1152 2078 et
1179 2007 1331 2102 populus
1356 2029 1416 2100 per
1441 2006 1598 2096 singulas
1625 2015 1740 2098 portas
1770 2005 1921 2076 civitatis
1951 2003 2034 2075 iecit

607 2125 699 2198 duos
720 2129 916 2222 capitaneos
933 2129 995 2222 qni
1020 2130 1186 2202 deberent
1206 2152 1265 2202 eos
1282 2152 1402 2224 regere
1420 2139 1456 2204 et
1474 2129 1674 2202 deffendere
1695 2150 1741 2200 ne
1762 2127 1883 2201 tierent
1906 2127 2032 2222 preda·

607 2259 697 2322 tores
719 2273 781 2346 per
806 2253 1001 2342 civitatem,
1028 2263 1062 2324 et
1083 2275 1161 2326 curn
1181 2255 1288 2349 aliqui
1311 2254 1355 2327 de
1377 2255 1451 2326 istis
1476 2254 1664 2349 capitaneis
1687 2263 1800 2324 essent
1826 2253 1930 2324 simul
1948 2273 2029 2324 cnm

606 2375 735 2469 populo
762 2377 871 2447 multo
891 2386 925 2446 el
952 2376 1100 2466 milicia,
1125 2374 1318 2471 adsumptis
1344 2375 1556 2470 quibusdam
1581 2376 1743 2446 iratribus
1770 2397 1831 2469 por
1853 2375 2029 2447 civitatem

608 2499 784 2588 euntibus,
807 2510 972 2592 ceperunt
985 2519 1105 2570 omnes
1121 2498 1249 2593 pariter
1269 2497 1418 2571 clamare
1432 2525 1441 2568 ε
1456 2499 1596 2570 Pacem!
1619 2499 1795 2570 altissimis
1814 2499 1978 2587 vocibus,
1995 2506 2031 2570 et

608 2619 655 2692 ad
686 2619 795 2715 ipsam
820 2641 944 2694 vocem
971 2623 1061 2715 capit
1084 2631 1175 2693 totns
1202 2623 1381 2694 consulere
1401 2622 1551 2716 populus
1571 2631 1606 2693 et
1633 2620 1680 2694 ad
1707 2623 1852 2716 plateam
1877 2620 2029 2693 civitatis

608 2743 684 2814 sive
707 2744 876 2816 comitatis
901 2745 1111 2816 unanimiter
1128 2745 1329 2817 convenire.
1352 2745 1396 2816 El
1414 2745 1500 2816 durn
1516 2745 1575 2815 ibi
1594 2755 1692 2817 erant
1715 2745 1830 2814 statim
1851 2745 2033 2836 elegerunt

610 2865 731 2939 decern
761 2868 1002 2940 ambaxatoras
1031 2867 1091 2960 qni
1122 2869 1261 2939 iverunt
1297 2890 1360 2962 pro
1389 2867 1530 2940 domino
1560 2867 1817 2962 archiepiscopo
1842 2877 1878 2938 et
1909 2868 2032 2939 ceteris

609 2989 807 3062 illalexartis
829 2991 891 3084 qui
910 2989 1026 3064 adhuc
1044 3001 1141 3062 erant
1156 2991 1204 3062 ibi
1221 2991 1283 3062 ubi
1301 2993 1389 3063 lacta
1409 2994 1521 3064 luerat
1533 3002 1665 3085 strages
1681 2990 1787 3077 dicta,
1805 3001 1840 3062 et
1864 2990 1950 3062 dum
1968 2991 2033 3063 ista

610 3113 660 3184 sic
677 3134 716 3184 se
735 3113 914 3203 haberent,
932 3116 1066 3185 occurit
1086 3113 1271 3187 multitudo
1290 3115 1413 3185 muniti
1434 3117 1553 3211 populi
1567 3115 1612 3186 ad
1629 3115 1751 3186 domos
1769 3115 2028 3204 Turrianorum,

611 3235 819 3308 dominabus
833 3245 868 3308 et
883 3238 1038 3331 parvulis
1054 3233 1217 3309 omnibus
1236 3237 1461 3328 absconditis,
1473 3249 1508 3310 et
1521 3239 1613 3332 ipsos
1629 3239 1751 3311 domus
1767 3239 2033 3332 expoliaverunt

610 3369 645 3432 et
663 3359 802 3433 diruere
820 3369 1005 3455 ceperunt,
1030 3361 1077 3432 ita
1095 3361 1189 3454 quod
1211 3361 1246 3432 in
1266 3361 1386 3456 paucis
1406 3361 1530 3434 diebus
1551 3361 1684 3455 absque
1702 3361 1920 3433 ordinatione
1939 3383 2032 3434 oom-

611 3484 729 3556 munis
745 3484 845 3578 quasi
862 3505 983 3555 omnes
1011 3483 1184 3556 destructe
1201 3497 1294 3556 sunt.
1313 3485 1477 3579 Sequenti
1501 3495 1616 3558 autem
1635 3485 1706 3568 die,
1725 3485 1792 3557 hoc
1814 3495 1866 3556 cst
1888 3485 1924 3555 in
1948 3487 2034 3556 leste

611 3607 704 3680 beati
720 3608 904 3698 vincentii,
921 3608 1018 3678 venit
1031 3607 1195 3680 dominns
1214 3608 1494 3704 archiepiscopus
1509 3629 1588 3681 oum
1603 3609 1765 3680 omnibus
1781 3609 1983 3682 lllalexartis
2000 3619 2035 3682 et

612 3733 775 3825 gentibus
789 3731 874 3818 suis,
890 3731 1055 3803 euntibus
1074 3731 1139 3803 sibi
1157 3732 1297 3805 obviam
1314 3734 1478 3805 omnibus
1494 3732 1665 3827 religiosis
1679 3732 1903 3828 personaliter
1916 3741 1952 3804 et
1963 3732 2033 3804 cle·

612 3855 693 3926 ricis
713 3865 747 3926 at
770 3855 936 3926 militibus
960 3864 995 3926 et
1017 3857 1144 3950 populu
1168 3856 1332 3928 universo
1356 3879 1460 3928 unam
1482 3857 1592 3929 solam
1616 3877 1739 3928 vocem
1760 3877 1894 3945 omnes,
1913 3877 2034 3951 pacem

612 3979 778 4050 videlicet
809 3977 1058 4051 adclamantes.
1095 3979 1179 4051 Cum
1211 3992 1328 4053 autem
1355 3981 1508 4053 venisset
1536 3980 1698 4052 dominus
1727 3979 2030 4075 archiepiscopus,

612 4100 693 4174 data
712 4101 779 4173 sibi
798 4102 953 4175 libertate
975 4102 1125 4174 faciendi
1144 4113 1345 4198 potestatem
1365 4126 1469 4198 quem
1495 4103 1618 4188 vellet,
1635 4103 1715 4176 lecit
1738 4104 1898 4175 comitem
1918 4105 2035 4176 Ricar-

613 4224 697 4298 dum
717 4224 761 4297 de
775 4227 957 4318 Langnsco
974 4237 1009 4298 et
1027 4226 1207 4299 dominum
1227 4229 1413 4321 Symonem
1430 4226 1476 4300 de
1491 4227 1631 4300 Locario
1645 4235 1848 4324 potestatem
1865 4227 1985 4322 populi
2001 4237 2036 4300 et

612 4343 693 4422 lecit
709 4347 834 4421 cridari
854 4369 914 4444 per
931 4349 1105 4422 civitatem
1124 4350 1220 4443 quod
1241 4351 1484 4445 unusquisqne
1500 4371 1622 4424 secure
1640 4360 1745 4442 staret
1763 4359 1911 4446 excepta
1930 4351 2035 4424 domo

612 4471 875 4563 Turrianorum,
901 4482 1040 4567 propter
1057 4473 1183 4545 multos
1206 4473 1340 4546 amicos
1361 4474 1499 4546 illorum
1522 4475 1582 4568 qni
1612 4473 1806 4546 absconditi
1831 4484 1928 4544 erant
1951 4499 1961 4544 z
1988 4473 2036 4546 ita

405 4637 568 4684 suasam.
612 4595 708 4691 quod
725 4596 773 4667 illi
790 4596 964 4689 quierant
982 4597 1081 4690 quasi
1101 4619 1209 4668 unum
1228 4619 1308 4667 curn
1330 4598 1505 4671 Turrianis
1524 4597 1629 4670 modo
1647 4597 1782 4670 vadunt
1803 4593 1809 4693 Ι
1832 4617 1955 4669 secure
1972 4617 2036 4692 per

613 4720 799 4794 ciuitatem.
830 4720 907 4793 letis
930 4721 1051 4816 paucis
1074 4721 1199 4794 diebus
1227 4721 1274 4792 ita
1300 4723 1428 4794 lactum
1456 4731 1507 4794 cst
1533 4719 1632 4814 qnod
1659 4719 1833 4793 neovilla
1860 4739 1925 4790 nec
1945 4727 2035 4790 terra
