4568 6064
593 635 655 696 386
1064 635 1381 696 canonicos-nu
1406 636 1538 696 REBUS

593 771 686 842 illins
705 771 867 862 civitatis,
884 771 1093 843 rebellantes
1108 777 1143 840 et
1161 769 1379 842 offendentes
1398 771 1477 842 illos
1494 769 1540 842 de
1557 769 1697 844 civitate
1715 771 1866 862 lllntine;
1888 781 1923 843 et
1937 783 2018 844 sunt
2062 757 2067 764 ’

592 904 779 990 propterea
797 917 880 966 cum
897 896 965 968 illis
979 893 1177 967 decivitate
1191 893 1236 966 de
1251 916 1324 966 una
1339 903 1452 989 parte,
1469 895 1605 968 scilicet
1622 895 1666 967 de
1678 905 1775 990 parte
1792 896 1961 968 Ecclesie.
1977 897 2017 968 Et

592 1017 986 1116 postpaucosdiesilli
1006 1018 1210 1091 decivitate
1234 1017 1368 1090 Mutine
1393 1018 1557 1090 exierunt
1581 1027 1682 1092 extra
1707 1021 1883 1092 civitatem
1908 1020 2017 1092 bosti-

592 1142 672 1214 liter
690 1151 812 1214 euntes
831 1142 878 1215 ad
892 1141 1072 1238 quoddam
1094 1141 1141 1236 (a)
1163 1143 1200 1213 in
1219 1163 1292 1236 quo
1312 1141 1362 1212 illi
1383 1141 1428 1214 de
1443 1142 1634 1234 Savigiono
1654 1165 1735 1214 cum
1758 1164 1880 1214 eornm
1900 1143 2019 1214 amicis

592 1275 691 1338 erant
715 1266 928 1340 rebellantes
946 1267 1014 1339 illis
1032 1267 1079 1340 de
1097 1267 1249 1340 civitate.
1270 1267 1371 1340 Unde
1388 1267 1437 1336 illi
1459 1266 1506 1338 de
1532 1267 1721 1358 Savigiono
1745 1277 1779 1338 et
1803 1267 1862 1338 alii
1886 1267 2018 1338 extrin-

592 1389 664 1462 seci
684 1389 730 1462 de
753 1389 888 1462 Mutina
905 1390 1072 1462 insultum
1097 1391 1254 1462 lecerunt
1275 1390 1312 1460 in
1335 1389 1415 1461 illos
1434 1388 1480 1460 de
1504 1390 1646 1463 civitate
1668 1400 1705 1462 et
1725 1391 1822 1485 ipsos
1845 1389 1882 1461 in
1900 1391 2017 1484 lugam

591 1523 788 1608 posuerunt
801 1513 955 1608 fugando
969 1515 1065 1610 ipsos
1080 1536 1204 1586 versus
1218 1515 1406 1604 civitatem,
1419 1523 1455 1586 et
1467 1525 1637 1610 ceperunt
1651 1537 1696 1587 ex
1712 1515 1796 1610 ipsis
1810 1516 1906 1587 bene
1920 1515 2018 1588 CCCC

592 1636 684 1709 inter
701 1637 829 1709 milites
847 1647 882 1710 et
900 1638 1036 1734 pedites
1055 1649 1090 1710 et
1107 1639 1237 1710 multos
1257 1639 1479 1710 occiderunt.

641 1761 705 1832 Die
727 1761 905 1834 dominico
931 1763 976 1834 Vl
1007 1763 1137 1834 mensis
1166 1763 1304 1855 augusti
1333 1763 1371 1833 in
1397 1764 1485 1835 sesto
1504 1763 1599 1836 beati
1627 1763 1737 1858 Systi,
1762 1784 1842 1834 cum
1859 1764 2018 1836 homines

592 1883 749 1956 Pisarnm
767 1883 924 1957 redirent
941 1883 1094 1979 desuper
1113 1893 1224 1955 terras
1241 1885 1353 1956 lanne
1370 1907 1450 1957 cnm
1466 1893 1539 1957 tota
1558 1896 1735 1958 armatura
1752 1887 1930 1976 lignorum
1950 1908 2018 1979 que

592 2005 772 2080 habebant
785 2017 820 2079 et
831 2017 948 2080 essent
961 2029 1073 2103 prope
1089 2017 1228 2103 portum
1241 2009 1406 2080 Pisanum
1420 2009 1527 2104 perV
1541 2009 1597 2080 vel
1612 2009 1657 2081 Vl
1670 2007 1842 2096 milliaria,
1860 2009 2019 2081 homines

593 2130 705 2204 Ianne
722 2151 803 2202 cum
820 2141 892 2204 toto
912 2141 1081 2226 apparatu
1102 2133 1282 2223 galearum
1302 2140 1336 2204 et
1353 2132 1529 2224 lignorum
1553 2153 1623 2226 que
1645 2132 1778 2204 habere
1796 2141 1960 2227 poterant
1974 2153 2019 2203 ex

595 2255 690 2327 omni
710 2266 808 2351 parte
827 2255 940 2329 secuti
958 2265 1040 2328 sunt
1063 2257 1207 2329 Pisanos
1226 2278 1307 2328 eum
1327 2265 1397 2328 tota
1416 2267 1592 2330 armatura
1611 2258 1770 2352 ipsorum
1790 2258 1894 2349 juxta
1914 2257 2018 2328 istum

593 2381 713 2452 locum
732 2391 767 2453 et
782 2381 948 2452 insultum
969 2382 1136 2453 iacientes
1155 2382 1190 2452 in
1207 2383 1304 2476 ipsos
1316 2381 1473 2468 Pisanos
1491 2383 1587 2476 ipses
1604 2382 1786 2474 fregerunt
1800 2390 1835 2451 et
1852 2391 2019 2476 ceperunt

594 2525 641 2577 ex
658 2505 767 2597 galeis
783 2505 988 2577 Pisanorum
1007 2504 1163 2577 XXllllll
1179 2514 1215 2576 et
1231 2505 1260 2576 ll
1278 2527 1388 2577 naves
1403 2507 1514 2599 pletas
1533 2527 1614 2578 oum
1628 2504 1833 2576 hominibus
1848 2505 1910 2598 qui
1925 2505 2018 2576 intus

596 2637 696 2700 erant
714 2635 750 2700 et
765 2629 895 2699 multos
915 2626 1121 2698 occiderunt
1139 2635 1174 2698 et
1193 2637 1359 2722 ceperunt
1385 2637 1594 2722 potestatem
1617 2625 1624 2724 Ι
1647 2649 1769 2700 eorum
1788 2639 1823 2699 et
1842 2628 1910 2700 alia
1925 2629 2019 2721 ligna

596 2771 719 2824 eorum
739 2752 1005 2823 submerserunt
1024 2760 1059 2822 et
1078 2750 1324 2822 conduxerunt
1343 2753 1500 2846 captivos
1519 2775 1565 2826 ex
1585 2752 1720 2824 Pisanis
1744 2763 1784 2824 ut
1801 2753 1910 2823 lertur
1928 2753 2019 2824 hene

595 2874 664 2948 xtt
678 2874 790 2946 viros.
809 2875 1000 2948 lerinenses
1018 2895 1141 2947 verum
1164 2897 1330 2968 magnum
1352 2875 1543 2970 dampnum
1563 2884 1785 2949 mortuorum
1803 2877 2016 2948 babuerunt.

596 3001 647 3072 De
664 3019 784 3070 mense
806 3019 893 3070 vero
914 2999 1055 3091 augusti
1073 2998 1234 3070 dominus
1257 2998 1463 3070 Guillelmns
1484 2999 1641 3072 marchio
1661 2999 1891 3072 lllontislerati
1920 2999 2020 3072 dedit

596 3145 705 3197 unam
723 3145 824 3195 suam
842 3123 950 3196 filiam
970 3145 1077 3219 quam
1095 3123 1218 3194 habuit
1240 3145 1285 3194 ex
1307 3122 1378 3195 lilia
1400 3124 1493 3216 regis
1514 3123 1661 3196 Castelle
1683 3124 1719 3195 in
1741 3143 1889 3196 uxorem
1909 3123 2020 3218 impe·

596 3247 705 3320 ratori
722 3247 1036 3342 Constantinopolis
1054 3243 1126 3319 lilio
1140 3243 1289 3318 condam
1301 3245 1517 3337 Palialogbi3
1540 3267 1647 3338 quam
1665 3248 1741 3340 ipse
1754 3247 1848 3319 misit
1863 3246 1911 3319 ad
1928 3249 2021 3318 acci·

597 3371 766 3467 piendum
784 3392 867 3444 suos
889 3371 1016 3443 milites
1034 3371 1126 3442 bene
1146 3369 1326 3463 guarnitos
1353 3369 1399 3441 de
1425 3370 1555 3463 pulcris
1579 3370 1740 3443 vestibus
1766 3393 1848 3443 cnm
1872 3379 2022 3464 quatuor

599 3494 709 3586 galeis
725 3495 762 3566 in
781 3505 922 3591 portum
945 3496 1056 3567 Jenue
1077 3494 1137 3565 ubi
1161 3494 1293 3588 recepti
1323 3495 1465 3565 luerunt
1483 3494 1529 3565 ab
1555 3493 1756 3566 hominibus
1775 3496 1887 3566 lanne
1907 3495 2023 3567 hono·

598 3617 713 3707 rideo,
735 3619 985 3692 adsociandnm
1015 3618 1144 3691 dictam
1170 3617 1348 3690 dominam
1372 3638 1435 3712 per
1461 3639 1558 3689 mare
1583 3638 1665 3688 cum
1691 3619 1809 3688 multis
1832 3619 1962 3710 galeis5
1988 3630 2022 3690 et

600 3743 756 3818 marchio
778 3743 1004 3818 Montislerati
1023 3743 1115 3814 bene
1133 3741 1330 3814 adsociatus
1349 3763 1429 3813 cum
1449 3741 1618 3812 militibus
1638 3741 1712 3812 suis
1733 3741 1798 3812 ivit
1817 3743 1965 3814 lannam
1989 3753 2024 3814 et

600 3869 649 3942 ibi
670 3879 791 3942 tenere
812 3889 975 3962 magnam
998 3867 1132 3940 curiam
1156 3865 1390 3938 ordinaverat.
1418 3867 1547 3938 Tamen
1571 3866 1730 3938 homines
1756 3865 1868 3939 lanne
1892 3869 2021 3939 nolue-

602 4001 683 4063 runt
701 4013 782 4065 eum
801 3993 957 4089 recipere
981 3993 1017 4062 in
1035 3990 1211 4062 civitatem
1226 3989 1357 4078 lanne,
1385 4001 1421 4062 et
1442 3991 1492 4061 sic
1511 3990 1575 4062 ivit
1592 3990 1640 4062 ad
1657 3989 1777 4060 Finale
1798 3990 2024 4062 castrumdo·

602 4116 686 4188 mini
706 4117 875 4189 Jaeomini
900 4117 945 4189 de
970 4117 1091 4190 Careto
1116 4123 1152 4184 et
1171 4113 1218 4184 ibi
1243 4114 1335 4186 stetit
1359 4123 1393 4185 et
1418 4115 1501 4187 lecit
1523 4111 1696 4210 quicquid
1716 4113 1830 4186 votuit
1856 4113 1901 4186 de
1929 4113 2023 4186 dicta

603 4237 673 4312 filia
691 4261 772 4333 sua,
794 4251 830 4314 et
845 4262 1029 4314 commune
1047 4241 1158 4311 lanne
1175 4236 1274 4310 dedit
1290 4239 1404 4311 sibiX
1423 4239 1541 4331 galeas
1555 4259 1662 4313 cansa
1678 4235 1881 4311 adsociandi
1899 4259 1991 4311 eam.

652 4363 716 4436 Die
739 4365 859 4437 martis
879 4365 1002 4437 XVllll
1022 4362 1153 4435 mensis
1173 4361 1381 4457 septembris
1402 4362 1581 4436 intrinseci
1606 4372 1641 4435 et
1665 4362 1854 4435 extrinseci
1877 4360 1924 4434 de
1948 4362 2025 4434 llu-

605 4486 679 4560 tine
694 4488 825 4561 fortiter
841 4487 945 4560 simul
963 4487 1100 4582 prelieti
1118 4496 1215 4577 sunt3
1236 4495 1355 4558 tamen
1373 4485 1423 4557 illi
1442 4485 1487 4558 de
1505 4487 1645 4560 civitate
1661 4485 1698 4558 in
1719 4487 1840 4578 lugam
1866 4485 2026 4558 conversi

576 4701 581 4710 ¹
606 4632 722 4704 usque
735 4612 782 4684 ad
795 4611 970 4684 civitatem
989 4611 1181 4704 lugierunt,
1200 4609 1245 4681 de
1265 4610 1394 4704 quibus
1410 4611 1603 4682 intrinsecis
1614 4611 1714 4682 mnlti
1728 4611 1820 4706 capti
1835 4611 1978 4682 luerunt
1995 4619 2028 4681 et

650 4751 692 4831 (a)
715 4752 783 4812 Vox
797 4753 838 4812 ibl
851 4753 932 4814 deest
944 4759 1073 4813 castrum
1085 4749 1134 4813 vel
1148 4750 1329 4828 hujusmodi.
