4594 6066
804 670 846 731 ltl
869 669 1012 731 llatllt
1036 668 1187 732 cussis.
1648 677 1707 741 199

287 808 460 884 obstinata
478 807 625 882 elatione
641 805 815 902 despexit.
833 805 876 878 Et
893 805 973 878 licet
988 825 1150 900 processu
1167 805 1331 901 temporis
1347 807 1384 878 in
1399 806 1457 881 die
1472 829 1558 882 cene
1569 811 1707 884 Domini

288 933 449 1030 proximo
470 930 521 1029 (o)
538 951 650 1026 nuper
663 929 823 1026 preterita
841 926 888 1024 (b)
906 926 1130 1024 precedente,
1146 949 1261 1001 coram
1283 929 1384 1002 nobis
1399 941 1434 1004 et
1449 931 1611 1005 iratribus
1627 954 1707 1006 uos·

288 1057 367 1148 tris,
395 1055 617 1152 presentibus
639 1074 726 1128 vero
750 1050 1126 1146 Constantinopolitano
1156 1051 1362 1147 imperatore
1387 1054 1530 1147 illustri,
1558 1065 1638 1129 cetu
1661 1056 1707 1153 (c)

289 1201 432 1275 quoque
463 1199 535 1252 non
565 1175 704 1252 modico
736 1177 965 1273 prelatorum,
998 1176 1214 1248 senatoribus
1239 1198 1381 1272 quoqne
1411 1178 1641 1252 Romanorum
1675 1191 1710 1254 et

289 1303 445 1376 maxima
475 1299 698 1374 multitudine
727 1300 874 1373 aliorum
906 1299 969 1394 qui
997 1299 1120 1373 eadem
1155 1298 1213 1372 die
1251 1310 1391 1398 propter
1423 1303 1710 1400 sollempnitatem

291 1425 403 1521 ipsius
425 1423 471 1499 de
492 1424 641 1498 diversis
664 1423 789 1496 mnndi
811 1423 967 1519 partibus
985 1422 1033 1496 ad
1049 1421 1284 1520 Apostolicam
1310 1423 1434 1498 Sedem
1458 1439 1707 1521 convenerant,

289 1549 390 1644 quod
405 1557 512 1622 staret
526 1548 653 1622 nostris
668 1556 703 1620 et
718 1545 870 1620 Ecclesia
882 1545 1056 1620 mandatis
1072 1547 1301 1642 pernobilem
1316 1549 1432 1622 virum
1443 1551 1602 1624 comitem
1616 1553 1711 1626 Tho-

292 1677 451 1750 loeanum
474 1685 510 1750 et
534 1673 868 1770 magistronl’etrum
886 1671 1057 1746 devince
1079 1682 1114 1745 et
1130 1671 1310 1747 Taddeum
1334 1674 1378 1748 de
1395 1675 1503 1750 Suesa
1528 1677 1624 1750 curie
1648 1699 1711 1751 sue

286 1795 444 1890 judiees,
467 1797 615 1870 nuncios
639 1806 674 1870 et
692 1805 928 1893 procuratores
948 1816 1030 1869 suos
1053 1795 1219 1892 speciales
1241 1817 1346 1892 super
1365 1797 1431 1871 hoc
1446 1799 1491 1872 ah
1516 1799 1593 1895 ipso
1612 1823 1711 1874 man·

292 1920 414 1994 datum
437 1918 625 2012 habentes,
651 1919 836 2016 prostiterit
860 1916 922 2015 (d)
945 1920 1200 2012 juramentum,
1224 1919 1445 2015 postmodum
1473 1931 1587 1996 tamen
1615 1923 1711 2019 quod

287 2045 467 2136 juraverat
492 2065 564 2116 non
580 2043 738 2139 implerit
754 2067 763 2114 ε
781 2041 869 2138 quin
892 2042 998 2116 immo
1016 2063 1058 2116 ea
1071 2043 1260 2116 intentione
1283 2043 1397 2138 ipsum
1418 2045 1605 2140 prestitisse
1622 2069 1712 2143 pro-

291 2167 454 2241 babiliter
476 2166 650 2259 creditur,
678 2167 767 2240 sicut
785 2187 832 2239 ex
846 2167 947 2240 lactis
960 2165 1186 2261 sequentibus
1199 2165 1373 2261 colligitur
1391 2165 1592 2259 evidenter,
1614 2177 1652 2241 ut
1667 2168 1711 2268 (a)

290 2291 407 2366 eidem
423 2291 575 2365 Ecclesia
591 2313 634 2364 ac
657 2290 715 2388 (s)
731 2291 833 2366 nobis
850 2289 1009 2364 illuderet
1032 2289 1155 2386 pocius
1170 2312 1276 2385 quarn
1297 2298 1451 2386 pareret,
1470 2313 1550 2362 cum
1566 2314 1659 2367 anno
1678 2305 1713 2368 et

292 2415 442 2511 amplius
455 2415 529 2508 jam
551 2415 668 2512 elapso
690 2437 756 2490 nec
770 2415 817 2488 ad
833 2415 943 2510 ipsius
957 2413 1101 2487 ecclesie
1122 2415 1293 2508 gremium
1310 2415 1464 2486 revocari
1482 2417 1631 2511 potuerit
1648 2440 1713 2492 nec

291 2539 360 2612 sihi
380 2537 426 2613 de
444 2538 548 2612 illatis
564 2541 595 2612 ei
614 2538 776 2635 dampnis
793 2549 827 2612 et
842 2539 978 2632 injuriis
996 2537 1170 2610 curaverit
1188 2537 1402 2628 satisfacere,
1429 2538 1509 2611 licet
1527 2561 1632 2634 super
1648 2539 1714 2614 hoo

293 2661 447 2735 extiterit
474 2661 676 2755 requisitus.
701 2662 843 2756 Propter
862 2660 958 2755 quod
985 2661 1141 2734 nolentes
1163 2660 1295 2753 absque
1315 2661 1414 2754 gravi
1435 2659 1558 2732 Christi
1584 2663 1715 2740 offensa

292 2786 369 2880 ejus
408 2783 610 2878 iniquitates
644 2783 794 2878 amplius
824 2783 1001 2874 tollerare,
1035 2781 1192 2876 cogimur
1228 2791 1375 2875 urgente
1405 2803 1469 2856 nos
1505 2785 1715 2860 couscientia

290 2908 385 2999 juste
405 2906 682 2981 animadvertere
705 2906 742 2979 in
763 2904 945 2998 eumdem,
965 2913 1000 2977 et
1022 2915 1061 2976 ut
1083 2903 1130 2978 ad
1154 2926 1296 3000 presens
1319 2905 1365 2978 de
1390 2907 1510 2978 ceteris
1535 2909 1613 3000 ejus
1640 2931 1714 2984 see·

294 3030 425 3104 lenibus
451 3038 649 3123 taceamus,
679 3039 828 3125 quatuor
855 3029 1060 3124 gravissima
1091 3049 1162 3124 qus
1198 3029 1292 3100 nulla
1323 3029 1456 3124 possint
1490 3032 1606 3104 oellari
1639 3043 1716 3107 ter-

294 3153 530 3248 giversatione
544 3153 607 3250 (p),
627 3155 799 3228 commisit
814 3181 823 3226 ε
840 3154 1013 3247 Dejsravit
1036 3152 1129 3228 enim
1149 3153 1372 3245 multociens,
1391 3175 1514 3250 pacem
1537 3156 1716 3251 quondam

296 3278 387 3352 inter
415 3277 605 3352 Ecclesiam
632 3289 667 3352 et
692 3279 874 3376 imperium
902 3280 1121 3352 reformatam
1150 3287 1280 3351 temere
1309 3277 1476 3370 violavit,
1505 3283 1717 3376 perpetravit

297 3403 403 3475 etiam
441 3405 690 3500 sacrilegium,
729 3404 804 3500 capi
836 3401 966 3478 iaciens
999 3402 1192 3476 cardinales
1223 3405 1346 3476 Sancte
1381 3404 1534 3478 Romane
1564 3404 1718 3481 llcclesie

297 3547 340 3600 ac
366 3527 511 3600 aliarum
532 3527 754 3602 ecclesiarum
784 3529 933 3625 prelatos
960 3537 996 3602 et
1021 3527 1165 3601 clericos
1186 3526 1365 3620 religiosos
1390 3537 1425 3600 et
1451 3529 1624 3604 seculares
1651 3551 1717 3606 ve·

298 3649 432 3724 nientes
458 3650 506 3724 ad
538 3653 721 3724 concilium
752 3653 849 3748 quod
883 3652 975 3726 idem
1003 3650 1226 3748 predecessor
1250 3649 1398 3724 duxerat
1427 3653 1713 3748 convocandum,

299 3773 345 3848 de
363 3773 476 3848 heresi
487 3773 536 3869 (t)
550 3797 692 3872 quoque
709 3797 780 3851 non
794 3775 913 3852 dubiis
930 3787 966 3850 et
982 3771 1137 3867 levibus,
1156 3773 1219 3848 sed
1233 3771 1434 3848 difficilibus
1448 3783 1483 3847 et
1495 3775 1717 3852 evidentibus

340 4039 383 4123 (a)
406 4042 442 4104 ln
455 4043 558 4104 oodlos
571 4045 743 4122 slmpltclter
750 4061 811 4126 pn,
826 4043 929 4107 eddlto
943 4043 1110 4122 compendll
1122 4045 1208 4122 signo
1219 4041 1300 4122 quod
1312 4059 1349 4106 ca
1360 4059 1466 4106 sonare
1478 4045 1563 4108 solet.

341 4143 383 4226 (b)
404 4149 440 4209 ln
454 4149 554 4210 oodloe
564 4156 700 4228 pretam
713 4154 917 4230 potiusquam
925 4151 1081 4232 preterita.

341 4251 379 4334 (c)
406 4253 443 4315 ln
456 4255 558 4316 eodloe
568 4271 648 4316 curu.

340 4357 384 4438 (d)
405 4360 442 4420 In
456 4355 558 4422 eodloe
566 4361 763 4441 prutiteriot.

341 4464 380 4544 (c)
405 4465 443 4526 In
456 4465 558 4528 codiee
570 4483 634 4530 uec.

340 4570 389 4652 (s)
404 4572 442 4634 ln
455 4573 557 4635 oodlos
569 4573 618 4636 hle
631 4573 764 4636 abundat
775 4575 818 4636 ta

342 4677 383 4760 (p)
405 4679 442 4741 ln
458 4679 560 4742 codice
572 4679 809 4761 commedere.

342 4781 384 4865 (t)
406 4785 442 4847 In
456 4785 558 4849 oodlcs
569 4783 745 4868 injucundi.
