<?xml version="1.0" encoding="UTF-8"?>
<!DOCTYPE html PUBLIC "-//W3C//DTD XHTML 1.0 Transitional//EN"
    "http://www.w3.org/TR/xhtml1/DTD/xhtml1-transitional.dtd">
<html xmlns="http://www.w3.org/1999/xhtml" xml:lang="en" lang="en">
 <head>
  <title>
</title>
<meta http-equiv="Content-Type" content="text/html;charset=utf-8" />
  <meta name='ocr-system' content='tesseract 3.04.00' />
  <meta name='ocr-capabilities' content='ocr_page ocr_carea ocr_par ocr_line ocrx_word'/>
</head>
<body>
  <div class='ocr_page' id='page_1' title='image "./chroniconplacen00huilgoog_0066.png"; bbox 0 0 4676 6066; ppageno 0'>
   <div class='ocr_carea' id='block_1_1' title="bbox 727 696 1719 762">
    <p class='ocr_par' dir='ltr' id='par_1_1' title="bbox 727 696 1719 762">
     <span class='ocr_line' id='line_1_1' title="bbox 727 696 1719 762; baseline -0.007 0"><span class='ocrx_word' id='word_1_1' title='bbox 727 698 966 762; x_wconf 79' lang='lat' dir='ltr'><strong>cllaoltlcolt</strong></span> <span class='ocrx_word' id='word_1_2' title='bbox 991 696 1293 760; x_wconf 76' lang='lat' dir='ltr'><strong>stacsltrlrloll.</strong></span> <span class='ocrx_word' id='word_1_3' title='bbox 1697 697 1719 756; x_wconf 84' lang='lat'><strong>5</strong></span> 
     </span>
    </p>
   </div>
   <div class='ocr_carea' id='block_1_2' title="bbox 305 829 1720 1298">
    <p class='ocr_par' dir='ltr' id='par_1_2' title="bbox 306 829 1718 1055">
     <span class='ocr_line' id='line_1_2' title="bbox 353 829 1718 927; baseline -0.006 -14"><span class='ocrx_word' id='word_1_4' title='bbox 353 841 403 913; x_wconf 99' lang='grc' dir='ltr'><strong>Μ.</strong></span> <span class='ocrx_word' id='word_1_5' title='bbox 414 837 452 910; x_wconf 84' lang='lat' dir='ltr'><strong>C.</strong></span> <span class='ocrx_word' id='word_1_6' title='bbox 465 838 526 926; x_wconf 89' lang='lat' dir='ltr'><strong>IL,</strong></span> <span class='ocrx_word' id='word_1_7' title='bbox 545 834 732 908; x_wconf 81' lang='lat' dir='ltr'><strong>indictione</strong></span> <span class='ocrx_word' id='word_1_8' title='bbox 749 836 832 926; x_wconf 90' lang='lat' dir='ltr'><strong>Xll,</strong></span> <span class='ocrx_word' id='word_1_9' title='bbox 856 856 973 908; x_wconf 90' lang='lat' dir='ltr'><strong>mense</strong></span> <span class='ocrx_word' id='word_1_10' title='bbox 994 833 1085 927; x_wconf 90' lang='lat' dir='ltr'><strong>junii</strong></span> <span class='ocrx_word' id='word_1_11' title='bbox 1104 833 1141 906; x_wconf 92' lang='lat' dir='ltr'><strong>in</strong></span> <span class='ocrx_word' id='word_1_12' title='bbox 1156 833 1242 905; x_wconf 83' lang='lat' dir='ltr'><strong>testo</strong></span> <span class='ocrx_word' id='word_1_13' title='bbox 1260 829 1376 904; x_wconf 78' lang='lat' dir='ltr'><strong>Sancti</strong></span> <span class='ocrx_word' id='word_1_14' title='bbox 1392 829 1548 904; x_wconf 89' lang='lat' dir='ltr'><strong>Barnabe</strong></span> <span class='ocrx_word' id='word_1_15' title='bbox 1573 831 1718 926; x_wconf 87' lang='lat' dir='ltr'><strong>apostoli</strong></span> 
     </span>
     <span class='ocr_line' id='line_1_3' title="bbox 306 955 1338 1055; baseline -0.009 -17"><span class='ocrx_word' id='word_1_16' title='bbox 306 961 487 1038; x_wconf 84' lang='lat' dir='ltr'><strong>disoonlita</strong></span> <span class='ocrx_word' id='word_1_17' title='bbox 505 959 647 1032; x_wconf 89' lang='lat' dir='ltr'><strong>Tabiani</strong></span> <span class='ocrx_word' id='word_1_18' title='bbox 666 959 716 1055; x_wconf 84' lang='lat' dir='ltr'><strong>(a)</strong></span> <span class='ocrx_word' id='word_1_19' title='bbox 732 960 797 1030; x_wconf 84' lang='lat' dir='ltr'><strong>luit</strong></span> <span class='ocrx_word' id='word_1_20' title='bbox 813 957 873 1032; x_wconf 90' lang='lat' dir='ltr'><strong>die</strong></span> <span class='ocrx_word' id='word_1_21' title='bbox 889 957 1062 1032; x_wconf 88' lang='lat' dir='ltr'><strong>dominico</strong></span> <span class='ocrx_word' id='word_1_22' title='bbox 1080 956 1093 1053; x_wconf 88' lang='lat'>(</span> <span class='ocrx_word' id='word_1_23' title='bbox 1118 955 1145 1052; x_wconf 72' lang='lat' dir='ltr'><strong>l.</strong></span> <span class='ocrx_word' id='word_1_24' title='bbox 1335 963 1338 968; x_wconf 86' lang='lat'>&#39;</span> 
     </span>
    </p>

    <p class='ocr_par' dir='ltr' id='par_1_3' title="bbox 305 1077 1720 1298">
     <span class='ocr_line' id='line_1_4' title="bbox 354 1077 1720 1174; baseline -0.008 -14"><span class='ocrx_word' id='word_1_25' title='bbox 354 1085 399 1160; x_wconf 89' lang='lat' dir='ltr'><strong>M.</strong></span> <span class='ocrx_word' id='word_1_26' title='bbox 411 1085 448 1158; x_wconf 89' lang='lat' dir='ltr'><strong>C.</strong></span> <span class='ocrx_word' id='word_1_27' title='bbox 459 1085 528 1174; x_wconf 88' lang='lat' dir='ltr'><strong>Lll,</strong></span> <span class='ocrx_word' id='word_1_28' title='bbox 542 1083 733 1158; x_wconf 82' lang='lat' dir='ltr'><strong>indictione</strong></span> <span class='ocrx_word' id='word_1_29' title='bbox 744 1084 820 1174; x_wconf 86' lang='lat' dir='ltr'><strong>XV,</strong></span> <span class='ocrx_word' id='word_1_30' title='bbox 837 1092 987 1158; x_wconf 77' lang='lat' dir='ltr'><strong>castrum</strong></span> <span class='ocrx_word' id='word_1_31' title='bbox 1001 1081 1193 1156; x_wconf 84' lang='lat' dir='ltr'><strong>Medexaue</strong></span> <span class='ocrx_word' id='word_1_32' title='bbox 1210 1088 1350 1174; x_wconf 88' lang='lat' dir='ltr'><strong>captum</strong></span> <span class='ocrx_word' id='word_1_33' title='bbox 1366 1087 1402 1151; x_wconf 90' lang='lat' dir='ltr'><strong>et</strong></span> <span class='ocrx_word' id='word_1_34' title='bbox 1417 1077 1636 1152; x_wconf 86' lang='lat' dir='ltr'><strong>combustum</strong></span> <span class='ocrx_word' id='word_1_35' title='bbox 1655 1077 1720 1150; x_wconf 86' lang='lat' dir='ltr'><strong>luit</strong></span> 
     </span>
     <span class='ocr_line' id='line_1_5' title="bbox 305 1206 860 1298; baseline -0.007 -15"><span class='ocrx_word' id='word_1_36' title='bbox 305 1232 327 1283; x_wconf 87' lang='lat' dir='ltr'><strong>a</strong></span> <span class='ocrx_word' id='word_1_37' title='bbox 342 1209 549 1281; x_wconf 88' lang='lat' dir='ltr'><strong>Placentinis</strong></span> <span class='ocrx_word' id='word_1_38' title='bbox 565 1206 610 1281; x_wconf 90' lang='lat' dir='ltr'><strong>de</strong></span> <span class='ocrx_word' id='word_1_39' title='bbox 628 1229 746 1280; x_wconf 89' lang='lat' dir='ltr'><strong>mense</strong></span> <span class='ocrx_word' id='word_1_40' title='bbox 759 1207 860 1298; x_wconf 86' lang='lat' dir='ltr'><strong>julio.</strong></span> 
     </span>
    </p>
   </div>
   <div class='ocr_carea' id='block_1_3' title="bbox 352 1331 1906 1548">
    <p class='ocr_par' dir='ltr' id='par_1_4' title="bbox 352 1331 1906 1548">
     <span class='ocr_line' id='line_1_6' title="bbox 352 1331 906 1424; baseline -0.014 -16"><span class='ocrx_word' id='word_1_41' title='bbox 352 1333 401 1408; x_wconf 93' lang='grc' dir='ltr'><strong>Μ.</strong></span> <span class='ocrx_word' id='word_1_42' title='bbox 414 1332 548 1404; x_wconf 71' lang='lat' dir='ltr'><strong>dull.</strong></span> <span class='ocrx_word' id='word_1_43' title='bbox 566 1331 712 1403; x_wconf 87' lang='lat' dir='ltr'><strong>Scalona</strong></span> <span class='ocrx_word' id='word_1_44' title='bbox 726 1339 827 1424; x_wconf 88' lang='lat' dir='ltr'><strong>capta</strong></span> <span class='ocrx_word' id='word_1_45' title='bbox 840 1337 906 1402; x_wconf 91' lang='lat' dir='ltr'><strong>est.</strong></span> 
     </span>
     <span class='ocr_line' id='line_1_7' title="bbox 352 1447 1906 1548; baseline -0.006 -21"><span class='ocrx_word' id='word_1_46' title='bbox 352 1455 400 1527; x_wconf 90' lang='lat' dir='ltr'><strong>M.</strong></span> <span class='ocrx_word' id='word_1_47' title='bbox 410 1454 558 1527; x_wconf 90' lang='lat' dir='ltr'><strong>C.Lllll.</strong></span> <span class='ocrx_word' id='word_1_48' title='bbox 571 1452 839 1526; x_wconf 82' lang='lat' dir='ltr'><strong>RexFedericus</strong></span> <span class='ocrx_word' id='word_1_49' title='bbox 859 1457 865 1540; x_wconf 92' lang='grc' dir='ltr'>Ι</span> <span class='ocrx_word' id='word_1_50' title='bbox 887 1452 999 1548; x_wconf 92' lang='lat' dir='ltr'><strong>primo</strong></span> <span class='ocrx_word' id='word_1_51' title='bbox 1009 1451 1148 1524; x_wconf 84' lang='lat' dir='ltr'><strong>renitet</strong></span> <span class='ocrx_word' id='word_1_52' title='bbox 1162 1449 1243 1523; x_wconf 86' lang='lat' dir='ltr'><strong>iecit</strong></span> <span class='ocrx_word' id='word_1_53' title='bbox 1255 1451 1379 1524; x_wconf 85' lang='lat' dir='ltr'><strong>festum</strong></span> <span class='ocrx_word' id='word_1_54' title='bbox 1392 1448 1507 1520; x_wconf 91' lang='lat' dir='ltr'><strong>Sancti</strong></span> <span class='ocrx_word' id='word_1_55' title='bbox 1516 1447 1655 1522; x_wconf 86' lang='lat' dir='ltr'><strong>Andrce</strong></span> <span class='ocrx_word' id='word_1_56' title='bbox 1665 1447 1718 1548; x_wconf 76' lang='lat'><strong>(2)</strong></span> <span class='ocrx_word' id='word_1_57' title='bbox 1742 1455 1791 1502; x_wconf 72' lang='lat'>1²⁰¹·</span> <span class='ocrx_word' id='word_1_58' title='bbox 1802 1457 1829 1501; x_wconf 83' lang='lat'><strong>⁷²</strong></span> <span class='ocrx_word' id='word_1_59' title='bbox 1838 1459 1906 1502; x_wconf 58' lang='grc' dir='ltr'><strong>Μ·</strong></span> 
     </span>
    </p>
   </div>
   <div class='ocr_carea' id='block_1_4' title="bbox 300 1571 1719 3896">
    <p class='ocr_par' dir='ltr' id='par_1_5' title="bbox 303 1571 1719 2412">
     <span class='ocr_line' id='line_1_8' title="bbox 304 1571 1718 1669; baseline -0.003 -20"><span class='ocrx_word' id='word_1_60' title='bbox 304 1579 341 1650; x_wconf 94' lang='lat' dir='ltr'><strong>in</strong></span> <span class='ocrx_word' id='word_1_61' title='bbox 362 1577 525 1652; x_wconf 85' lang='lat' dir='ltr'><strong>Roncalia</strong></span> <span class='ocrx_word' id='word_1_62' title='bbox 547 1585 582 1650; x_wconf 89' lang='lat' dir='ltr'><strong>et</strong></span> <span class='ocrx_word' id='word_1_63' title='bbox 604 1578 800 1650; x_wconf 81' lang='lat' dir='ltr'><strong>Natiuitatis</strong></span> <span class='ocrx_word' id='word_1_64' title='bbox 824 1575 960 1650; x_wconf 88' lang='lat' dir='ltr'><strong>Domini</strong></span> <span class='ocrx_word' id='word_1_65' title='bbox 982 1575 1077 1669; x_wconf 90' lang='lat' dir='ltr'><strong>apud</strong></span> <span class='ocrx_word' id='word_1_66' title='bbox 1099 1574 1268 1646; x_wconf 87' lang='lat' dir='ltr'><strong>Galiatum</strong></span> <span class='ocrx_word' id='word_1_67' title='bbox 1289 1582 1438 1646; x_wconf 84' lang='lat' dir='ltr'><strong>castrum</strong></span> <span class='ocrx_word' id='word_1_68' title='bbox 1460 1571 1662 1663; x_wconf 82' lang='lat' dir='ltr'><strong>Mediolani,</strong></span> <span class='ocrx_word' id='word_1_69' title='bbox 1684 1581 1718 1646; x_wconf 88' lang='lat' dir='ltr'><strong>ot</strong></span> 
     </span>
     <span class='ocr_line' id='line_1_9' title="bbox 304 1696 1718 1794; baseline 0.001 -22"><span class='ocrx_word' id='word_1_70' title='bbox 304 1699 387 1774; x_wconf 89' lang='lat' dir='ltr'><strong>inde</strong></span> <span class='ocrx_word' id='word_1_71' title='bbox 411 1709 565 1774; x_wconf 91' lang='lat' dir='ltr'><strong>semotus</strong></span> <span class='ocrx_word' id='word_1_72' title='bbox 582 1701 629 1774; x_wconf 91' lang='lat' dir='ltr'><strong>ad</strong></span> <span class='ocrx_word' id='word_1_73' title='bbox 647 1699 822 1772; x_wconf 84' lang='lat' dir='ltr'><strong>civitatem</strong></span> <span class='ocrx_word' id='word_1_74' title='bbox 839 1699 914 1770; x_wconf 86' lang='lat' dir='ltr'><strong>Asti</strong></span> <span class='ocrx_word' id='word_1_75' title='bbox 933 1698 1085 1794; x_wconf 85' lang='lat' dir='ltr'><strong>perrexit</strong></span> <span class='ocrx_word' id='word_1_76' title='bbox 1105 1707 1140 1771; x_wconf 94' lang='lat' dir='ltr'><strong>et</strong></span> <span class='ocrx_word' id='word_1_77' title='bbox 1160 1705 1271 1770; x_wconf 90' lang='lat' dir='ltr'><strong>turres</strong></span> <span class='ocrx_word' id='word_1_78' title='bbox 1292 1697 1449 1790; x_wconf 88' lang='lat' dir='ltr'><strong>ejusdem</strong></span> <span class='ocrx_word' id='word_1_79' title='bbox 1470 1697 1619 1770; x_wconf 86' lang='lat' dir='ltr'><strong>civitatis</strong></span> <span class='ocrx_word' id='word_1_80' title='bbox 1640 1696 1718 1772; x_wconf 88' lang='lat' dir='ltr'><strong>des·</strong></span> 
     </span>
     <span class='ocr_line' id='line_1_10' title="bbox 305 1820 1719 1914; baseline -0.001 -19"><span class='ocrx_word' id='word_1_81' title='bbox 305 1831 419 1896; x_wconf 91' lang='lat' dir='ltr'><strong>trnere</strong></span> <span class='ocrx_word' id='word_1_82' title='bbox 443 1825 542 1914; x_wconf 86' lang='lat' dir='ltr'><strong>iecit,</strong></span> <span class='ocrx_word' id='word_1_83' title='bbox 566 1831 602 1895; x_wconf 91' lang='lat' dir='ltr'><strong>et</strong></span> <span class='ocrx_word' id='word_1_84' title='bbox 628 1823 710 1896; x_wconf 93' lang='lat' dir='ltr'><strong>inde</strong></span> <span class='ocrx_word' id='word_1_85' title='bbox 733 1823 829 1895; x_wconf 89' lang='lat' dir='ltr'><strong>venit</strong></span> <span class='ocrx_word' id='word_1_86' title='bbox 855 1821 1068 1908; x_wconf 88' lang='lat' dir='ltr'><strong>Terdonam;</strong></span> <span class='ocrx_word' id='word_1_87' title='bbox 1095 1831 1129 1894; x_wconf 89' lang='lat' dir='ltr'><strong>st</strong></span> <span class='ocrx_word' id='word_1_88' title='bbox 1152 1820 1283 1894; x_wconf 81' lang='lat' dir='ltr'><strong>Pascha</strong></span> <span class='ocrx_word' id='word_1_89' title='bbox 1304 1821 1562 1896; x_wconf 85' lang='lat' dir='ltr'><strong>resurrectionis</strong></span> <span class='ocrx_word' id='word_1_90' title='bbox 1582 1823 1719 1895; x_wconf 92' lang='lat' dir='ltr'><strong>Domini</strong></span> 
     </span>
     <span class='ocr_line' id='line_1_11' title="bbox 305 1943 1718 2043; baseline 0.001 -26"><span class='ocrx_word' id='word_1_91' title='bbox 305 1945 355 2019; x_wconf 92' lang='lat' dir='ltr'><strong>ibi</strong></span> <span class='ocrx_word' id='word_1_92' title='bbox 381 1945 588 2036; x_wconf 87' lang='lat' dir='ltr'><strong>celebravit,</strong></span> <span class='ocrx_word' id='word_1_93' title='bbox 614 1955 649 2016; x_wconf 89' lang='lat' dir='ltr'><strong>et</strong></span> <span class='ocrx_word' id='word_1_94' title='bbox 670 1967 747 2017; x_wconf 89' lang='lat' dir='ltr'><strong>eam</strong></span> <span class='ocrx_word' id='word_1_95' title='bbox 766 1945 940 2018; x_wconf 87' lang='lat' dir='ltr'><strong>civitatem</strong></span> <span class='ocrx_word' id='word_1_96' title='bbox 959 1944 1112 2040; x_wconf 87' lang='lat' dir='ltr'><strong>quadam</strong></span> <span class='ocrx_word' id='word_1_97' title='bbox 1135 1943 1193 2018; x_wconf 90' lang='lat' dir='ltr'><strong>die</strong></span> <span class='ocrx_word' id='word_1_98' title='bbox 1216 1945 1297 2016; x_wconf 89' lang='lat' dir='ltr'><strong>lune</strong></span> <span class='ocrx_word' id='word_1_99' title='bbox 1319 1943 1363 2017; x_wconf 93' lang='lat' dir='ltr'><strong>de</strong></span> <span class='ocrx_word' id='word_1_100' title='bbox 1388 1965 1506 2018; x_wconf 86' lang='lat' dir='ltr'><strong>manse</strong></span> <span class='ocrx_word' id='word_1_101' title='bbox 1527 1945 1645 2042; x_wconf 85' lang='lat' dir='ltr'><strong>aprilis</strong></span> <span class='ocrx_word' id='word_1_102' title='bbox 1665 1944 1718 2043; x_wconf 86' lang='lat'><strong>(3)</strong></span> 
     </span>
     <span class='ocr_line' id='line_1_12' title="bbox 305 2065 1718 2168; baseline 0 -26"><span class='ocrx_word' id='word_1_103' title='bbox 305 2069 397 2164; x_wconf 86' lang='lat' dir='ltr'><strong>cepit</strong></span> <span class='ocrx_word' id='word_1_104' title='bbox 419 2078 454 2141; x_wconf 90' lang='lat' dir='ltr'><strong>ct</strong></span> <span class='ocrx_word' id='word_1_105' title='bbox 479 2068 666 2142; x_wconf 84' lang='lat' dir='ltr'><strong>destruxit.</strong></span> <span class='ocrx_word' id='word_1_106' title='bbox 689 2069 757 2153; x_wconf 88' lang='lat' dir='ltr'><strong>Qui</strong></span> <span class='ocrx_word' id='word_1_107' title='bbox 777 2067 859 2140; x_wconf 91' lang='lat' dir='ltr'><strong>inde</strong></span> <span class='ocrx_word' id='word_1_108' title='bbox 887 2079 1053 2160; x_wconf 88' lang='lat' dir='ltr'><strong>semotus,</strong></span> <span class='ocrx_word' id='word_1_109' title='bbox 1073 2065 1121 2166; x_wconf 84' lang='lat' dir='ltr'><strong>(b)</strong></span> <span class='ocrx_word' id='word_1_110' title='bbox 1144 2091 1224 2141; x_wconf 90' lang='lat' dir='ltr'><strong>cum</strong></span> <span class='ocrx_word' id='word_1_111' title='bbox 1248 2067 1504 2141; x_wconf 87' lang='lat' dir='ltr'><strong>marchionibus</strong></span> <span class='ocrx_word' id='word_1_112' title='bbox 1527 2069 1718 2168; x_wconf 86' lang='lat' dir='ltr'><strong>Malaspinc</strong></span> 
     </span>
     <span class='ocr_line' id='line_1_13' title="bbox 304 2191 1717 2292; baseline 0.001 -28"><span class='ocrx_word' id='word_1_113' title='bbox 304 2193 520 2266; x_wconf 89' lang='lat' dir='ltr'><strong>intraverunt</strong></span> <span class='ocrx_word' id='word_1_114' title='bbox 546 2204 581 2266; x_wconf 92' lang='lat' dir='ltr'><strong>et</strong></span> <span class='ocrx_word' id='word_1_115' title='bbox 607 2192 881 2268; x_wconf 89' lang='lat' dir='ltr'><strong>hedifieaveront</strong></span> <span class='ocrx_word' id='word_1_116' title='bbox 904 2215 995 2266; x_wconf 87' lang='lat' dir='ltr'><strong>eam.</strong></span> <span class='ocrx_word' id='word_1_117' title='bbox 1021 2193 1135 2266; x_wconf 88' lang='lat' dir='ltr'><strong>Primo</strong></span> <span class='ocrx_word' id='word_1_118' title='bbox 1161 2193 1218 2266; x_wconf 90' lang='lat' dir='ltr'><strong>die</strong></span> <span class='ocrx_word' id='word_1_119' title='bbox 1244 2194 1352 2266; x_wconf 87' lang='lat' dir='ltr'><strong>madii</strong></span> <span class='ocrx_word' id='word_1_120' title='bbox 1375 2197 1560 2292; x_wconf 76' lang='lat' dir='ltr'><strong>Hpgeonus</strong></span> <span class='ocrx_word' id='word_1_121' title='bbox 1577 2191 1621 2290; x_wconf 86' lang='lat' dir='ltr'><strong>(c)</strong></span> <span class='ocrx_word' id='word_1_122' title='bbox 1644 2195 1717 2290; x_wconf 92' lang='lat' dir='ltr'><strong>epi·</strong></span> 
     </span>
     <span class='ocr_line' id='line_1_14' title="bbox 303 2315 1376 2412; baseline -0.004 -22"><span class='ocrx_word' id='word_1_123' title='bbox 303 2338 431 2412; x_wconf 89' lang='lat' dir='ltr'><strong>scopus</strong></span> <span class='ocrx_word' id='word_1_124' title='bbox 449 2317 668 2390; x_wconf 82' lang='lat' dir='ltr'><strong>Placentinus</strong></span> <span class='ocrx_word' id='word_1_125' title='bbox 685 2315 850 2412; x_wconf 89' lang='lat' dir='ltr'><strong>palatium</strong></span> <span class='ocrx_word' id='word_1_126' title='bbox 870 2315 1026 2408; x_wconf 88' lang='lat' dir='ltr'><strong>ejusdem</strong></span> <span class='ocrx_word' id='word_1_127' title='bbox 1042 2315 1192 2387; x_wconf 87' lang='lat' dir='ltr'><strong>civitatis</strong></span> <span class='ocrx_word' id='word_1_128' title='bbox 1207 2315 1376 2387; x_wconf 89' lang='lat' dir='ltr'><strong>ascendit.</strong></span> 
     </span>
    </p>

    <p class='ocr_par' dir='ltr' id='par_1_6' title="bbox 352 2437 1369 2537">
     <span class='ocr_line' id='line_1_15' title="bbox 352 2437 1369 2537; baseline -0.006 -23"><span class='ocrx_word' id='word_1_129' title='bbox 352 2443 400 2514; x_wconf 90' lang='lat' dir='ltr'><strong>M.</strong></span> <span class='ocrx_word' id='word_1_130' title='bbox 415 2443 452 2514; x_wconf 86' lang='lat' dir='ltr'><strong>C.</strong></span> <span class='ocrx_word' id='word_1_131' title='bbox 471 2443 569 2514; x_wconf 89' lang='lat' dir='ltr'><strong>LVll.</strong></span> <span class='ocrx_word' id='word_1_132' title='bbox 588 2443 734 2537; x_wconf 86' lang='lat' dir='ltr'><strong>Captum</strong></span> <span class='ocrx_word' id='word_1_133' title='bbox 750 2441 814 2512; x_wconf 88' lang='lat' dir='ltr'><strong>suit</strong></span> <span class='ocrx_word' id='word_1_134' title='bbox 829 2439 1053 2534; x_wconf 79' lang='lat' dir='ltr'><strong>Vegevanum</strong></span> <span class='ocrx_word' id='word_1_135' title='bbox 1069 2439 1114 2511; x_wconf 90' lang='lat' dir='ltr'><strong>de</strong></span> <span class='ocrx_word' id='word_1_136' title='bbox 1133 2460 1252 2510; x_wconf 87' lang='lat' dir='ltr'><strong>mense</strong></span> <span class='ocrx_word' id='word_1_137' title='bbox 1267 2437 1369 2531; x_wconf 90' lang='lat' dir='ltr'><strong>junii.</strong></span> 
     </span>
    </p>

    <p class='ocr_par' dir='ltr' id='par_1_7' title="bbox 300 2559 1717 3769">
     <span class='ocr_line' id='line_1_16' title="bbox 352 2559 1716 2660; baseline -0.001 -23"><span class='ocrx_word' id='word_1_138' title='bbox 352 2565 400 2637; x_wconf 89' lang='grc' dir='ltr'><strong>Μ.</strong></span> <span class='ocrx_word' id='word_1_139' title='bbox 411 2565 449 2637; x_wconf 90' lang='lat' dir='ltr'><strong>C.</strong></span> <span class='ocrx_word' id='word_1_140' title='bbox 463 2565 579 2657; x_wconf 87' lang='lat' dir='ltr'><strong>LVlll,</strong></span> <span class='ocrx_word' id='word_1_141' title='bbox 593 2565 780 2640; x_wconf 87' lang='lat' dir='ltr'><strong>indictione</strong></span> <span class='ocrx_word' id='word_1_142' title='bbox 792 2563 852 2636; x_wconf 85' lang='lat' dir='ltr'><strong>Vll</strong></span> <span class='ocrx_word' id='word_1_143' title='bbox 862 2559 953 2660; x_wconf 80' lang='lat' dir='ltr'><strong>(sic),</strong></span> <span class='ocrx_word' id='word_1_144' title='bbox 971 2561 1030 2636; x_wconf 89' lang='lat' dir='ltr'><strong>die</strong></span> <span class='ocrx_word' id='word_1_145' title='bbox 1048 2563 1129 2634; x_wconf 89' lang='lat' dir='ltr'><strong>lune</strong></span> <span class='ocrx_word' id='word_1_146' title='bbox 1142 2563 1200 2634; x_wconf 97' lang='lat' dir='ltr'><strong>llll</strong></span> <span class='ocrx_word' id='word_1_147' title='bbox 1217 2561 1344 2634; x_wconf 89' lang='lat' dir='ltr'><strong>mensis</strong></span> <span class='ocrx_word' id='word_1_148' title='bbox 1357 2561 1515 2654; x_wconf 78' lang='lat' dir='ltr'><strong>augusti,</strong></span> <span class='ocrx_word' id='word_1_149' title='bbox 1531 2560 1716 2636; x_wconf 84' lang='lat' dir='ltr'><strong>Fodericus</strong></span> 
     </span>
     <span class='ocr_line' id='line_1_17' title="bbox 303 2675 1715 2784; baseline -0.002 -22"><span class='ocrx_word' id='word_1_150' title='bbox 303 2691 489 2784; x_wconf 90' lang='lat' dir='ltr'><strong>imperator</strong></span> <span class='ocrx_word' id='word_1_151' title='bbox 501 2689 597 2780; x_wconf 88' lang='lat' dir='ltr'><strong>apud</strong></span> <span class='ocrx_word' id='word_1_152' title='bbox 610 2689 852 2780; x_wconf 81' lang='lat' dir='ltr'><strong>Melegnanum</strong></span> <span class='ocrx_word' id='word_1_153' title='bbox 871 2675 1037 2779; x_wconf 75' lang='lat' dir='ltr'><strong>proliatos</strong></span> <span class='ocrx_word' id='word_1_154' title='bbox 1053 2695 1106 2757; x_wconf 84' lang='lat' dir='ltr'><strong>est</strong></span> <span class='ocrx_word' id='word_1_155' title='bbox 1121 2707 1200 2756; x_wconf 90' lang='lat' dir='ltr'><strong>oum</strong></span> <span class='ocrx_word' id='word_1_156' title='bbox 1219 2685 1536 2758; x_wconf 84' lang='lat' dir='ltr'><strong>Mediolanensibus</strong></span> <span class='ocrx_word' id='word_1_157' title='bbox 1550 2697 1584 2757; x_wconf 90' lang='lat' dir='ltr'><strong>et</strong></span> <span class='ocrx_word' id='word_1_158' title='bbox 1601 2686 1645 2758; x_wconf 91' lang='lat' dir='ltr'><strong>de</strong></span> <span class='ocrx_word' id='word_1_159' title='bbox 1663 2687 1715 2759; x_wconf 88' lang='lat' dir='ltr'><strong>eis</strong></span> 
     </span>
     <span class='ocr_line' id='line_1_18' title="bbox 302 2808 1712 2906; baseline 0.001 -26"><span class='ocrx_word' id='word_1_160' title='bbox 302 2829 464 2904; x_wconf 81' lang='lat' dir='ltr'><strong>magnam</strong></span> <span class='ocrx_word' id='word_1_161' title='bbox 480 2819 613 2906; x_wconf 89' lang='lat' dir='ltr'><strong>partem</strong></span> <span class='ocrx_word' id='word_1_162' title='bbox 629 2811 731 2904; x_wconf 86' lang='lat' dir='ltr'><strong>cepit.</strong></span> <span class='ocrx_word' id='word_1_163' title='bbox 749 2809 913 2902; x_wconf 89' lang='lat' dir='ltr'><strong>Sequenti</strong></span> <span class='ocrx_word' id='word_1_164' title='bbox 929 2829 1013 2882; x_wconf 87' lang='lat' dir='ltr'><strong>vero</strong></span> <span class='ocrx_word' id='word_1_165' title='bbox 1026 2808 1084 2881; x_wconf 90' lang='lat' dir='ltr'><strong>die</strong></span> <span class='ocrx_word' id='word_1_166' title='bbox 1095 2808 1160 2881; x_wconf 89' lang='lat' dir='ltr'><strong>ivit</strong></span> <span class='ocrx_word' id='word_1_167' title='bbox 1173 2809 1406 2882; x_wconf 85' lang='lat' dir='ltr'><strong>Mediolanum</strong></span> <span class='ocrx_word' id='word_1_168' title='bbox 1419 2818 1454 2881; x_wconf 90' lang='lat' dir='ltr'><strong>et</strong></span> <span class='ocrx_word' id='word_1_169' title='bbox 1468 2809 1555 2882; x_wconf 92' lang='lat' dir='ltr'><strong>illud</strong></span> <span class='ocrx_word' id='word_1_170' title='bbox 1564 2809 1712 2883; x_wconf 89' lang='lat' dir='ltr'><strong>obsedit.</strong></span> 
     </span>
     <span class='ocr_line' id='line_1_19' title="bbox 302 2931 1715 3030; baseline 0 -26"><span class='ocrx_word' id='word_1_171' title='bbox 302 2933 347 3004; x_wconf 88' lang='lat' dir='ltr'><strong>Et</strong></span> <span class='ocrx_word' id='word_1_172' title='bbox 370 2935 463 3006; x_wconf 85' lang='lat' dir='ltr'><strong>stetit</strong></span> <span class='ocrx_word' id='word_1_173' title='bbox 489 2936 527 3004; x_wconf 94' lang='lat' dir='ltr'><strong>in</strong></span> <span class='ocrx_word' id='word_1_174' title='bbox 553 2933 677 3008; x_wconf 88' lang='lat' dir='ltr'><strong>eadem</strong></span> <span class='ocrx_word' id='word_1_175' title='bbox 703 2931 884 3006; x_wconf 91' lang='lat' dir='ltr'><strong>obsidione</strong></span> <span class='ocrx_word' id='word_1_176' title='bbox 908 2953 968 3028; x_wconf 90' lang='lat' dir='ltr'><strong>per</strong></span> <span class='ocrx_word' id='word_1_177' title='bbox 992 2933 1148 3027; x_wconf 90' lang='lat' dir='ltr'><strong>quinque</strong></span> <span class='ocrx_word' id='word_1_178' title='bbox 1172 2933 1381 3028; x_wconf 86' lang='lat' dir='ltr'><strong>septimanas</strong></span> <span class='ocrx_word' id='word_1_179' title='bbox 1409 2955 1530 3030; x_wconf 87' lang='lat' dir='ltr'><strong>parum</strong></span> <span class='ocrx_word' id='word_1_180' title='bbox 1552 2934 1632 3030; x_wconf 89' lang='lat' dir='ltr'><strong>plus</strong></span> <span class='ocrx_word' id='word_1_181' title='bbox 1660 2934 1715 3006; x_wconf 89' lang='lat' dir='ltr'><strong>vel</strong></span> 
     </span>
     <span class='ocr_line' id='line_1_20' title="bbox 301 3053 1717 3152; baseline 0.001 -24"><span class='ocrx_word' id='word_1_182' title='bbox 301 3057 435 3149; x_wconf 90' lang='lat' dir='ltr'><strong>minus,</strong></span> <span class='ocrx_word' id='word_1_183' title='bbox 456 3065 491 3130; x_wconf 89' lang='lat' dir='ltr'><strong>et</strong></span> <span class='ocrx_word' id='word_1_184' title='bbox 508 3058 545 3129; x_wconf 95' lang='lat' dir='ltr'><strong>in</strong></span> <span class='ocrx_word' id='word_1_185' title='bbox 563 3057 729 3130; x_wconf 88' lang='lat' dir='ltr'><strong>comitatu</strong></span> <span class='ocrx_word' id='word_1_186' title='bbox 744 3055 901 3150; x_wconf 89' lang='lat' dir='ltr'><strong>ejusdem</strong></span> <span class='ocrx_word' id='word_1_187' title='bbox 926 3053 1075 3128; x_wconf 86' lang='lat' dir='ltr'><strong>civitatis</strong></span> <span class='ocrx_word' id='word_1_188' title='bbox 1098 3055 1191 3127; x_wconf 87' lang='lat' dir='ltr'><strong>stetit</strong></span> <span class='ocrx_word' id='word_1_189' title='bbox 1215 3078 1277 3152; x_wconf 90' lang='lat' dir='ltr'><strong>per</strong></span> <span class='ocrx_word' id='word_1_190' title='bbox 1297 3058 1386 3129; x_wconf 90' lang='lat' dir='ltr'><strong>duos</strong></span> <span class='ocrx_word' id='word_1_191' title='bbox 1405 3079 1557 3150; x_wconf 82' lang='lat' dir='ltr'><strong>menses,</strong></span> <span class='ocrx_word' id='word_1_192' title='bbox 1582 3067 1617 3130; x_wconf 88' lang='lat' dir='ltr'><strong>et</strong></span> <span class='ocrx_word' id='word_1_193' title='bbox 1635 3066 1717 3130; x_wconf 89' lang='lat' dir='ltr'><strong>tunc</strong></span> 
     </span>
     <span class='ocr_line' id='line_1_21' title="bbox 301 3177 1716 3274; baseline 0.001 -22"><span class='ocrx_word' id='word_1_194' title='bbox 301 3180 521 3255; x_wconf 84' lang='lat' dir='ltr'><strong>concordiam</strong></span> <span class='ocrx_word' id='word_1_195' title='bbox 540 3181 619 3253; x_wconf 84' lang='lat' dir='ltr'><strong>lecit</strong></span> <span class='ocrx_word' id='word_1_196' title='bbox 644 3202 724 3252; x_wconf 89' lang='lat' dir='ltr'><strong>cnm</strong></span> <span class='ocrx_word' id='word_1_197' title='bbox 747 3179 810 3252; x_wconf 90' lang='lat' dir='ltr'><strong>eis.</strong></span> <span class='ocrx_word' id='word_1_198' title='bbox 831 3180 1023 3272; x_wconf 84' lang='lat' dir='ltr'><strong>Posteaque</strong></span> <span class='ocrx_word' id='word_1_199' title='bbox 1043 3177 1221 3252; x_wconf 89' lang='lat' dir='ltr'><strong>descendit</strong></span> <span class='ocrx_word' id='word_1_200' title='bbox 1247 3179 1292 3252; x_wconf 90' lang='lat' dir='ltr'><strong>ad</strong></span> <span class='ocrx_word' id='word_1_201' title='bbox 1312 3193 1424 3274; x_wconf 87' lang='lat' dir='ltr'><strong>partes</strong></span> <span class='ocrx_word' id='word_1_202' title='bbox 1445 3183 1585 3254; x_wconf 86' lang='lat' dir='ltr'><strong>Mantus</strong></span> <span class='ocrx_word' id='word_1_203' title='bbox 1602 3191 1636 3254; x_wconf 90' lang='lat' dir='ltr'><strong>et</strong></span> <span class='ocrx_word' id='word_1_204' title='bbox 1652 3183 1716 3254; x_wconf 86' lang='lat' dir='ltr'><strong>Ve-</strong></span> 
     </span>
     <span class='ocr_line' id='line_1_22' title="bbox 300 3301 1714 3400; baseline 0.001 -24"><span class='ocrx_word' id='word_1_205' title='bbox 300 3324 385 3376; x_wconf 89' lang='lat' dir='ltr'><strong>rone</strong></span> <span class='ocrx_word' id='word_1_206' title='bbox 407 3313 442 3376; x_wconf 91' lang='lat' dir='ltr'><strong>et</strong></span> <span class='ocrx_word' id='word_1_207' title='bbox 467 3301 726 3400; x_wconf 84' lang='lat' dir='ltr'><strong>transpadavit,</strong></span> <span class='ocrx_word' id='word_1_208' title='bbox 746 3313 793 3376; x_wconf 90' lang='lat' dir='ltr'><strong>et.</strong></span> <span class='ocrx_word' id='word_1_209' title='bbox 807 3301 865 3374; x_wconf 91' lang='lat' dir='ltr'><strong>die</strong></span> <span class='ocrx_word' id='word_1_210' title='bbox 888 3301 974 3376; x_wconf 86' lang='lat' dir='ltr'><strong>laeto</strong></span> <span class='ocrx_word' id='word_1_211' title='bbox 991 3303 1109 3375; x_wconf 87' lang='lat' dir='ltr'><strong>Sancti</strong></span> <span class='ocrx_word' id='word_1_212' title='bbox 1135 3301 1271 3374; x_wconf 89' lang='lat' dir='ltr'><strong>Martini</strong></span> <span class='ocrx_word' id='word_1_213' title='bbox 1298 3305 1458 3400; x_wconf 82' lang='lat' dir='ltr'><strong>proximo</strong></span> <span class='ocrx_word' id='word_1_214' title='bbox 1475 3305 1571 3377; x_wconf 90' lang='lat' dir='ltr'><strong>venit</strong></span> <span class='ocrx_word' id='word_1_215' title='bbox 1593 3305 1629 3376; x_wconf 94' lang='lat' dir='ltr'><strong>in</strong></span> <span class='ocrx_word' id='word_1_216' title='bbox 1655 3327 1714 3378; x_wconf 91' lang='lat' dir='ltr'><strong>co-</strong></span> 
     </span>
     <span class='ocr_line' id='line_1_23' title="bbox 300 3425 1713 3524; baseline 0.001 -24"><span class='ocrx_word' id='word_1_217' title='bbox 300 3427 421 3500; x_wconf 89' lang='lat' dir='ltr'><strong>mitatu</strong></span> <span class='ocrx_word' id='word_1_218' title='bbox 448 3427 622 3501; x_wconf 85' lang='lat' dir='ltr'><strong>Placentia</strong></span> <span class='ocrx_word' id='word_1_219' title='bbox 646 3427 683 3499; x_wconf 95' lang='lat' dir='ltr'><strong>in</strong></span> <span class='ocrx_word' id='word_1_220' title='bbox 714 3428 789 3500; x_wconf 88' lang='lat' dir='ltr'><strong>loco</strong></span> <span class='ocrx_word' id='word_1_221' title='bbox 813 3427 874 3521; x_wconf 90' lang='lat' dir='ltr'><strong>qui</strong></span> <span class='ocrx_word' id='word_1_222' title='bbox 905 3425 1086 3500; x_wconf 86' lang='lat' dir='ltr'><strong>Medianus</strong></span> <span class='ocrx_word' id='word_1_223' title='bbox 1114 3427 1306 3522; x_wconf 87' lang='lat' dir='ltr'><strong>lniquitatis</strong></span> <span class='ocrx_word' id='word_1_224' title='bbox 1333 3429 1476 3520; x_wconf 89' lang='lat' dir='ltr'><strong>dicitur,</strong></span> <span class='ocrx_word' id='word_1_225' title='bbox 1501 3450 1635 3524; x_wconf 88' lang='lat' dir='ltr'><strong>suaque</strong></span> <span class='ocrx_word' id='word_1_226' title='bbox 1664 3429 1713 3502; x_wconf 93' lang='lat' dir='ltr'><strong>ibi</strong></span> 
     </span>
     <span class='ocr_line' id='line_1_24' title="bbox 300 3539 1713 3647; baseline 0.001 -23"><span class='ocrx_word' id='word_1_227' title='bbox 300 3553 447 3625; x_wconf 90' lang='lat' dir='ltr'><strong>tentoria</strong></span> <span class='ocrx_word' id='word_1_228' title='bbox 471 3551 566 3643; x_wconf 82' lang='lat' dir='ltr'><strong>fixit,</strong></span> <span class='ocrx_word' id='word_1_229' title='bbox 583 3561 618 3625; x_wconf 88' lang='lat' dir='ltr'><strong>et</strong></span> <span class='ocrx_word' id='word_1_230' title='bbox 633 3551 773 3624; x_wconf 88' lang='lat' dir='ltr'><strong>obsides</strong></span> <span class='ocrx_word' id='word_1_231' title='bbox 797 3551 969 3624; x_wconf 81' lang='lat' dir='ltr'><strong>Placentia</strong></span> <span class='ocrx_word' id='word_1_232' title='bbox 996 3551 1108 3647; x_wconf 91' lang='lat' dir='ltr'><strong>primo</strong></span> <span class='ocrx_word' id='word_1_233' title='bbox 1134 3561 1216 3623; x_wconf 90' lang='lat' dir='ltr'><strong>tunc</strong></span> <span class='ocrx_word' id='word_1_234' title='bbox 1240 3551 1363 3624; x_wconf 90' lang='lat' dir='ltr'><strong>habuit</strong></span> <span class='ocrx_word' id='word_1_235' title='bbox 1384 3563 1419 3625; x_wconf 89' lang='lat' dir='ltr'><strong>et</strong></span> <span class='ocrx_word' id='word_1_236' title='bbox 1445 3539 1529 3624; x_wconf 86' lang='lat' dir='ltr'><strong>tunc</strong></span> <span class='ocrx_word' id='word_1_237' title='bbox 1555 3551 1713 3646; x_wconf 89' lang='lat' dir='ltr'><strong>ejusdem</strong></span> 
     </span>
     <span class='ocr_line' id='line_1_25' title="bbox 300 3673 1708 3769; baseline 0 -21"><span class='ocrx_word' id='word_1_238' title='bbox 300 3675 451 3748; x_wconf 88' lang='lat' dir='ltr'><strong>civitatis</strong></span> <span class='ocrx_word' id='word_1_239' title='bbox 465 3683 576 3749; x_wconf 84' lang='lat' dir='ltr'><strong>turres</strong></span> <span class='ocrx_word' id='word_1_240' title='bbox 594 3675 770 3749; x_wconf 90' lang='lat' dir='ltr'><strong>destruere</strong></span> <span class='ocrx_word' id='word_1_241' title='bbox 785 3674 877 3746; x_wconf 82' lang='lat' dir='ltr'><strong>feeit.</strong></span> <span class='ocrx_word' id='word_1_242' title='bbox 898 3673 1100 3769; x_wconf 81' lang='lat' dir='ltr'><strong>Eodemque</strong></span> <span class='ocrx_word' id='word_1_243' title='bbox 1114 3695 1204 3747; x_wconf 86' lang='lat' dir='ltr'><strong>anno</strong></span> <span class='ocrx_word' id='word_1_244' title='bbox 1222 3675 1344 3748; x_wconf 84' lang='lat' dir='ltr'><strong>civitas</strong></span> <span class='ocrx_word' id='word_1_245' title='bbox 1364 3675 1482 3751; x_wconf 90' lang='lat' dir='ltr'><strong>Laude</strong></span> <span class='ocrx_word' id='word_1_246' title='bbox 1498 3677 1611 3750; x_wconf 85' lang='lat' dir='ltr'><strong>lavata</strong></span> <span class='ocrx_word' id='word_1_247' title='bbox 1630 3677 1708 3748; x_wconf 85' lang='lat' dir='ltr'><strong>suit.</strong></span> 
     </span>
    </p>

    <p class='ocr_par' dir='ltr' id='par_1_8' title="bbox 350 3797 1714 3896">
     <span class='ocr_line' id='line_1_26' title="bbox 350 3797 1714 3896; baseline 0.001 -26"><span class='ocrx_word' id='word_1_248' title='bbox 350 3798 581 3896; x_wconf 87' lang='lat' dir='ltr'><strong>M.C.Lllllll‚</strong></span> <span class='ocrx_word' id='word_1_249' title='bbox 591 3821 709 3872; x_wconf 91' lang='lat' dir='ltr'><strong>mense</strong></span> <span class='ocrx_word' id='word_1_250' title='bbox 717 3797 882 3891; x_wconf 77' lang='lat' dir='ltr'><strong>ianuarii,</strong></span> <span class='ocrx_word' id='word_1_251' title='bbox 896 3797 953 3872; x_wconf 89' lang='lat' dir='ltr'><strong>die</strong></span> <span class='ocrx_word' id='word_1_252' title='bbox 962 3798 1201 3872; x_wconf 88' lang='lat' dir='ltr'><strong>Conversionis</strong></span> <span class='ocrx_word' id='word_1_253' title='bbox 1209 3800 1324 3871; x_wconf 91' lang='lat' dir='ltr'><strong>Sancti</strong></span> <span class='ocrx_word' id='word_1_254' title='bbox 1337 3799 1434 3871; x_wconf 89' lang='lat' dir='ltr'><strong>Pauli</strong></span> <span class='ocrx_word' id='word_1_255' title='bbox 1442 3797 1635 3896; x_wconf 79' lang='lat' dir='ltr'><strong>(l),Crema</strong></span> <span class='ocrx_word' id='word_1_256' title='bbox 1648 3800 1714 3872; x_wconf 87' lang='lat' dir='ltr'><strong>luit</strong></span> 
     </span>
    </p>
   </div>
   <div class='ocr_carea' id='block_1_5' title="bbox 339 3930 1487 4264">
    <p class='ocr_par' dir='ltr' id='par_1_9' title="bbox 339 3930 1487 4264">
     <span class='ocr_line' id='line_1_27' title="bbox 342 3930 1487 4054; baseline 0.008 -24"><span class='ocrx_word' id='word_1_257' title='bbox 342 3968 386 4050; x_wconf 86' lang='lat' dir='ltr'><strong>(a)</strong></span> <span class='ocrx_word' id='word_1_258' title='bbox 407 3973 443 4032; x_wconf 91' lang='lat' dir='ltr'><strong>ln</strong></span> <span class='ocrx_word' id='word_1_259' title='bbox 457 3973 556 4034; x_wconf 85' lang='lat' dir='ltr'><strong>codice</strong></span> <span class='ocrx_word' id='word_1_260' title='bbox 573 3969 704 4033; x_wconf 74' lang='lat' dir='ltr'><strong>Talium.</strong></span> <span class='ocrx_word' id='word_1_261' title='bbox 718 3974 765 4034; x_wconf 85' lang='lat' dir='ltr'><strong>Er</strong></span> <span class='ocrx_word' id='word_1_262' title='bbox 774 3980 860 4034; x_wconf 78' lang='lat' dir='ltr'><strong>tortu</strong></span> <span class='ocrx_word' id='word_1_263' title='bbox 873 3975 994 4035; x_wconf 84' lang='lat' dir='ltr'><strong>Joannls</strong></span> <span class='ocrx_word' id='word_1_264' title='bbox 1007 3973 1044 4034; x_wconf 90' lang='lat' dir='ltr'><strong>de</strong></span> <span class='ocrx_word' id='word_1_265' title='bbox 1058 3930 1167 4036; x_wconf 83' lang='lat' dir='ltr'><strong>Mussls</strong></span> <span class='ocrx_word' id='word_1_266' title='bbox 1179 3990 1287 4046; x_wconf 84' lang='lat' dir='ltr'><strong>nomen</strong></span> <span class='ocrx_word' id='word_1_267' title='bbox 1299 3976 1487 4054; x_wconf 80' lang='lat' dir='ltr'><strong>ecrrlgtmns.</strong></span> 
     </span>
     <span class='ocr_line' id='line_1_28' title="bbox 342 4073 1417 4158; baseline 0.006 -22"><span class='ocrx_word' id='word_1_268' title='bbox 342 4073 384 4157; x_wconf 83' lang='lat' dir='ltr'><strong>(b)</strong></span> <span class='ocrx_word' id='word_1_269' title='bbox 407 4075 454 4137; x_wconf 91' lang='lat' dir='ltr'><strong>lbl</strong></span> <span class='ocrx_word' id='word_1_270' title='bbox 466 4093 577 4138; x_wconf 92' lang='lat' dir='ltr'><strong>nomen</strong></span> <span class='ocrx_word' id='word_1_271' title='bbox 590 4081 733 4140; x_wconf 80' lang='lat' dir='ltr'><strong>omissum</strong></span> <span class='ocrx_word' id='word_1_272' title='bbox 745 4081 777 4140; x_wconf 90' lang='lat' dir='ltr'><strong>tn</strong></span> <span class='ocrx_word' id='word_1_273' title='bbox 789 4079 899 4140; x_wconf 83' lang='lat' dir='ltr'><strong>codice.</strong></span> <span class='ocrx_word' id='word_1_274' title='bbox 914 4078 1083 4158; x_wconf 75' lang='lat' dir='ltr'><strong>Legendom</strong></span> <span class='ocrx_word' id='word_1_275' title='bbox 1097 4095 1166 4141; x_wconf 85' lang='lat' dir='ltr'><strong>vero</strong></span> <span class='ocrx_word' id='word_1_276' title='bbox 1179 4075 1417 4142; x_wconf 77' lang='lat' dir='ltr'><strong>Medtclmcmcr.</strong></span> 
     </span>
     <span class='ocr_line' id='line_1_29' title="bbox 339 4178 597 4264; baseline 0.016 -24"><span class='ocrx_word' id='word_1_277' title='bbox 339 4178 378 4264; x_wconf 85' lang='lat' dir='ltr'><strong>(c)</strong></span> <span class='ocrx_word' id='word_1_278' title='bbox 404 4181 488 4244; x_wconf 82' lang='lat' dir='ltr'><strong>Alias</strong></span> <span class='ocrx_word' id='word_1_279' title='bbox 500 4181 597 4264; x_wconf 73' lang='lat' dir='ltr'><strong>napo.</strong></span> 
     </span>
    </p>
   </div>
   <div class='ocr_carea' id='block_1_6' title="bbox 311 4419 1492 4588">
    <p class='ocr_par' dir='ltr' id='par_1_10' title="bbox 311 4419 1492 4588">
     <span class='ocr_line' id='line_1_30' title="bbox 311 4419 1492 4498; baseline 0.003 -23"><span class='ocrx_word' id='word_1_280' title='bbox 311 4439 314 4447; x_wconf 96' lang='lat'><em>·</em></span> <span class='ocrx_word' id='word_1_281' title='bbox 336 4421 376 4491; x_wconf 80' lang='lat' dir='ltr'><strong>(t)</strong></span> <span class='ocrx_word' id='word_1_282' title='bbox 394 4419 657 4480; x_wconf 77' lang='lat' dir='ltr'><strong>LsSaint-ltsrnsbe</strong></span> <span class='ocrx_word' id='word_1_283' title='bbox 669 4420 1123 4498; x_wconf 75' lang='lat' dir='ltr'><strong>estlettjuin‚stenltltlett</strong></span> <span class='ocrx_word' id='word_1_284' title='bbox 1136 4421 1197 4496; x_wconf 83' lang='lat' dir='ltr'><strong>juin</strong></span> <span class='ocrx_word' id='word_1_285' title='bbox 1209 4423 1368 4482; x_wconf 75' lang='lat' dir='ltr'><strong>tombuit&#39;un</strong></span> <span class='ocrx_word' id='word_1_286' title='bbox 1379 4421 1492 4479; x_wconf 78' lang='lat' dir='ltr'><strong>semodi.</strong></span> 
     </span>
     <span class='ocr_line' id='line_1_31' title="bbox 336 4516 597 4588; baseline 0.015 -16"><span class='ocrx_word' id='word_1_287' title='bbox 336 4516 374 4588; x_wconf 71' lang='lat'><strong>(2)</strong></span> <span class='ocrx_word' id='word_1_288' title='bbox 392 4519 427 4572; x_wconf 80' lang='lat' dir='ltr'><strong>tto</strong></span> <span class='ocrx_word' id='word_1_289' title='bbox 439 4517 597 4576; x_wconf 83' lang='lat' dir='ltr'><strong>novembre.</strong></span> 
     </span>
    </p>
   </div>
   <div class='ocr_carea' id='block_1_7' title="bbox 298 4613 1714 4768">
    <p class='ocr_par' dir='ltr' id='par_1_11' title="bbox 298 4613 1714 4768">
     <span class='ocr_line' id='line_1_32' title="bbox 338 4613 1714 4694; baseline 0.005 -24"><span class='ocrx_word' id='word_1_290' title='bbox 338 4613 375 4688; x_wconf 79' lang='lat'><strong>(³)</strong></span> <span class='ocrx_word' id='word_1_291' title='bbox 393 4615 430 4671; x_wconf 78' lang='lat' dir='ltr'><strong>le</strong></span> <span class='ocrx_word' id='word_1_292' title='bbox 452 4615 527 4672; x_wconf 91' lang='lat' dir='ltr'><strong>lundi</strong></span> <span class='ocrx_word' id='word_1_293' title='bbox 547 4619 581 4672; x_wconf 73' lang='lat' dir='ltr'><strong>le</strong></span> <span class='ocrx_word' id='word_1_294' title='bbox 599 4616 667 4675; x_wconf 80' lang='lat' dir='ltr'><strong>avril</strong></span> <span class='ocrx_word' id='word_1_295' title='bbox 686 4619 766 4676; x_wconf 74' lang='lat' dir='ltr'><strong>alst.</strong></span> <span class='ocrx_word' id='word_1_296' title='bbox 779 4617 855 4677; x_wconf 81' lang='lat' dir='ltr'><strong>ctle</strong></span> <span class='ocrx_word' id='word_1_297' title='bbox 866 4633 981 4694; x_wconf 79' lang='lat' dir='ltr'><strong>passage</strong></span> <span class='ocrx_word' id='word_1_298' title='bbox 992 4619 1204 4694; x_wconf 80' lang='lat' dir='ltr'><strong>correspondent</strong></span> <span class='ocrx_word' id='word_1_299' title='bbox 1214 4619 1249 4678; x_wconf 91' lang='lat' dir='ltr'><strong>de</strong></span> <span class='ocrx_word' id='word_1_300' title='bbox 1262 4619 1289 4677; x_wconf 90' lang='lat' dir='ltr'><strong>la</strong></span> <span class='ocrx_word' id='word_1_301' title='bbox 1299 4617 1445 4692; x_wconf 89' lang='lat' dir='ltr'><strong>chronique</strong></span> <span class='ocrx_word' id='word_1_302' title='bbox 1456 4617 1564 4693; x_wconf 78' lang='lat' dir='ltr'><strong>publiea</strong></span> <span class='ocrx_word' id='word_1_303' title='bbox 1575 4618 1592 4676; x_wconf 81' lang='lat' dir='ltr'><strong>d</strong></span> <span class='ocrx_word' id='word_1_304' title='bbox 1604 4619 1631 4676; x_wconf 88' lang='lat' dir='ltr'><strong>la</strong></span> <span class='ocrx_word' id='word_1_305' title='bbox 1644 4618 1714 4677; x_wconf 87' lang='lat' dir='ltr'><strong>snite</strong></span> 
     </span>
     <span class='ocr_line' id='line_1_33' title="bbox 298 4709 1362 4768; baseline 0.005 0"><span class='ocrx_word' id='word_1_306' title='bbox 298 4709 335 4768; x_wconf 85' lang='lat' dir='ltr'><strong>ds</strong></span> <span class='ocrx_word' id='word_1_307' title='bbox 347 4711 463 4768; x_wconf 71' lang='lat' dir='ltr'><strong>calleci.</strong></span> <span class='ocrx_word' id='word_1_308' title='bbox 1284 4719 1286 4724; x_wconf 87' lang='lat'>&#39;</span> <span class='ocrx_word' id='word_1_309' title='bbox 1360 4719 1362 4726; x_wconf 83' lang='grc'>’</span> 
     </span>
    </p>
   </div>
   <div class='ocr_carea' id='block_1_8' title="bbox 336 4805 637 4882">
    <p class='ocr_par' dir='ltr' id='par_1_12' title="bbox 336 4805 637 4882">
     <span class='ocr_line' id='line_1_34' title="bbox 336 4805 637 4882; baseline 0.013 -18"><span class='ocrx_word' id='word_1_310' title='bbox 336 4805 374 4881; x_wconf 71' lang='lat' dir='ltr'><strong>(r)</strong></span> <span class='ocrx_word' id='word_1_311' title='bbox 394 4807 637 4882; x_wconf 73' lang='lat' dir='ltr'><strong>rejuvterueo.</strong></span> 
     </span>
    </p>
   </div>
   <div class='ocr_carea' id='block_1_9' title="bbox 0 0 2342 6066">
    <p class='ocr_par' dir='ltr' id='par_1_13' title="bbox 0 0 2342 6066">
     <span class='ocr_line' id='line_1_35' title="bbox 0 0 2342 6066; baseline 0 3"><span class='ocrx_word' id='word_1_312' title='bbox 0 0 2342 6066; x_wconf 95' lang='lat' dir='ltr'><strong> </strong></span> 
     </span>
    </p>
   </div>
  </div>
 </body>
</html>
