4676 6066
565 615 604 676 12
984 601 1225 666 cunculcou
1252 601 1554 666 PLACIIN'IINUII.

562 743 728 820 stanciam
752 741 892 814 amitam
914 737 965 834 (a)
981 737 1073 830 regis
1091 737 1262 810 Guillelmi
1288 737 1333 811 de
1353 737 1480 833 Apulia
1502 738 1538 810 in
1555 761 1681 811 nurum
1699 739 1745 836 (l)
1767 751 1802 814 et
1825 763 1971 816 uxorem

562 867 681 942 Aurici
704 866 797 958 regis
823 863 883 936 filii
910 863 984 954 sui,
1003 870 1038 934 et
1054 861 1177 932 babuit
1192 882 1239 932 ex
1262 883 1304 934 ea
1328 863 1407 956 plus
1434 861 1487 934 CL
1506 884 1616 957 equos
1639 863 1828 937 honoratos.
1842 867 1919 937 auri
1938 875 1973 938 et

561 991 696 1087 argenti
714 999 749 1062 et
774 987 984 1061 xamitorum
1002 995 1037 1056 et
1062 985 1232 1079 pallorum
1257 996 1293 1056 et
1317 985 1500 1079 grisiurum
1519 996 1555 1060 st
1575 989 1748 1060 variorum
1775 997 1809 1060 et
1826 989 1971 1061 aliarum

559 1115 730 1186 bonarum
747 1133 877 1182 rerum.
896 1109 939 1180 Et
958 1105 1004 1204 (c)
1023 1107 1059 1178 in
1078 1107 1198 1180 ultima
1216 1109 1400 1204 septembri
1423 1109 1568 1203 reliquie
1582 1111 1697 1182 Sancti
1715 1112 1816 1206 Syxti
1835 1115 1974 1184 luerunt

559 1237 700 1309 invente
715 1234 844 1306 Lavalo
860 1231 984 1304 subtus
1000 1231 1139 1302 tertium
1154 1233 1260 1304 altare
1282 1231 1327 1305 de
1347 1233 1563 1306 confessione
1580 1253 1703 1306 versus
1725 1255 1818 1324 sero,
1833 1245 1868 1307 et
1891 1245 1972 1309 tunc

558 1360 617 1433 via
634 1381 705 1454 que
723 1357 822 1430 vadit
833 1358 937 1449 juxta
951 1354 1130 1426 ecclcsIam
1149 1356 1271 1426 Sancte
1286 1354 1403 1428 Crucis
1422 1355 1467 1429 de
1484 1356 1625 1430 Fosusta
1640 1357 1705 1429 luit
1719 1367 1836 1452 aptatu
1850 1368 1885 1434 et
1897 1381 1971 1432 am·

558 1483 677 1578 pliata.
697 1482 740 1552 llt
763 1489 846 1552 tunc
860 1479 926 1550 luit
940 1479 1094 1551 maxima
1111 1477 1350 1552 habundantia
1367 1480 1461 1570 vini,
1478 1481 1530 1552 sic
1547 1481 1643 1576 quod
1666 1482 1814 1555 dabatur
1831 1484 1904 1554 vini
1920 1481 1971 1580 (d)

557 1606 676 1680 rezola
693 1605 738 1677 de
755 1604 896 1676 Folusta
912 1599 959 1698 (a)
972 1603 1059 1696 [pro]
1072 1603 1179 1673 XVIII
1191 1601 1342 1674 denariis
1359 1611 1395 1674 et
1408 1604 1485 1676 XVI
1500 1613 1534 1676 et
1549 1605 1651 1678 etiam
1664 1627 1727 1700 pro
1742 1607 1804 1677 Xll
1820 1605 1972 1680 denariis

559 1739 595 1802 et
612 1729 649 1800 in
667 1729 783 1800 Rizolo
807 1748 871 1822 pro
897 1726 1006 1797 tribus
1031 1726 1150 1799 solidIs
1168 1733 1203 1798 st
1228 1726 1264 1796 in
1285 1727 1412 1799 Sancto
1428 1729 1595 1800 Damiano
1620 1737 1656 1800 et
1681 1729 1718 1800 in
1736 1729 1884 1801 Turiano
1910 1751 1970 1825 pro

558 1863 707 1946 quatuor
720 1851 853 1941 solidis,
870 1860 905 1921 et
917 1849 1043 1920 sterius
1060 1849 1222 1921 frumenti
1237 1870 1297 1944 pro
1311 1851 1403 1922 XIIII
1419 1850 1583 1943 denariis,
1600 1861 1634 1924 et
1645 1852 1769 1924 sterius
1781 1853 1895 1924 sieuIIs
1909 1875 1970 1948 pro

558 1976 692 2066 decom,
705 1984 739 2047 et
752 1975 878 2046 storius
893 1974 1001 2068 spelte
1014 1995 1077 2067 pru
1092 1975 1248 2068 quinque
1265 1983 1301 2046 et
1321 1974 1519 2048 dimidium.
1531 1975 1595 2048 Die
1608 1971 1844 2072 veneris[X]V
1856 1976 1971 2048 lralen·

557 2097 827 2173 dasnovembris
837 2095 1059 2193 (l)proxImo
1068 2096 1208 2170 domina
1217 2097 1414 2170 Constantia
1425 2098 1546 2192 regina
1555 2119 1681 2192 sponsa
1692 2099 1785 2192 regis
1793 2097 1910 2170 Anrici
1920 2101 1971 2170 in·

556 2225 659 2298 travit
673 2221 894 2295 Placentiam.
910 2220 1040 2293 Eodem
1054 2242 1146 2294 anuo
1159 2222 1249 2293 circa
1263 2222 1430 2294 kalendas
1440 2221 1635 2295 decembris
1645 2223 1732 2296 obiit
1741 2245 1832 2319 papa
1846 2225 1970 2295 Lucius

555 2347 739 2419 et'levatus
753 2345 819 2415 luit
838 2365 929 2439 papa
950 2343 1109 2415 Urbanus
1123 2345 1183 2437 qui
1206 2354 1289 2415 tuno
1312 2354 1386 2417 erat
1400 2344 1680 2440 archiepiscopus
1691 2345 1892 2418 Mediolani.
1910 2346 1970 2418 DIe

553 2472 636 2543 lune
652 2471 697 2542 Vl
717 2467 885 2540 kalendas
904 2467 1067 2538 februarii
1091 2465 1145 2562 (2)
1164 2467 1200 2537 in
1221 2467 1361 2539 civitate
1387 2467 1571 2541 Mediolani
1589 2470 1795 2563 desponsata
1816 2469 1883 2541 luit
1904 2470 1969 2543 ista

554 2593 694 2666 domina
721 2613 782 2686 per
813 2611 930 2682 regem
955 2589 1135 2681 Enricum,
1164 2599 1199 2662 et
1225 2597 1407 2662 coronatus
1432 2591 1498 2660 init
1526 2591 1584 2662 ills
1607 2592 1754 2664 Ilnricus
1780 2601 1816 2664 et
1843 2612 1970 2686 sponsa

555 2715 728 2803 similiter;
745 2723 780 2784 ct
795 2713 854 2784 illo
867 2732 959 2784 anuo
969 2719 1120 2784 castrum
1132 2710 1176 2784 ds
1190 2712 1278 2785 ultra
1295 2710 1390 2784 Pado
1404 2712 1471 2783 fuit
1482 2713 1648 2784 levatum.

601 2839 647 2911 ll.
666 2837 703 2909 C.
721 2839 760 2908 L.
775 2836 932 2908 XXXVI.
948 2835 1062 2907 Prima
1085 2834 1279 2908 ebdomada
1297 2833 1426 2923 madii,
1445 2834 1648 2908 Fredericus
1676 2835 1861 2930 imperator
1889 2857 1969 2908 cum

553 2963 690 3036 carocio
708 2961 957 3033 Mediolanensi
975 2969 1104 3032 etcum
1123 2961 1283 3032 omnibus
1297 2961 1465 3034 militibus
1478 2971 1513 3033 et
1528 2959 1718 3055 peditibus,
1730 2983 1809 3033 cum
1818 2959 1969 3034 Alexan·

554 3086 664 3159 drinis
679 3093 713 3158 et
729 3083 968 3158 laudensibus
985 3093 1020 3155 et
1037 3083 1249 3156 Cremasohis
1274 3093 1309 3156 et
1326 3105 1407 3156 cum
1429 3083 1589 3156 ducentis
1610 3084 1779 3157 militibus
1798 3086 1968 3158 Placentia

554 3219 588 3283 et
608 3230 688 3282 oum
710 3207 830 3303 paucis
850 3207 1018 3278 militibus
1035 3207 1208 3294 BononIe,
1227 3207 1359 3279 llutiue
1373 3216 1408 3279 et
1427 3207 1524 3300 Regii
1540 3215 1576 3280 et
1601 3207 1722 3280 Parme
1740 3219 1776 3280 st
1792 3209 1966 3282 Vercella-

554 3357 631 3406 rum
649 3342 683 3406 ct
695 3331 869 3422 Terdone,
888 3331 1058 3425 equitavit
1074 3331 1110 3402 in
1123 3331 1286 3403 comitatu
1303 3331 1487 3421 Cremona,
1503 3340 1539 3404 st
1552 3330 1750 3404 devastavit
1765 3333 1883 3404 omnia
1898 3353 1968 3426 que

554 3457 666 3554 potnit
690 3457 780 3528 circa
810 3455 1004 3526 Snncinum
1028 3462 1063 3526 et
1087 3454 1243 3548 pervenit
1268 3453 1315 3525 ad
1338 3465 1487 3526 castrum
1515 3454 1706 3546 Manlredi,
1727 3476 1797 3528 non
1821 3457 1965 3528 mullum

554 3584 695 3676 longua
714 3581 854 3668 Cremu,
874 3589 909 3651 et
924 3578 1058 3650 obsedit
1075 3578 1183 3668 illnd;
1202 3588 1237 3650 et
1265 3578 1301 3648 in
1330 3579 1388 3652 die
1406 3577 1579 3651 dominico
1596 3588 1718 3651 octavo
1735 3581 1864 3651 mensis
1877 3579 1966 3671 junii

554 3708 651 3780 lucta·
670 3715 730 3778 est·
753 3703 939 3776 concordia
969 3704 1058 3776 inter
1088 3704 1202 3798 ipsum
1224 3703 1464 3797 imperatorem
1492 3713 1528 3776 et
1549 3705 1812 3795 Cremonenses,
1831 3715 1865 3776 et
1882 3703 1968 3777 des-

555 3839 704 3905 truotum
722 3839 755 3901 et
773 3826 990 3900 combustum
1009 3827 1073 3899 luit
1091 3825 1178 3899 illud
1197 3835 1367 3915 castrum,
1386 3837 1421 3900 et
1438 3829 1519 3901 fecit
1538 3828 1587 3900 ibi
1602 3826 1676 3900 lieri
1695 3837 1842 3900 castrum
1860 3827 1967 3920 liguo-

563 3998 567 4008 ·
593 3977 633 4058 (a)
653 3979 690 4040 ln
708 3977 808 4038 codice
820 3976 954 4036 nmmum.

599 4081 639 4163 (b)
655 4085 698 4144 ¹ln
711 4083 812 4144 codlcs
823 4082 930 4144 citum

600 4188 638 4270 (c)
663 4189 699 4250 In
718 4189 818 4250 codice
836 4195 890 4250 cat.

600 4294 642 4377 (d)
663 4297 699 4358 In
716 4296 816 4356 codice
828 4296 872 4355 iu.

600 4403 639 4484 (c)
665 4401 726 4476 Sic,
741 4401 793 4462 scd
806 4417 896 4479 supra
903 4400 1046 4476 Fuscum
1059 4399 1184 4477 aploh.
1200 4400 1237 4460 de
1251 4401 1360 4462 Mussis
1375 4398 1410 4460 de
1422 4401 1567 4461 Faueria.

596 4614 632 4688 (4)
650 4612 672 4670 44
686 4611 745 4668 faut
757 4611 805 4668 lIrc
819 4615 853 4667 48
868 4610 987 4667 octobre.
1000 4610 1036 4666 Le
1050 4611 1066 4664 5
1078 4610 1126 4667 des
1137 4609 1265 4668 kalendas
1273 4609 1307 4667 de
1321 4609 1467 4668 novembre
1478 4610 1523 4681 (28
1535 4608 1635 4681 octob.)
1646 4608 1761 4667 tombait
1772 4625 1809 4667 un
1820 4609 1904 4668 luudi.

593 4710 627 4786 (2)
646 4711 683 4768 Is
694 4709 769 4766 lundl
781 4711 816 4765 27
831 4707 937 4782 januler
951 4711 1031 4764 4486.
1045 4708 1112 4764 Date
1123 4713 1224 4766 sxacoe.
