4534 6074
583 612 625 674 *18
1004 607 1245 672 cfluoutcou
1268 608 1570 672 runcuurtrtutt

584 758 653 822 tres
667 767 777 820 annos
793 743 846 842 (t)
869 763 1124 842 perseverarem
1151 745 1270 819 habito
1288 767 1429 841 qnoque
1446 744 1609 818 oonsoilio
1626 743 1781 816 virorum
1804 743 2001 838 sapientum

583 882 619 948 et
637 871 894 964 religiosorum,
915 891 994 942 cum
1012 877 1081 942 tam
1101 891 1228 962 magna
1249 869 1402 964 nequitie
1421 891 1463 942 ao
1481 867 1627 964 perfidie
1645 889 1714 940 non
1730 876 1822 941 esset
1838 868 2002 962 adquies-

585 996 752 1085 oendum,
774 994 915 1066 nuntios
942 1015 1025 1066 suos
1054 1015 1116 1089 per
1143 993 1346 1068 universum
1369 993 1499 1067 direxit
1526 993 1731 1089 imperium,
1761 993 1913 1066 eundem
1938 1013 2002 1065 ax·

585 1119 878 1192 communicatum
906 1127 940 1188 et
966 1117 1157 1192 hereticum
1187 1117 1397 1192 denotando.
1428 1118 1556 1192 Omnes
1580 1137 1665 1190 vero
1693 1117 1811 1211 aliqua
1836 1116 2003 1190 fidelitate

585 1244 758 1334 subjectos
780 1250 814 1311 et
837 1240 976 1312 vinoulo
1002 1241 1207 1314 sacramenti
1232 1239 1348 1314 eidem
1370 1241 1499 1314 effictos
1523 1241 1661 1338 penitus
1687 1241 1838 1313 absolvit
1858 1250 1894 1312 at
1915 1241 2001 1314 deli·

586 1365 733 1437 beravit.
753 1362 839 1434 Cum
869 1383 1026 1434 summus
1050 1362 1206 1456 pontifex
1231 1371 1454 1457 eognosoeret
1479 1362 1649 1458 spirituali
1679 1362 1795 1456 gladio
1812 1360 1865 1460 (a)
1885 1373 2004 1438 oontm

587 1486 767 1582 perfidiam
791 1505 833 1556 ao
860 1485 1051 1578 nequitiam
1074 1485 1290 1580 imperatoris
1316 1508 1421 1558 suum
1447 1487 1591 1560 minime
1611 1507 1714 1582 posse
1738 1507 1903 1559 exercere
1927 1487 2003 1559 offi-

587 1613 697 1700 cium,
722 1609 1115 1680 excommunicationem
1140 1617 1175 1680 et
1195 1609 1360 1684 mandata
1384 1618 1502 1683 saneta
1517 1611 1670 1682 llomane
1688 1609 1840 1682 lloclesia
1862 1610 2005 1682 minima

587 1736 711 1808 timens
734 1733 828 1828 (sab),
852 1731 971 1804 habito
996 1755 1135 1827 quoque
1158 1734 1323 1806 conscilio
1346 1734 1498 1806 uirorum
1522 1733 1721 1828 sapientum
1743 1733 1946 1806 elericorum
1969 1741 2006 1806 et

587 1859 774 1946 laicorum,
801 1855 1016 1927 auxiliuma
1043 1866 1160 1930 sancte
1181 1859 1334 1930 Romano
1360 1856 1521 1930 Ecclesia·
1540 1855 1703 1929 fidelibus
1724 1857 1913 1951 postulavit
1936 1856 2001 1951 (b),

587 2002 668 2074 oum
686 1980 731 2050 sit
745 1979 906 2050 astrictus
924 1979 1006 2070 jura
1022 1987 1058 2051 et
1074 1979 1308 2074 possessiones
1325 1980 1478 2052 Romane
1497 1979 1650 2052 ilonlesie
1668 1978 1856 2057 defendere
1874 1990 1909 2052 at
1926 2001 2005 2053 ma-

588 2113 770 2175 nutenere.
797 2104 932 2174 lustum
954 2103 1047 2174 enim
1070 2111 1105 2174 et
1128 2103 1307 2197 ydoneum
1325 2102 1466 2175 videtur
1485 2103 1642 2176 resistere
1664 2104 1816 2197 superbo
1835 2125 1882 2174 ne
1900 2105 2007 2198 possit

591 2225 1322 2320 superbiamsuamexereere;etquondam
1330 2223 2007 2322 sapiens:uRespondenslaic)stultose·

590 2351 744 2422 cundum
759 2349 936 2421 stultitiam
951 2371 1050 2421 suam
1067 2369 1111 2420 na
1125 2348 1194 2421 sibi
1208 2347 1368 2422 videatur
1382 2348 1521 2442 sapiens
1534 2375 1571 2439 »3
1588 2357 1622 2420 et
1635 2348 1718 2420 alibi
1739 2375 1747 2418 :
1769 2374 1787 2417 u
1806 2350 1941 2420 Bonum
1955 2357 2009 2420 est

590 2473 747 2546 resistere
766 2473 877 2544 aliena
896 2472 1127 2566 rapientibus,
1158 2491 1203 2542 ne
1226 2493 1274 2544 ex
1297 2470 1552 2544 consuetudine
1573 2471 1685 2542 simile
1707 2471 1822 2542 faeiat
1844 2473 2009 2566 Raptores

591 2597 693 2670 etiam
716 2617 760 2668 ne
784 2597 830 2666 ab
849 2596 925 2666 aliis
943 2594 1088 2668 timendi
1105 2594 1173 2666 sint
1193 2595 1324 2688 castiga
1344 2603 1379 2666 et
1406 2594 1542 2666 oobibe.
1566 2617 1585 2662 n
1608 2594 1693 2666 ltom
1720 2620 1729 2664 ι
1752 2619 1771 2663 α
1791 2595 1844 2667 No
1868 2595 2009 2689 patiaris

593 2717 800 2790 maleficium
817 2719 948 2790 vivere.
970 2718 1192 2790 »Postulavit
1206 2717 1313 2812 igitur
1336 2737 1493 2790 summus
1509 2717 1667 2812 pontifex
1691 2738 1712 2789 a
1732 2717 1924 2790 rectoribus
1947 2739 2010 2791 so-

593 2841 727 2914 cietatis
743 2841 950 2914 Lombardie
969 2841 1116 2912 militum
1134 2840 1330 2914 subsidium
1341 2861 1465 2924 mense
1478 2841 1678 2938 septembri,
1696 2841 1758 2936 qui
1772 2863 1853 2913 num
1870 2841 1917 2914 ad
1932 2844 2010 2934 ejus

594 2964 800 3060 presentiam
827 2964 1010 3058 pervenire
1037 2972 1072 3037 et
1094 2965 1226 3038 ratione
1253 2972 1371 3040 sancte
1396 2963 1513 3038 blatris
1545 2965 1698 3038 Emissis
1724 2966 1938 3060 protegenda
1976 2973 2011 3038 at

597 3085 853 3160 manutenenda
869 3085 915 3182 (c)
933 3095 1049 3158 aetum
1074 3095 1183 3160 estet
1205 3096 1372 3160 statutum
1395 3087 1625 3162 abactoribus
1648 3087 1802 3183 prsrliote
1823 3090 2008 3162 societatis.

596 3211 639 3282 Et
658 3221 742 3282 tuno
760 3211 915 3305 quelibet
937 3208 1077 3300 civitas,
1095 3219 1199 3304 prout
1220 3211 1253 3284 ei
1273 3219 1439 3284 statutum
1465 3211 1550 3304 luit,
1577 3233 1689 3306 usqua
1710 3210 1757 3285 ad
1785 3233 1851 3284 sex
1876 3233 2012 3286 menses

598 3332 682 3405 dare
713 3333 866 3428 promisit
897 3340 932 3404 et
965 3331 1083 3404 statuit
1110 3331 1158 3406 ad
1189 3333 1381 3406 eommunis
1413 3334 1600 3427 cujuslibet
1634 3335 1784 3410 civitatis
1820 3357 2009 3436 expensasp

597 3478 747 3550 cumque
773 3455 839 3550 ipsi
866 3455 992 3526 milites
1012 3454 1113 3548 equis
1139 3463 1174 3527 at
1192 3456 1297 3529 armis
1316 3467 1351 3530 et
1369 3457 1582 3531 indumentis
1597 3467 1633 3531 et
1649 3461 1860 3533 ornamentis
1877 3462 2014 3556 pretio-

599 3579 744 3652 sissimis
769 3579 910 3672 egregie
935 3586 969 3650 et
995 3577 1157 3650 decenter
1178 3587 1292 3652 essent
1306 3581 1499 3676 preparati,
1517 3581 1697 3656 eredentes
1722 3584 1852 3657 fortiter
1877 3585 1924 3660 ad
1948 3585 2013 3660 do·

599 3703 684 3774 mini
709 3722 798 3797 pape
816 3702 950 3774 curiam
972 3700 1137 3774 secedere
1159 3701 1305 3794 debere,
1329 3703 1424 3776 misit
1449 3705 1588 3777 nuntios
1612 3725 1695 3779 snos
1715 3715 1755 3778 ut
1779 3729 1817 3780 sa
1845 3709 2015 3786 sustinere

600 3824 765 3898 deberent
788 3825 900 3898 donee
925 3822 970 3896 de
994 3826 1071 3917 ojus
1090 3823 1194 3898 inerit
1213 3825 1391 3900 voluntate
1412 3835 1448 3900 et
1464 3837 1639 3924 praeopto.

644 4024 687 4104 (a)
708 4027 744 4086 In
757 4025 856 4085 codiee
871 4021 1001 4104 spiritali
1011 4023 1128 4106 quadiu.

645 4129 686 4210 (b)
705 4131 741 4191 ln
754 4130 854 4191 codice
862 4127 1036 4210 postularat.

645 4235 685 4316 (r)
703 4235 800 4298 Locus
812 4238 844 4296 tn
858 4235 959 4298 oudino
971 4237 1048 4298 mals
1061 4237 1255 4314 bmssrlptus
1267 4233 1316 4297 rsl
1328 4234 1463 4298 mutilus.

641 4605 677 4680 (r)
695 4605 756 4663 ceci
768 4605 838 4662 n'est
848 4619 898 4678 pas
910 4609 997 4678 exact,
1010 4603 1163 4680 puisqusln
1178 4604 1309 4678 premiere
1320 4606 1579 4668 exeommuniestion
1589 4605 1624 4664 ds
1635 4603 1796 4679 l'empersur
1805 4613 1848 4668 est
1858 4607 1895 4664 du
1904 4609 1937 4666 29
1949 4621 2018 4680 sep-

605 4701 709 4760 tembre
722 4702 803 4760 ⁴227.
