4534 6074
603 595 671 659 '126
1082 607 1325 670 canonicatu
1348 609 1400 670 llll
1424 609 1554 673 REBUS

608 734 698 805 tulit'
712 755 855 831 corpora
872 740 1057 813 multorum
1082 747 1259 816 martirum
1286 756 1322 817 et
1351 747 1415 819 tria
1442 767 1585 842 corpora
1604 745 1708 818 trium
1725 767 1924 840 magorum,
1953 770 2024 840 que

607 858 724 929 omnia
751 858 926 934 Coloniam
948 867 1147 960 asportavit.
1168 869 1205 938 ln
1225 869 1384 964 proximo
1401 891 1521 941 mense
1539 869 1745 963 septembris
1763 867 1941 963 predictus
1957 867 2023 940 Ar·

608 981 734 1052 ualdus
749 983 836 1055 exiit
851 983 896 1057 de
912 986 1101 1078 Placentia,
1119 999 1154 1062 at
1173 1011 1214 1061 eo
1237 1011 1328 1062 anno
1342 991 1377 1060 in
1397 991 1481 1062 lesto
1497 989 1612 1062 Sancti
1627 989 1820 1080 Michaelis,
1837 991 2024 1086 imperator

607 1126 685 1175 cnm
717 1105 946 1201 Papiansibns
971 1111 1062 1205 capit
1092 1122 1127 1184 et
1157 1113 1333 1185 destruxit
1362 1112 1623 1206 Grontordtum,
1650 1111 1819 1204 Aroellas,
1843 1115 2019 1204 Planctus,

606 1239 755 1302 castrum
788 1232 1145 1325 ldontemventanum,
1178 1237 1449 1312 Montelaninum
1477 1247 1513 1312 et
1548 1237 1617 1309 alia
1648 1237 1798 1330 plurimu
1828 1249 1952 1310 castra.
1982 1240 2020 1310 ln

605 1353 763 1446 proximo
777 1375 895 1427 mense
905 1357 1068 1448 junuarii,
1080 1359 1263 1452 imperator
1277 1381 1357 1432 curn
1371 1383 1436 1433 sno
1449 1359 1606 1434 exercitu
1619 1357 1714 1454 apud
1728 1358 1871 1432 Barium
1885 1359 2019 1454 episco-

604 1484 705 1570 patus
723 1476 895 1550 Placentia
916 1489 1172 1554 castrametatus
1190 1484 1356 1579 yemavit.
1382 1484 1428 1556 bl.
1454 1483 1492 1556 C.
1511 1483 1634 1571 LXVl,
1659 1503 1778 1554 mense
1799 1483 2018 1574 novembris,

603 1597 787 1694 imperator
804 1602 1042 1676 lombardiam
1063 1605 1161 1701 petiit
1186 1617 1221 1679 et
1243 1608 1346 1698 juxta
1368 1609 1374 1705 Ι
1396 1608 1568 1696 Brixiam,
1585 1605 1723 1678 castella
1739 1615 1775 1677 et
1791 1605 1892 1678 villas
1907 1628 2021 1701 usque

601 1721 647 1794 ad
672 1724 799 1796 fossata
816 1723 1011 1798 devastavit
1027 1737 1062 1798 et
1085 1727 1131 1800 de
1149 1729 1374 1802 nobilioribus
1407 1731 1498 1803 illius
1526 1729 1677 1802 civitatis
1703 1729 1762 1801 LX
1785 1728 1927 1803 obsides
1952 1731 2019 1804 Pa·

600 1847 693 1943 piam
723 1850 828 1921 misit.
857 1851 1137 1942 Pergamensium
1161 1874 1303 1948 quoqne
1330 1853 1567 1949 episcopatum
1586 1851 1759 1946 usquead
1776 1861 1928 1924 montem
1946 1852 2018 1926 de-

600 1972 762 2043 vastavit.
791 1972 834 2044 Ilt
864 1971 947 2044 inde
984 1983 1136 2046 semotus
1173 1997 1291 2048 mense
1331 1976 1494 2049 februarii
1534 1975 1685 2072 proximi
1719 1975 1810 2048 circa
1841 1975 2016 2048 civitatem

598 2093 752 2168 Bononia
769 2095 979 2187 devastavit,
999 2107 1033 2169 et
1048 2097 1073 2169 C
1091 2097 1231 2171 obsides
1248 2108 1283 2171 et
1308 2099 1352 2170 lll
1380 2099 1415 2170 bl
1440 2100 1545 2171 libras
1572 2097 1846 2172 Bononiensibus
1863 2099 1915 2171 ais
1933 2100 2016 2171 abs·

599 2219 689 2290 tulit.
710 2220 755 2290 Et
777 2229 957 2315 propterea
983 2219 1139 2292 civitates
1163 2221 1301 2294 biarche
1319 2223 1422 2294 simul
1437 2224 1451 2315 j
1457 2231 1659 2312 uraverunt,
1677 2229 1711 2294 et
1728 2221 1779 2294 CC
1797 2221 1844 2293 da
1859 2223 2015 2313 burgen·

598 2342 694 2414 sibus
718 2343 796 2413 tulit
823 2365 912 2437 quos
937 2344 1077 2438 Papiam
1108 2345 1235 2416 direxit
1265 2345 1505 2418 incarceratos.
1536 2345 1584 2418 bl.
1610 2344 1648 2416 C.
1667 2345 1804 2436 LXVII,
1834 2343 1891 2416 dle
1919 2346 2016 2436 J'ovis

598 2465 658 2538 llll
686 2465 852 2538 kalendas
880 2466 1008 2558 madii,
1030 2467 1188 2554 civitates
1212 2465 1418 2540 lombardia
1445 2466 1585 2538 insimul
1613 2465 1833 2538 concordiam
1857 2465 2015 2536 iecerunt

595 2599 631 2662 et
654 2588 929 2661 Mediolanenses
951 2589 1063 2662 statim
1081 2591 1174 2662 intus
1192 2591 1367 2662 civitatem
1392 2589 1571 2662 redierunt
1588 2596 1623 2660 st
1639 2587 1831 2661 Terdonam
1848 2585 2013 2660 rehedifi-

471 2752 475 2760 ·
596 2722 763 2784 caverunt
791 2721 896 2806 atque
934 2712 1107 2785 civitatem
1142 2711 1391 2786 Alexandriam
1423 2710 1709 2785 bedilicavernnt.
1747 2708 1879 2782 Eodem
1918 2731 2014 2784 anno

595 2859 713 2910 mensa
733 2836 839 2930 junii,
857 2837 1037 2910 cancelarii
1056 2837 1269 2932 imperatoris
1285 2837 1418 2932 preliati
1442 2845 1523 2909 sunt
1545 2858 1624 2910 oum
1642 2835 1805 2908 Romanis
1819 2843 1904 2930 aput
1921 2835 2011 2907 Tus·

594 2960 752 3033 aulanam
780 2960 919 3034 duabus
936 2961 1085 3050 vicibus,
1106 2959 1289 3056 inquibus
1309 2959 1360 3056 (a)
1377 2961 1481 3056 prelis
1495 2961 1575 3056 plns
1591 2958 1702 3031 tribus
1724 2958 1867 3030 milibus
1880 2957 2012 3030 Roma·

594 3105 718 3157 norum
738 3085 933 3180 interempti
949 3095 1041 3158 sunt.
1058 3086 1246 3180 imperator
1267 3105 1351 3156 varo
1368 3083 1570 3156 Fredaricns
1583 3083 1644 3176 qni
1666 3091 1751 3176 aput
1766 3080 1945 3154 Anconam
1958 3079 2010 3176 (b)

592 3207 728 3301 aderat,
746 3209 811 3283 heo
828 3207 974 3282 audiens
987 3209 1036 3283 ita
1054 3217 1169 3301 gesta,
1191 3230 1270 3280 curn
1287 3229 1352 3279 sno
1370 3207 1526 3278 exercitu
1540 3207 1684 3278 Romam
1704 3205 1858 3299 perrexit
1874 3225 2012 3298 suaque

592 3341 702 3406 castra
726 3354 772 3404 ex
791 3341 887 3429 parte
909 3333 1052 3406 ecclesie
1069 3333 1165 3404 Beati
1186 3332 1276 3403 Patri
1293 3331 1408 3427 posuit
1423 3329 1653 3423 eamdemque
1668 3329 1850 3400 ecclesiam
1865 3327 2011 3399 combu-

591 3477 667 3529 rere
693 3456 783 3529 lecit.
815 3455 946 3528 interca
977 3454 1157 3528 descendit
1184 3476 1289 3552 super
1314 3477 1374 3527 eos
1399 3453 1520 3550 pluvia
1548 3473 1619 3548 que
1650 3451 1842 3548 appellatur
1870 3451 2009 3525 Bazobo

591 3600 708 3652 mense
724 3580 882 3674 augusti,
898 3578 993 3650 unde
1008 3599 1136 3673 magna
1161 3578 1258 3675 copia
1283 3577 1457 3650 exercitus
1483 3575 1699 3672 imperatoris
1716 3573 1887 3648 infirmata
1903 3575 2005 3647 obiit.

590 3703 776 3798 imperator
791 3713 907 3776 auwm
924 3725 1004 3774 cum
1033 3703 1099 3774 illis
1118 3703 1178 3798 qui
1203 3701 1473 3797 supervixerunt
1491 3701 1593 3774 motis
1610 3701 1732 3773 castris
1759 3719 1822 3794 per
1844 3699 2007 3772 Tusciam

589 3835 623 3898 et
641 3836 841 3898 montaneas
857 3825 1027 3899 Placentia
1053 3845 1133 3897 cnm
1161 3825 1359 3897 marchione
1380 3824 1569 3920 blalaspina
1583 3823 1725 3918 Papiam
1742 3822 1898 3896 accessit.
1918 3822 2006 3895 Cum

588 3957 705 4020 antem
718 3949 903 4044 imperator
916 3970 978 4044 per
992 3959 1194 4023 montaneas
1203 3942 1310 4047 [cum]
1324 3946 1523 4020 marchione
1537 3947 1696 4020 transiret
1703 3944 1763 4042 (c),
1777 3945 1931 4019 videndo
1944 3967 2008 4019 aas

588 4081 657 4144 tam
671 4093 811 4167 asperas
826 4081 861 4144 et
882 4081 1012 4145 erectas
1029 4073 1119 4146 dixit
1135 4071 1200 4167 ipsi
1217 4070 1408 4144 marchioni
1424 4069 1601 4164 quomodo
1616 4069 1759 4142 vivebat
1782 4069 1817 4140 in
1841 4069 1910 4142 illis
1925 4091 2006 4166 par·

587 4196 680 4268 tibus
694 4195 756 4268 ubi
777 4195 826 4267 nil
847 4195 1029 4269 fertilitatis
1049 4217 1125 4268 esse
1149 4193 1346 4268 videbatur.
1365 4193 1516 4266 Marchio
1532 4202 1647 4264 autem
1664 4191 1843 4287 respondit
1858 4193 1891 4263 ei
1907 4191 2006 4286 quod

628 4499 668 4582 (a)
690 4503 726 4563 In
741 4501 841 4563 codice
852 4501 887 4561 in
898 4519 962 4582 quc.

627 4605 669 4688 (b)
688 4609 724 4668 In
738 4607 838 4670 codice
851 4607 1010 4669 Actorum.

627 4713 663 4793 (c)
685 4714 721 4776 ln
733 4715 834 4778 codice
849 4715 1013 4777 macerer.
