4534 6074
608 663 667 724 110
1078 664 1322 726 cuuorttcou
1344 665 1397 727 llll
1420 665 1549 729 RMBUS

604 800 764 895 quinque
782 807 906 874 stratas
928 801 1077 897 amplam
1102 801 1293 896 quamlibet
1311 802 1359 896 (o)
1374 803 1434 876 Lx
1454 801 1687 876 brachiorum.
1707 802 1792 876 Cum
1818 813 1935 878 autem
1958 805 2019 878 Pa·

606 923 743 1018 pienses
771 922 963 998 uoluissent
991 925 1177 999 observare
1210 936 1371 1022 precepta
1396 927 1480 1000 dicti
1504 927 1659 1022 magistri
1690 927 1870 1020 Guitelmi,
1905 950 2022 1004 mense

604 1045 745 1140 augusti
775 1046 945 1142 proximi,
965 1048 1122 1144 quinque
1147 1059 1245 1145 porte
1272 1049 1458 1124 Mediolani
1489 1051 1579 1124 ultra
1604 1051 1761 1124 Ticinum
1792 1053 2022 1148 privatissime

604 1170 851 1264 equitaverunt
872 1180 907 1243 et
928 1171 1095 1267 albergati
1113 1183 1195 1244 sunt
1216 1172 1312 1269 apud
1336 1174 1525 1247 Lomellum
1544 1172 1631 1247 illud
1651 1173 1935 1267 rehedilicautes,
1954 1187 2022 1252 ste·

605 1302 789 1387 teruntque
808 1293 856 1366 ibi
875 1316 1064 1390 perunum
1082 1317 1237 1369 mensem
1253 1295 1423 1393 capiendo
1440 1305 1476 1369 et
1499 1297 1709 1370 destruendo
1732 1299 1870 1372 castella
1891 1309 1927 1373 ct
1948 1301 2022 1374 loca

604 1417 846 1513 Papiensium,
872 1441 985 1513 usque
1008 1419 1053 1492 ad
1068 1418 1313 1494 Gravadonum
1330 1418 1392 1518 (l),
1413 1430 1448 1494 et
1465 1419 1549 1493 inde
1570 1422 1692 1494 semoti
1717 1418 1762 1518 (c)
1786 1423 1903 1496 relicte
1927 1425 2022 1496 suffi-

605 1539 709 1613 cienti
729 1538 886 1613 custodia
912 1541 1053 1614 domurn
1077 1543 1206 1616 reversi
1224 1553 1317 1616 eunt.
1338 1543 1383 1615 llt
1400 1563 1443 1615 eo
1457 1551 1612 1638 tempore
1632 1541 1906 1618 Mediolanenses
1924 1544 2023 1618 hedi-

607 1663 743 1738 licendo
761 1673 889 1755 turres,
911 1687 1028 1738 muros
1050 1675 1086 1739 et
1111 1667 1249 1740 castella
1276 1665 1425 1758 Galiate,
1456 1667 1596 1739 Treoate
1616 1677 1650 1738 et
1674 1667 1825 1740 Mortem
1850 1667 2019 1759 Murrum,

605 1789 755 1860 Maleum
778 1799 813 1862 et
838 1789 1029 1862 Cararctam
1055 1789 1106 1888 (d)
1129 1803 1164 1862 et
1181 1791 1293 1863 Cornu
1316 1799 1351 1863 et
1374 1788 1637 1864 rehedilicautee
1665 1789 1860 1864 Terdonam
1891 1803 1929 1866 et
1956 1795 2022 1867 lo·

605 1913 765 2002 mellum,
786 1923 1023 1986 construentes
1045 1923 1166 2008 pontes
1184 1937 1289 2010 super
1307 1914 1464 1986 Ticinum
1487 1923 1523 1986 et
1539 1912 1723 2007 Adduam,
1749 1916 1893 2012 insuper
1912 1926 2024 1990 custo-

606 2035 740 2110 dientes
760 2035 797 2106 in
822 2036 1014 2108 montaneis
1042 2039 1198 2132 partibus
1221 2037 1405 2110 ltochetam
1427 2036 1472 2109 de
1497 2037 1634 2110 Leucho
1656 2048 1692 2112 et
1714 2049 1825 2112 turres
1846 2037 2024 2136 Ardengo-

605 2182 683 2231 rum
700 2156 744 2255 (e)
760 2168 795 2232 et
813 2169 975 2254 ceperant
996 2160 1107 2256 ripam
1133 2161 1249 2232 Sancti
1272 2161 1408 2252 Vitalis,
1426 2160 1576 2234 Arenam
1596 2160 1653 2258 (s)
1669 2171 1703 2236 et
1725 2163 1795 2236 alia
1816 2164 1926 2238 multa
1952 2166 2024 2237 loca

607 2285 734 2357 fossata
762 2283 921 2356 faciendo
944 2283 1035 2356 circa
1054 2285 1228 2357 civitatem
1256 2283 1303 2358 ad
1325 2293 1443 2380 postea
1461 2285 1497 2356 in
1516 2285 1702 2381 perniciem
1725 2308 1887 2360 reversus
1908 2297 1961 2360 est
1978 2287 2026 2383 (q)

606 2407 850 2502 expenderunt
866 2417 901 2479 et
921 2417 1211 2503 consumpserunt
1226 2408 1315 2479 ultra
1332 2407 1585 2502 quinquaginta
1604 2409 1697 2480 milia
1720 2431 1854 2481 marces
1875 2410 2022 2502 argenti.

607 2533 650 2605 Et
666 2541 743 2626 post
759 2531 839 2622 hec,
861 2552 954 2604 anno
971 2531 1070 2602 MC.
1087 2531 1205 2623 Lvlll,
1226 2531 1271 2603 Vl
1290 2529 1350 2603 die
1368 2530 1497 2602 mensis
1510 2529 1603 2620 julii,
1623 2530 1806 2624 imperator
1826 2527 2027 2602 Fredericus

608 2653 865 2727 secundarios
894 2655 1051 2726 venitin
1079 2653 1320 2727 Lombardiam
1350 2651 1398 2726 ad
1426 2661 1540 2748 partes
1569 2652 1702 2725 scilicet
1728 2655 1864 2726 Verona
1888 2663 1924 2726 et
1946 2653 2028 2726 inde

611 2779 778 2852 transiens
804 2801 867 2874 per
891 2780 967 2852 loca
992 2779 1087 2851 venit
1112 2779 1147 2850 in
1174 2779 1458 2871 Blancannugam
1483 2787 1519 2850 et
1542 2775 1694 2850 habebat
1721 2776 1757 2848 in
1783 2798 1848 2850 suo
1873 2777 2027 2850 exercitu

609 2925 727 2996 regem
761 2901 1037 2976 Boehemitarum
1061 2913 1096 2975 et
1123 2901 1247 2975 ducem
1278 2911 1313 2974 et
1339 2901 1539 2997 episcopum
1563 2909 1599 2974 et
1631 2901 1718 2974 alios
1744 2899 1852 2974 duces
1875 2911 1911 2974 et
1937 2923 2031 2974 mar-

610 3027 770 3115 chiones,
791 3027 950 3118 comites,
967 3027 1146 3123 episcopos
1167 3035 1201 3100 et
1221 3027 1364 3098 abbates
1386 3023 1432 3098 de
1447 3025 1602 3120 partibus
1625 3024 1812 3100 Tchotonie
1831 3025 2031 3098 innumera·

611 3151 711 3222 biles.
733 3149 1007 3224 Mediolanenses
1024 3151 1194 3246 putabant
1207 3149 1302 3244 quod
1319 3171 1380 3244 per
1397 3159 1534 3244 pontem
1552 3149 1693 3222 deberet
1711 3147 1849 3222 Aduam
1867 3147 2028 3238 transire,

611 3274 672 3347 sed
689 3295 752 3369 spe
766 3297 830 3346 sua
850 3275 990 3346 fuerunt
1008 3272 1158 3368 decepti.
1171 3275 1316 3345 Invento
1334 3292 1418 3365 ergo
1432 3270 1526 3343 vado
1540 3269 1586 3344 ad
1601 3269 1853 3358 Cornelianum,
1865 3269 2030 3344 Adduam

612 3397 833 3470 transierunt.
866 3397 1043 3469 Translato
1071 3394 1119 3492 (t)
1149 3397 1267 3490 itaque
1293 3394 1401 3467 lluvio
1435 3401 1546 3466 eastra
1577 3414 1642 3466 sua
1669 3393 1761 3468 circa
1787 3394 1946 3466 Tercium
1974 3393 2032 3490 (i)

613 3530 813 3618 posuerunt.
841 3519 1115 3592 Mediolanenses
1146 3540 1226 3592 vero
1254 3519 1451 3613 ignorantes
1481 3517 1671 3590 exercitum
1708 3517 1924 3614 imperatoris
1951 3517 2033 3592 Ad-

611 3644 719 3718 duam
753 3643 933 3736 transisse,
956 3643 1124 3716 miserunt
1154 3641 1325 3739 quosdam
1359 3641 1484 3715 milites
1513 3641 1548 3712 in
1581 3641 1655 3738 ripa
1686 3641 1824 3716 Addua.
1850 3641 1920 3716 Sed
1952 3664 2032 3714 cunr

656 3832 699 3914 (a)
720 3835 754 3896 ln
767 3833 869 3894 codice
884 3829 1018 3913 quelibet.

657 3937 698 4020 (d)
719 3941 777 4016 Ap.
791 3939 937 4000 Muratorl
951 3936 1161 4002 Gruoedoaom.

656 4044 695 4124 (c)
722 4045 758 4105 In
772 4044 872 4105 codice
885 4061 915 4104 re
927 4045 1009 4106 moti.

657 4149 700 4230 (d)
721 4152 756 4212 In
770 4151 870 4211 codiee
882 4151 1038 4212 Parlslensi
1051 4156 1081 4211 et
1094 4165 1143 4228 ap.
1159 4149 1302 4212 Muratorl
1319 4149 1522 4210 emerem.

658 4255 696 4338 (e)
722 4255 777 4334 Ap.
796 4257 939 4317 Muratori
955 4256 1027 4316 Trea
1039 4253 1158 4316 Armes.

659 4361 708 4444 (j)
723 4365 759 4424 ln
772 4361 836 4422 cod.
854 4363 949 4423 Paris.
964 4358 1112 4428 aronam
1126 4378 1173 4437 ap.
1191 4361 1335 4422 Murator.
1355 4359 1495 4424 meum.

658 4468 700 4550 (9)
723 4470 816 4530 Totos
838 4469 894 4530 late
913 4467 995 4529 locus
1009 4467 1132 4528 mutilus
1149 4467 1281 4540 videtur3
1302 4469 1328 4528 sl
1350 4473 1450 4528 tamen
1470 4465 1605 4527 conteras
1630 4464 1761 4526 codicem
1786 4465 1980 4526 Parlslenaem
2005 4471 2042 4526 et

614 4581 734 4638 textum
747 4590 766 4634 c
779 4573 943 4635 Murctorlo
955 4574 1084 4650 editum,
1098 4575 1140 4635 tte
1153 4571 1295 4652 legendus
1309 4591 1318 4633 r
1333 4569 1413 4653 qnod
1425 4577 1528 4652 portes
1541 4573 1574 4632 ἐκ
1588 4570 1745 4651 pernicicm
1756 4585 1870 4632 vener
1881 4575 1935 4631 ert.

659 4679 701 4762 (t)
724 4681 761 4741 ln
777 4681 878 4740 codice
892 4677 1032 4742 troalnto.

660 4787 702 4868 (ἰ)
724 4787 760 4848 In
774 4787 841 4850 eod.
854 4785 1011 4849 Parlsieusl
1026 4785 1174 4864 Ticinum,
1190 4785 1243 4848 aed
1255 4787 1287 4848 lu
1300 4785 1436 4865 margine
1453 4783 1594 4848 Triciem.
1612 4784 1670 4863 Ap.
1687 4781 1834 4846 Muratori
1850 4781 1989 4846 redon.
