4534 6074
685 681 930 744 clinomcott
953 681 1261 744 PLilCliNTlNUM.
1638 679 1677 740 dl

261 817 429 892 &emens
453 817 628 890 earooium
656 817 832 909 fugeruut.
860 819 898 890 ln
929 819 1015 913 ipso
1035 839 1119 890 vero
1144 817 1265 913 prelio,
1286 816 1357 888 iere
1376 815 1471 886 mille
1493 813 1617 887 milites
1634 813 1681 887 de

261 939 429 1014 Cremona
443 949 479 1013 et
493 942 569 1034 ejus
589 939 748 1013 districtu
766 951 934 1037 oeperunt
955 951 990 1014 et
1007 941 1220 1031 habuerunt;
1240 939 1285 1012 de
1303 937 1480 1034 peditibus
1496 959 1580 1012 vero
1601 949 1682 1010 tan-

261 1075 316 1138 tos
329 1065 427 1160 quod
442 1066 560 1138 neseio
578 1063 699 1138 disere
715 1073 876 1159 quantos.
897 1067 1034 1138 Etcum
1050 1065 1117 1138 illis
1131 1063 1300 1136 militibus
1315 1063 1405 1136 ultra
1422 1063 1557 1135 Senium
1573 1063 1682 1158 captis

260 1191 539 1264 Mediolanenses
562 1189 608 1262 ab
627 1189 684 1262 illa
702 1199 802 1284 parte
815 1191 903 1264 Serii
919 1191 1073 1274 iverunt;
1094 1189 1153 1262 alii
1175 1209 1316 1284 quoque
1345 1189 1472 1260 milites
1497 1198 1531 1260 et
1556 1211 1682 1283 magua

262 1335 343 1409 pars
359 1314 480 1410 populi
497 1334 568 1408 que
585 1313 678 1385 cirea
695 1315 882 1388 Mediolani
896 1315 1069 1388 oarooinm
1087 1313 1210 1388 edesse
1227 1312 1396 1403 debebat,
1417 1334 1496 1384 eum
1516 1313 1684 1385 militibus

262 1449 299 1510 et
321 1438 400 1510 aliis
420 1437 623 1511 hominibus
648 1436 685 1509 iu
711 1437 820 1532 prelio
847 1438 973 1533 captis,
1001 1448 1144 1510 etcum
1170 1435 1380 1530 temptoriis,
1406 1437 1542 1530 spoliis,
1566 1435 1680 1518 robis,

264 1562 396 1650 bobus,
417 1561 519 1657 equis
531 1569 566 1632 et
580 1559 716 1633 eariolis
733 1560 1016 1634 Cremonensium
1032 1560 1078 1634 ad
1095 1583 1159 1634 sua
1178 1567 1342 1634 venerant
1354 1568 1464 1632 castra
1480 1559 1552 1632 lere
1564 1580 1686 1632 omnes

266 1685 312 1760 de
331 1686 440 1781 prelio
465 1684 688 1774 resedentes,
709 1694 821 1778 preter
836 1685 1008 1758 Placentia
1021 1685 1164 1775 milites,
1182 1684 1244 1778 qui
1269 1684 1305 1754 in
1330 1683 1407 1778 ipso
1429 1683 1521 1755 bello
1545 1684 1686 1776 egregie

265 1817 451 1894 steterunt,
466 1820 502 1883 et
519 1831 600 1882 eum
620 1809 909 1882 Cremonensibus
922 1810 1045 1882 aeriter
1058 1818 1318 1904 pugnaverunt,
1334 1818 1369 1880 et
1387 1808 1472 1902 ipsis
1491 1808 1638 1881 viriliter
1650 1817 1686 1880 et

264 1935 430 2008 belliuose
446 1934 657 2007 restiterunt.
675 1931 843 2006 videntes
864 1931 1001 2004 iuterim
1024 1933 1151 2005 milites
1174 1943 1209 2004 et
1227 1933 1377 2028 populus
1392 1930 1566 2017 ¹Cremoue
1589 1931 1687 2028 quod

266 2058 313 2132 ad
334 2057 503 2130 Cremone
530 2056 705 2129 carosium
730 2055 780 2151 (α)
805 2055 1006 2130 derelictum
1025 2077 1102 2127 esee
1119 2063 1153 2128 et
1169 2055 1352 2128 recessisse
1368 2053 1526 2128 militiam
1544 2057 1687 2130 Medio-

266 2181 357 2272 lani,
377 2203 460 2254 oum
490 2179 542 2252 eis
571 2180 817 2275 preliaverunt.
839 2180 1066 2274 Percipieutes
1089 2187 1206 2250 autem
1231 2177 1522 2269 Mediolanenses,
1547 2183 1607 2276 qui
1642 2181 1688 2255 ad

266 2305 442 2378 oarooium
462 2315 716 2396 remanserant,
735 2305 879 2376 minime
896 2303 1052 2376 resistere
1072 2323 1190 2398 posse,
1218 2303 1353 2375 carooio
1380 2303 1417 2374 in
1448 2304 1601 2398 quodam
1628 2328 1690 2400 pa,-

266 2429 351 2502 lude
366 2429 486 2501 relioto
503 2428 540 2499 in
554 2449 626 2522 quo
644 2427 794 2522 pervim
813 2426 901 2500 illud
917 2427 1160 2520 impulsuraut,
1178 2435 1393 2498 recesserunt
1413 2437 1449 2499 et
1466 2449 1587 2501 versus
1605 2451 1690 2502 oas-

269 2566 321 2624 tra
338 2553 538 2643 redierunt3
559 2551 657 2646 quod
672 2552 846 2624 oarooium
863 2551 1108 2623 Cremonenses
1125 2560 1245 2644 postea
1267 2551 1312 2623 de
1339 2549 1469 2644 palude
1495 2561 1690 2625 extractum

267 2675 487 2765 habuerunt,
506 2683 541 2747 et
557 2674 760 2747 Cremonam
777 2675 864 2746 illud
882 2675 1082 2764 duxerunt,
1102 2683 1137 2746 et
1155 2675 1190 2745 in
1208 2674 1283 2767 ipso
1305 2673 1397 2748 bello
1420 2687 1585 2770 ceperunt
1602 2678 1692 2750 cirea

268 2799 368 2871 XXX
387 2799 511 2872 milites
531 2797 715 2870 Mediolani
737 2807 772 2871 et
793 2801 868 2891 ejue
887 2800 1010 2894 partis,
1033 2799 1078 2872 de
1099 2797 1275 2893 peditibus
1292 2807 1327 2870 et
1343 2799 1543 2874 homiuibus
1560 2801 1693 2875 Medio·

269 2925 341 2997 loni
359 2931 395 2996 et
412 2924 489 3015 ejus
504 2922 680 2995 districtus
698 2923 770 2996 lere
785 2923 880 2995 mille
892 2922 1063 2995 homiues.

319 3047 384 3120 Die
396 3047 489 3139 iovis
507 3047 638 3120 mensis
651 3045 808 3139 ejusdem
823 3045 871 3142 (b)
884 3047 992 3138 junii,
1011 3045 1286 3120 Mediolanenses
1302 3067 1382 3118 oum
1396 3047 1532 3122 oarooio
1553 3057 1588 3122 et
1610 3051 1694 3122 uni-

270 3191 373 3244 versa
403 3179 506 3264 gente
534 3189 655 3242 eorum
685 3170 902 3242 intraverunt
926 3171 962 3241 iu
980 3169 1208 3258 Lomeliuam,
1228 3169 1425 3244 Mortariom
1449 3181 1484 3244 et
1511 3171 1693 3245 Gambola·

271 3295 357 3368 dum
375 3307 410 3368 et
422 3294 613 3367 Lomellnm
630 3303 667 3366 et
684 3291 868 3366 Ulevulum
889 3303 925 3366 et
951 3293 1058 3364 multa
1084 3293 1153 3366 alia
1181 3293 1258 3366 loca
1278 3304 1445 3389 oeperunt
1459 3303 1494 3367 et
1512 3295 1695 3369 destruxe-

270 3427 353 3492 runt
378 3427 414 3490 et
438 3417 701 3508 combuserunt3
729 3427 865 3512 segetes
888 3437 1030 3511 quoqne
1058 3425 1093 3488 et
1117 3415 1203 3488 alias
1228 3439 1283 3490 res
1306 3417 1505 3512 depopulati
1530 3419 1691 3511 luerunt,

272 3544 432 3616 homines
446 3541 736 3628 innumerabiles,
750 3541 878 3614 bestias
893 3551 928 3614 et
943 3541 1029 3614 elias
1047 3540 1149 3614 rubas
1166 3541 1249 3614 inde
1261 3541 1451 3614 duxerunt.

320 3666 386 3738 Die
404 3665 541 3754 martis,
554 3663 702 3758 septimo
721 3661 885 3736 kalendae
903 3663 980 3756 julii
1000 3663 1052 3758 (l)
1068 3663 1219 3759 proximi
1236 3665 1429 3759 sequentis,
1448 3665 1695 3742 Cremonenses

273 3811 354 3861 oum
383 3798 456 3861 tota
488 3797 592 3878 gente
613 3807 735 3860 eorum
760 3787 803 3882 (c)
831 3795 866 3860 et
894 3807 975 3860 oum
1004 3787 1171 3860 militibus
1199 3789 1356 3877 Mantus,
1377 3789 1475 3882 Regii
1505 3801 1540 3863 et
1564 3791 1696 3866 Mutine

272 3913 491 3986 intraverunt
504 3911 541 3984 in
560 3920 687 3984 terram
702 3919 871 4000 nostram,
887 3919 923 3982 et
937 3921 1108 3984 venerunt
1125 3911 1170 3986 ad
1190 3912 1386 4004 Caursinm,
1406 3923 1440 3986 et
1451 3914 1696 3988 combuseruut

316 4141 357 4222 (a)
378 4141 477 4204 Locus
489 4143 652 4204 oertlsstrne
665 4139 806 4216 mutilus,
821 4139 893 4202 dum
905 4157 988 4202 nune
1000 4147 1105 4219 agatur
1118 4141 1157 4202 de
1167 4145 1301 4204 oemeuto
1313 4142 1533 4205 Medtolanensl.

314 4247 355 4323 (b)
378 4249 517 4310 Forsitan
537 4247 694 4328 legendum
717 4243 831 4326 ididae,
844 4263 939 4325 quum
951 4251 1057 4309 tertius
1071 4248 1204 4310 desimus
1218 4247 1296 4327 J'unli
1310 4249 1372 4310 dtas
1385 4251 1417 4310 ln
1428 4253 1529 4328 lovem
1541 4249 1695 4313 inuideret.

316 4350 356 4432 (c)
383 4351 429 4413 lbl
451 4370 505 4430 per
527 4355 715 4415 osoltuntlem
739 4353 929 4414 mendensis
949 4355 1088 4415 lnssrltur
1109 4351 1156 4415 dis
1175 4355 1278 4418 martis
1299 4355 1362 4416 XII
1380 4357 1484 4417 mensis
1496 4355 1597 4438 junii,
1617 4357 1697 4436 quod

275 4457 375 4520 denuo
388 4461 479 4536 paulo
491 4460 581 4522 intre.

314 4799 350 4876 (t)
366 4801 404 4860 Le
417 4801 505 4860 mend
518 4805 554 4862 25
562 4803 635 4879 juin,
648 4803 710 4862 date
720 4809 825 4863 exuste.
