4594 6066
584 601 642 664 160
1060 605 1302 668 CHRONIGON
1326 605 1379 668 ult
1403 603 1532 668 nutus

580 737 714 810 curiam
747 736 982 834 supradictam
1017 737 1207 814 honorilice
1232 761 1410 836 praparcs3
1440 737 1685 836 potestatibus,
1716 737 1868 812 cousdiis
1898 747 2003 834 atque

582 861 790 934 comunibus
829 861 1038 954 Cumarum,
1079 863 1284 952 Mediolani,
1323 864 1490 952 Novarie,
1527 863 1707 956 Pergami,
1745 863 1999 956 Vercellarum,

581 984 716 1076 Brixia,
744 983 976 1076 Alexandria,
1006 985 1144 1073 lauda
1173 1009 1219 1060 ex
1237 995 1335 1082 parte
1362 997 1480 1060 nostra
1507 986 1678 1082 precipias
1703 994 1745 1058 ut
1761 983 2002 1060 ambaxatcres

581 1127 665 1179 suos
688 1107 842 1202 ipsorum
868 1107 1071 1182 auctoritate
1089 1110 1242 1182 munitos
1263 1109 1299 1182 in
1323 1109 1417 1184 dicta
1436 1111 1532 1182 curin
1552 1109 1600 1183 ad
1619 1118 1770 1184 uestram
1788 1110 2001 1205 presenciam

581 1230 746 1305 studeant
765 1231 940 1306 destinare
960 1257 969 1303 r
989 1233 1052 1326 qui
1075 1255 1139 1328 pro
1161 1243 1260 1330 parte
1277 1234 1542 1307 universitatum
1566 1255 1708 1306 suarum
1730 1230 1781 1328 (a)
1803 1242 1875 1306 tam
1896 1255 2001 1328 super

580 1354 684 1427 Terre
702 1357 825 1429 Sancte
844 1357 989 1450 negocio
1006 1379 1113 1452 quarn
1134 1381 1240 1454 super
1256 1359 1497 1432 reformatione
1515 1358 1652 1454 imperii
1674 1365 1711 1430 ct
1726 1359 1821 1449 justo
1842 1379 1884 1430 ac
1900 1357 2001 1452 paci-

582 1473 649 1548 lico
672 1485 764 1549 statu
789 1486 878 1550 terre
903 1479 1029 1552 nostris
1054 1489 1089 1554 et
1117 1481 1253 1577 imperii
1274 1501 1313 1556 se
1338 1482 1511 1555 mundatis
1527 1488 1718 1577 exponant.
1739 1479 2001 1575 scripsissemus

582 1603 705 1698 utique
733 1601 902 1697 predictis
929 1601 1214 1677 universitatibus
1234 1605 1378 1700 siugulis
1395 1604 1593 1694 civitatum,
1610 1603 1679 1676 nisi
1704 1603 1800 1698 quod
1822 1623 1899 1676 ease
1916 1624 2001 1698 pre-

583 1735 758 1820 posterum
777 1725 976 1822 principum
1006 1735 1201 1800 nostrorum
1223 1729 1386 1802 conscilia
1405 1727 1454 1825 (b)
1476 1726 1701 1801 crediderunt
1717 1735 1757 1799 ut
1776 1725 2001 1800 devocionem

583 1847 739 1942 ipsarum
761 1849 991 1943 imperialium
1014 1849 1154 1944 apicum
1180 1849 1349 1945 scriptura
1376 1850 1574 1945 preveniat,
1602 1870 1668 1924 nec
1696 1860 1893 1924 nostrarum
1918 1873 2002 1947 pre-

583 1971 724 2065 scriptio
741 1971 933 2044 litterarum
958 1971 1081 2044 meritc
1097 1981 1231 2067 poterat
1247 1973 1393 2067 gratiam
1411 1983 1561 2046 nostram
1578 1973 1645 2046 illis
1660 1995 1838 2069 exponere
1848 1975 1911 2070 qui
1924 1995 2000 2048 eam

583 2095 723 2188 assequi
741 2115 813 2167 uon
832 2095 1002 2168 nituntur.
1022 2097 1093 2170 Nos
1110 2105 1226 2169 autem
1245 2096 1353 2190 gratis
1368 2097 1531 2193 auspiciis
1546 2097 1583 2168 in
1601 2099 1689 2170 leste
1703 2099 1819 2170 Sancti
1836 2097 2001 2173 lobannis

584 2218 737 2314 proximi
763 2229 911 2292 venturo
938 2220 1134 2314 aquilarum
1167 2219 1324 2292 victricia
1349 2219 1449 2312 sigua
1476 2227 1592 2292 nostra
1614 2219 1834 2292 movebimus
1858 2219 1905 2290 ab
1927 2221 2002 2290 Au·

584 2350 704 2436 gusta3
726 2343 981 2438 subsequenter
996 2343 1031 2415 in
1051 2343 1136 2416 festo
1156 2343 1249 2416 beati
1267 2342 1385 2416 Jacobi
1403 2341 1568 2416 indictam
1585 2363 1706 2437 regere
1731 2343 1862 2414 curiam
1879 2340 2002 2436 dispo-

584 2477 721 2559 nentes,
744 2468 802 2538 illo
818 2467 912 2538 viam
935 2465 1037 2540 nobis
1055 2465 1257 2540 ostendente
1273 2465 1335 2560 qui
1349 2465 1485 2538 noverit
1500 2475 1536 2540 et
1554 2466 1619 2539 iter
1637 2485 1840 2561 prosperum
1856 2463 2003 2538 iaciente

583 2589 645 2683 qui
661 2598 774 2684 potest
789 2588 855 2684 (l).
876 2614 894 2658 rr

654 2709 661 2809 1
683 2713 721 2784 ln
741 2712 901 2807 proximo
918 2732 1037 2784 mense
1054 2710 1133 2804 julii
1156 2710 1319 2784 dominus
1337 2711 1485 2786 lacobus
1506 2710 1744 2786 Preuestrinus
1759 2709 1804 2808 (c)
1821 2711 2005 2807 episcopus

574 2835 774 2946 cardinalis
801 2834 1010 2908 Placentiam
1038 2835 1201 2926 accessit;
1220 2835 1282 2930 qui
1309 2845 1410 2908 caute
1438 2857 1519 2908 cum
1543 2835 1757 2931 quibusdam
1783 2835 2006 2930 magnatibus

587 2959 707 3056 populi
725 2960 793 3031 sub
814 2981 877 3054 spe
898 2957 994 3054 pacis
1015 2956 1235 3031 Guillelmum
1253 2957 1302 3054 (d)
1324 2957 1369 3032 de
1389 2957 1520 3034 Audito
1543 2967 1577 3033 et
1603 2959 1692 3034 filios
1712 2969 1862 3034 rectores
1887 2957 2006 3056 pepuli

629 3135 671 3218 (α)
693 3137 730 3198 lu
743 3135 844 3196 codice
858 3140 1037 3196 nostrarum.

629 3241 671 3324 (b)
693 3242 730 3302 ln
743 3243 843 3303 codlre
856 3237 998 3300 marcide.

629 3349 667 3432 (e)
694 3351 731 3412 lu
743 3349 844 3411 codice
856 3347 1046 3408 Prcuirtrr'rrs

630 3455 674 3538 (d)
696 3457 732 3517 ln
744 3455 845 3518 codlce
860 3449 1042 3516 eductam.

626 3749 664 3823 (ι)
682 3749 705 3807 Α
719 3747 746 3805 la
758 3747 827 3806 suite
835 3747 870 3805 de
877 3748 905 3804 la
915 3747 995 3804 lettre
1005 3745 1040 3804 de
1050 3744 1177 3802 brederio
1190 3745 1225 3816 ll,
1237 3761 1291 3803 uae
1303 3745 1377 3803 main
1388 3745 1449 3820 plus
1460 3745 1568 3803 recente
1580 3759 1597 3802 a
1608 3743 1735 3803 intercald
1747 3743 1787 3802 les
1800 3743 1870 3802 deux
1879 3745 2009 3820 distiques

592 3847 691 3906 relatils
701 3845 757 3903 l'uu
770 3843 786 3902 a
797 3845 825 3902 la
836 3843 1020 3914 destruction,
1034 3843 1130 3900 l'autrc
1140 3859 1175 3900 au
1189 3842 1404 3902 retablissement
1417 3843 1452 3900 dc
1462 3843 1543 3904 ttttm
1554 3857 1619 3901 sous
1629 3841 1755 3902 Frdddn'e
1768 3843 1960 3904 nubemusse.
1972 3845 2010 3902 Ils

592 3951 657 4005 scut
668 3943 738 4002 ainsi
749 3942 902 4016 reprcduits
913 3959 921 3998 ι

842 4063 968 4123 circulus
979 4079 1115 4120 canorum
1126 4080 1189 4121 cum
1199 4065 1347 4138 secupintc
1360 4063 1478 4124 daurom

842 4161 921 4220 llr'lte
933 4179 996 4218 cum
1009 4167 1128 4234 centum,
1142 4161 1200 4234 [uit
1213 4161 1396 4221 Mediolanum
1409 4164 1559 4238 cpbcmutc
1570 4163 1687 4222 uictum.

841 4287 893 4344 uu
903 4286 1114 4360 quinquaqinta,
1129 4283 1169 4342 bie
1182 4293 1278 4360 reptem
1291 4283 1385 4360 lisque
1399 4287 1517 4358 tripiuto

842 4384 913 4441 Cum
926 4381 1019 4454 mitte,
1031 4387 1198 4456 prostratum
1208 4383 1266 4457 {uit
1278 4381 1465 4441 llcdr'olurrum
1474 4381 1615 4456 pondendo
1627 4383 1758 4442 leuatum

629 4507 699 4568 llais
710 4511 782 4565 cette
793 4507 870 4579 copie
881 4511 928 4564 est
940 4505 1049 4564 lautive.
1064 4503 1222 4579 Apbcmeta
1232 4505 1278 4562 n’a
1287 4521 1376 4564 aucun
1388 4521 1461 4578 sens,
1471 4511 1500 4564 et
1511 4507 1530 4564 il
1544 4506 1602 4564 iant
1613 4505 1662 4566 lire
1671 4505 1817 4582 dipcmcb,
1827 4521 2012 4566 commeneus

593 4622 710 4682 oroycns
721 4605 815 4664 l’avoir
827 4605 923 4676 etabli,
934 4621 964 4679 p.
984 4609 1011 4676 6,
1023 4611 1080 4662 not.
1096 4608 1123 4662 ι.
1137 4606 1188 4662 Br'r
1199 4611 1299 4678 septem
1314 4605 1398 4664 altere
1410 4607 1436 4662 la
1448 4606 1549 4663 dateet
1558 4605 1614 4664 doit
1624 4605 1682 4666 etro
1698 4607 1727 4664 lu
1738 4623 1799 4666 curn
1811 4613 1919 4683 reptem.
1933 4605 2012 4664 llulin

595 4705 621 4764 la
634 4721 742 4764 mesura
755 4704 886 4779 exigerait
898 4704 1017 4762 l’initiale
1028 4706 1065 4764 ll.
1081 4721 1117 4762 au
1127 4704 1180 4763 lieu
1191 4703 1228 4762 du
1242 4711 1299 4763 mot
1307 4705 1395 4764 entier
1405 4704 1600 4764 Mediolanum.
