4534 6074
686 649 930 712 cuncutcott
955 647 1259 712 PLACEM'MNUM.
1645 645 1686 708 47

262 784 420 860 nandum
444 793 480 860 et
502 781 712 880 capiendum
736 805 776 856 se
800 795 1090 880 preparaverunt.
1116 783 1283 858 Videntes
1302 802 1387 854 vero
1415 779 1590 854 intrinseci
1616 778 1689 850 ini-

261 909 373 984 micos
387 908 434 982 eb
452 907 591 1004 incepto
612 905 780 982 desistere
798 909 971 999 nolentes,
994 907 1059 982 sed
1083 907 1206 982 armati
1229 916 1263 980 et
1286 904 1469 980 ascblereti
1493 902 1545 994 (a)
1567 923 1688 976 versus

262 1035 377 1106 locum
398 1041 584 1128 pergentes
606 1053 686 1110 cnm
708 1033 891 1127 mangenis
913 1043 948 1107 ot
972 1031 1140 1129 predariis
1162 1041 1198 1104 et
1215 1032 1337 1124 gattis,
1362 1028 1501 1114 castris,
1524 1027 1688 1124 pontibus

260 1165 297 1232 ct
318 1156 421 1230 scalis
444 1155 490 1230 de
515 1155 645 1250 quibus
670 1156 749 1250 plne
776 1167 915 1230 eentum
938 1157 1130 1248 habebant,
1159 1155 1251 1232 circe
1280 1153 1368 1226 illnd
1395 1155 1511 1225 locum
1533 1174 1572 1224 se
1598 1173 1689 1224 oon-

260 1289 435 1356 strnxers.
457 1279 631 1354 Timentes
649 1279 768 1374 itnqne
786 1277 875 1378 [qui]
894 1282 1009 1354 locum
1026 1279 1278 1366 defendebant,
1297 1300 1343 1350 no
1365 1276 1502 1372 capitali
1520 1274 1688 1348 sententie

260 1403 437 1485 subirent,
457 1403 570 1498 siper
591 1402 663 1474 vim
686 1422 747 1476 eos
770 1413 951 1500 caperent,
973 1403 1102 1500 apertis
1127 1402 1235 1496 portis
1260 1408 1450 1488 exeuntes,
1472 1397 1688 1470 inmanibus

186 1505 190 1512 ⁵
260 1526 379 1600 claves
392 1533 586 1622 portantes,
606 1527 766 1622 potestati
785 1527 972 1602 Mediolani
991 1549 1054 1623 pro
1069 1525 1286 1622 praxoneriie
1303 1546 1384 1596 oum
1402 1522 1566 1594 omnibus
1583 1521 1688 1594 rebus

260 1671 331 1744 que
350 1650 387 1720 in
411 1649 489 1744 ipso
517 1657 630 1720 cestro
655 1637 819 1739 ederant,
840 1673 878 1724 se
903 1650 1149 1740 reddiderunt,
1168 1647 1324 1743 exceptis
1346 1645 1540 1718 forensibus
1564 1645 1626 1738 qui
1650 1643 1685 1716 in

260 1775 337 1869 ipso
354 1775 432 1848 loco
449 1771 616 1860 ederant,
635 1771 696 1866 qni
714 1793 761 1844 ex
778 1781 880 1866 pacto
897 1780 931 1843 et
947 1773 1132 1846 concordie
1153 1793 1232 1844 oum
1257 1769 1420 1840 omnibus
1443 1769 1548 1840 rebus
1567 1789 1687 1840 eorum

261 1899 447 1984 exierunt3
467 1919 573 1992 qnem
597 1897 712 1968 locum
738 1895 1014 1973 Mediolanenses
1036 1907 1071 1970 et
1088 1897 1321 1970 Vercellenses
1346 1891 1529 1966 diruerunt
1551 1900 1586 1964 et
1607 1890 1688 1963 dee·

261 2029 466 2108 trnxernnt;
484 2021 562 2093 illos
579 2001 721 2114 quoque
738 2019 784 2094 de
798 2020 874 2118 ipso
895 2021 971 2096 loco
992 2020 1228 2094 Mediolanum
1247 2030 1282 2094 et
1296 2017 1469 2092 Vercellas
1489 2015 1684 2101 duxerunt,

261 2154 297 2216 et
314 2137 510 2218 incarcere
528 2153 734 2240 posuerunt.

311 2268 359 2340 M.
378 2268 440 2342 CC.
455 2269 531 2356 XV,
550 2268 609 2342 die
624 2267 803 2360 mercurii,
821 2267 883 2340 llll
898 2265 1065 2340 kalendas
1082 2267 1223 2360 augusti
1240 2265 1309 2360 (t),
1326 2267 1512 2362 Papienses
1532 2273 1601 2338 tarn
1620 2263 1687 2336 mi·

261 2395 339 2466 lites
352 2415 458 2488 qnam
476 2393 612 2489 pedites
634 2413 715 2466 cum
736 2391 833 2465 omni
851 2401 954 2484 gente
970 2411 1092 2464 eorum
1108 2399 1143 2462 et
1159 2390 1259 2464 tortia
1274 2390 1310 2462 in
1332 2400 1456 2464 terram
1470 2391 1687 2464 intraverunt

261 2527 436 2610 nostram,
454 2518 553 2592 etad
574 2519 688 2592 locum
715 2517 820 2612 Burgi
844 2517 935 2590 Novi
960 2515 1081 2588 armati
1106 2522 1141 2588 et
1159 2513 1340 2588 ascblerati
1367 2515 1481 2610 primo
1498 2535 1682 2610 perexere,

260 2641 448 2736 ipsumque
479 2640 594 2712 locum
624 2639 782 2732 undique
808 2649 1118 2736 expugnaverunt,
1145 2647 1282 2732 segetes
1310 2647 1345 2712 et
1371 2637 1492 2712 omnes
1518 2639 1603 2710 elias
1630 2659 1686 2712 res

259 2785 350 2860 quae
378 2771 479 2836 extre
508 2764 574 2836 loci
601 2761 838 2838 tortitudinem
873 2763 1059 2853 invenere,
1094 2763 1341 2838 combusernnt
1362 2774 1398 2836 et
1431 2761 1682 2858 disipeverunt.

261 2887 416 2962 Tandem
445 2886 607 2962 videntes
636 2887 780 2982 aliquod
809 2887 856 2962 ed
879 2887 1073 2984 predictum
1099 2887 1215 2965 locum
1243 2889 1386 2962 minime
1415 2889 1527 2960 iacere
1557 2909 1682 2983 posse,

259 3011 440 3108 Papiensis
466 3012 619 3110 populus
650 3011 715 3086 iter
745 3035 849 3086 suurn
876 3021 967 3086 retro
996 3011 1147 3086 Arenam
1174 3011 1315 3086 direxit.
1343 3011 1467 3084 Milites
1491 3033 1574 3084 vero
1604 3033 1685 3084 curn

260 3135 424 3210 universe
442 3145 545 3232 gente
565 3157 686 3210 eornm
708 3136 870 3212 decenter
889 3137 1022 3210 Padum
1040 3138 1086 3234 (b)
1104 3160 1245 3210 cursum
1270 3159 1374 3210 sunm
1391 3159 1504 3231 usqne
1528 3137 1573 3210 ad
1597 3137 1686 3210 Cae-

259 3269 352 3332 trnm
376 3262 515 3334 Novum
539 3271 574 3334 et
598 3262 723 3336 Vicum
750 3263 922 3336 Marinum
950 3261 1124 3336 direxere.
1145 3262 1358 3335 Cuminetam
1378 3283 1520 3356 qnoque
1546 3261 1683 3334 illorum

259 3385 306 3458 de
331 3385 450 3458 Castro
472 3386 571 3460 Novo
600 3395 635 3458 et
659 3395 789 3460 turrem
817 3387 862 3462 de
889 3386 974 3460 Vico
995 3389 1129 3462 Marino
1155 3387 1284 3460 lortiter
1310 3407 1524 3482 pugnavere.
1560 3387 1683 3458 Villam

258 3509 369 3582 Castri
387 3510 476 3583 Novi
491 3519 526 3584 et
539 3510 614 3584 Vici
632 3511 774 3603 Marini,
794 3509 918 3584 domos
936 3521 971 3586 et
990 3521 1124 3606 segetes
1140 3521 1175 3583 et
1192 3510 1278 3582 elias
1294 3531 1349 3582 res
1366 3528 1486 3584 omnes
1504 3532 1573 3604 que
1595 3510 1684 3582 circa

259 3635 386 3708 Zilieni
406 3645 441 3709 et
458 3635 625 3710 Seminnti
643 3645 755 3708 cestre
772 3645 807 3709 et
822 3637 970 3712 aliorum
986 3637 1141 3710 locorum
1160 3635 1344 3726 invenere,
1365 3655 1479 3728 usqne
1494 3633 1540 3706 ad
1559 3633 1685 3706 Montis

256 3758 341 3832 Albi
364 3771 515 3834 castrum
538 3761 619 3856 igne
640 3772 882 3836 cremaverunt
904 3773 938 3836 et
961 3761 1229 3858 dissipaverunt.
1257 3759 1446 3834 Placentini
1471 3767 1587 3832 autem
1612 3759 1685 3830 mi-

258 3882 339 3958 lites
355 3885 417 3980 qni
435 3885 519 3958 illuc
537 3885 600 3958 nbi
618 3886 735 3979 ignem
758 3886 925 3960 videbant
942 3909 1086 3982 pergere
1107 3887 1354 3983 properabant,
1381 3885 1476 3981 ipsos
1499 3884 1685 3979 Papienses

260 4029 376 4103 usque
405 4009 452 4083 sd
482 4019 632 4082 castrum
665 4011 792 4084 Montis
826 4010 907 4083 Albi
938 4010 1181 4106 insequentes,
1211 4019 1377 4106 potestate
1398 4009 1404 4106 Ι
1426 4009 1563 4098 relicto,
1593 4031 1685 4080 unus
1719 4023 1883 4072 rot-sumto·

259 4132 410 4204 alterurn
443 4131 587 4205 minime
624 4132 826 4226 attendens,
860 4133 971 4206 dictos
1008 4135 1194 4229 Papienses
1234 4134 1280 4208 de
1315 4135 1399 4208 villa
1437 4133 1564 4208 Montis
1605 4131 1685 4204 Albi

260 4271 370 4346 quern
389 4251 650 4345 combuserent,
670 4253 898 4348 reperientes,
918 4275 996 4326 curn
1023 4253 1165 4328 domiuo
1188 4251 1371 4328 Guillelmo
1396 4253 1594 4326 marchione
1612 4251 1686 4326 Ma·

304 4415 347 4489 (a)
367 4413 428 4493 Sto,
444 4413 518 4476 dnm
532 4431 637 4476 sensus
650 4417 782 4494 requirat
794 4421 923 4476 cantator
937 4421 967 4477 et
980 4413 1165 4478 asellos-atos.

309 4518 351 4600 (d)
373 4521 420 4582 Ibl
433 4521 517 4584 deest
529 4521 653 4600 ellqnld,
665 4524 724 4582 nlsi
737 4537 791 4599 pro
804 4519 921 4583 Padum
934 4523 1092 4604 legendum
1105 4525 1144 4585 stt
1151 4524 1263 4604 parati

267 4685 497 4697 u-——u-——nn
710 4683 1685 4704 m-w.*——mma.0-pn-ufflanuu-=-n-m-

301 4783 336 4860 (t)
355 4785 393 4844 Le
406 4785 541 4844 mercrcdi
552 4788 588 4844 29
597 4785 694 4861 juillet.
710 4787 777 4846 Date
789 4793 893 4846 exacte.
