4594 6066
838 659 1045 724 latrante
1069 657 1221 722 GESTl&
1681 653 1739 718 tta

317 806 428 879 tinam
457 802 651 876 duxerunt.
681 797 815 872 Deinde
833 799 928 872 venit
954 796 1119 890 Regium,
1150 795 1325 880 Parmam,
1349 793 1504 886 Burgum
1533 799 1638 886 atque
1660 790 1739 864 Cra-

319 951 480 1020 monam,
507 926 670 1020 stetitque
687 924 725 996 in
743 923 812 996 illie
837 921 996 1020 partibus
1016 921 1108 994 eirea
1132 927 1205 992 tres
1229 937 1379 992 maneas.
1398 919 1532 989 Interea
1557 936 1622 988 rex
1646 917 1739 988 Hen-

318 1055 412 1127 rioun
435 1051 531 1124 filiun
549 1052 626 1144 ejus
642 1049 689 1122 ab
706 1047 886 1122 diamania
903 1067 984 1119 oum
1000 1045 1154 1118 maximo
1171 1043 1325 1118 exercitu
1341 1039 1389 1114 ad
1408 1049 1521 1136 partae
1535 1037 1742 1114 Lombardie

319 1175 517 1251 festinabat.
547 1174 616 1259 Qui
642 1193 723 1246 oum
748 1191 811 1268 per
842 1169 1117 1264 oestrum'quod
1145 1166 1275 1241 dicitur
1302 1167 1403 1240 Cinea
1433 1165 1569 1237 Verona
1597 1163 1742 1236 mannire

319 1301 464 1374 minima
490 1309 624 1395 ponent,
642 1296 691 1370 ad
711 1296 869 1392 propriae
894 1295 1024 1390 patrius
1052 1301 1105 1371 est
1128 1313 1301 1367 reversus.
1331 1292 1519 1386 Imperator
1539 1285 1665 1361 videns
1692 1286 1741 1358 nii

319 1445 422 1521 ponsa
444 1425 560 1498 iacere
585 1421 682 1517 quod
709 1421 852 1516 optabat
872 1431 908 1492 at
933 1416 1031 1512 quod
1055 1417 1237 1490 societates
1253 1414 1525 1489 lombardorum
1550 1433 1632 1486 eum
1653 1431 1743 1484 oon-

319 1541 1023 1643 tompnebant,perMonhardonimonten
1037 1540 1088 1637 (a)
1102 1561 1182 1614 oum
1194 1540 1352 1614 Conrado
1365 1539 1556 1634 Malaspina
1569 1537 1743 1633 adportes

323 1671 551 1746 Pontremuili
568 1668 725 1742 aoeaesit.
750 1668 819 1753 Qui
845 1667 971 1742 timens
990 1665 1229 1740 marchionum
1254 1687 1316 1761 par
1338 1663 1530 1760 nequitiam
1555 1660 1618 1760 (b),
1647 1661 1742 1735 Pina·

321 1817 445 1868 norum
463 1793 513 1866 ibi
531 1793 731 1889 expectauit
750 1791 916 1865 miliciam
933 1811 1015 1864 oum
1031 1811 1102 1886 qua
1118 1792 1292 1888 proiectus
1307 1801 1360 1864 est
1376 1787 1492 1885 Pisis(
1517 1788 1545 1883 ).

369 1919 419 1992 Μ.
431 1917 495 1990 CC.
508 1915 654 2004 XXVII,
672 1913 862 1988 indictione
878 1913 1007 2009 prima,
1027 1913 1073 1986 de
1091 1913 1268 1986 mensibus
1291 1911 1416 2000 medii,
1435 1911 1526 2004 junii
1542 1910 1586 2008 (c)
1599 1919 1638 1984 ¹et
1647 1911 1741 2004 jurii,

321 2041 511 2114 multitudo
529 2039 686 2112 maxima
708 2037 862 2111 virorum
884 2037 1104 2127 bellicorum,
1123 2035 1431 2120 'theotonicorum
1452 2035 1649 2108 Biomorum
1670 2033 1740 2130 (d),

322 2160 596 2257 Hyepaniorum,
615 2157 838 2244 Francorum,
858 2155 1076 2249 aliarumque
1088 2155 1270 2248 regionum
1288 2155 1325 2226 in
1339 2153 1503 2249 Apuliam
1524 2161 1744 2226 aooamrunt

321 2299 428 2352 cauea
448 2279 497 2352 ud
523 2277 771 2350 transmarinae
793 2286 911 2373 purten
936 2277 1151 2352 transeundi.
1182 2279 1249 2364 Qui
1274 2279 1311 2350 in
1335 2278 1404 2350 iltis
1428 2279 1586 2374 partibus
1611 2301 1743 2354 moram

322 2403 676 2498 longamfamem,
705 2401 786 2476 teeti
821 2401 942 2475 morbo
970 2411 1006 2474 et
1032 2401 1110 2474 aliia
1137 2401 1358 2496 langoribus,
1385 2403 1656 2478 innumerabiles
1683 2405 1744 2478 in-

321 2529 481 2624 terempti
496 2497 592 2600 eunt.
612 2525 681 2599 Alii
695 2547 782 2601 raro
798 2526 861 2622 qui
878 2535 1066 2602 evaserunt
1085 2524 1244 2599 ridentes
1266 2547 1304 2598 se
1328 2527 1509 2600 transitum
1529 2529 1657 2602 habere
1672 2551 1744 2602 uon

321 2673 441 2749 poena,
467 2652 514 2726 ad
532 2650 672 2746 propria
690 2659 774 2722 eunt
790 2650 936 2724 revorti.
955 2649 1058 2724 Unde
1083 2670 1177 2745 papa
1198 2649 1382 2744 Gregorius
1400 2650 1601 2743 indignatus
1626 2653 1662 2724 in
1685 2651 1744 2728 dia

318 2777 412 2871 jovis
435 2798 507 2872 que
524 2775 654 2850 dieitur
674 2783 811 2866 saneta,
837 2775 874 2846 in
896 2775 1042 2848 eooleeia
1059 2773 1152 2848 beati
1175 2774 1266 2848 Petri
1286 2776 1602 2850 excommunicavit
1625 2777 1745 2874 impe·

321 2909 470 2972 retorem
498 2895 733 2972 Frederioum.
759 2897 887 2970 lterum
912 2897 946 2970 ei
970 2897 1156 2971 terminum
1180 2897 1352 2972 dilatarit.
1378 2899 1506 2973 Verum
1532 2901 1618 2994 quia
1633 2903 1745 2999 impo-

321 3031 415 3095 rator
433 3043 482 3095 ax
507 3031 674 3118 precepto
700 3021 834 3096 domini
861 3042 952 3118 pape
973 3020 1021 3094 ad
1047 3021 1293 3096 transmarinae
1317 3031 1431 3118 partae
1451 3021 1618 3096 aooedere
1648 3035 1745 3103 tene·

322 3146 424 3219 hatur
443 3156 483 3218 ut
498 3147 596 3238 jussa
616 3145 750 3218 domini
766 3165 858 3240 papa
874 3143 1054 3220 videratur
1076 3145 1281 3239 observare,
1308 3147 1491 3236 onmririe
1507 3147 1685 3222 nobilibus
1710 3161 1746 3224 et

321 3268 433 3363 gaieis
462 3270 717 3364 quinquaginta
749 3268 794 3343 ud
825 3277 941 3364 partae
970 3268 1216 3342 transmarinae
1241 3269 1280 3340 in
1308 3269 1465 3364 partibus
1489 3267 1618 3344 Aeonis
1640 3270 1687 3368 (e)
1709 3281 1746 3344 at

321 3393 513 3466 Jerusalem
541 3393 734 3477 festinavit,
755 3401 790 3464 et
815 3391 902 3486 quia
921 3391 1109 3466 videbatur
1133 3392 1277 3466 domino
1298 3413 1388 3488 pepe
1413 3392 1510 3487 quod
1534 3393 1655 3466 vicarii
1679 3397 1745 3468 im-

322 3517 492 3612 paraturis
516 3516 554 3588 in
574 3535 684 3610 regno
706 3514 823 3588 Sicilie
844 3525 881 3588 et
902 3514 1030 3612 Apulia
1053 3525 1170 3611 ponent
1189 3513 1247 3612 (s)
1271 3525 1308 3588 et
1324 3518 1405 3608 jnra
1422 3517 1577 3590 Euoleeie
1597 3517 1745 3592 invade·

364 3715 408 3798 (α)
430 3716 474 3780 Ci-
492 3733 626 3796 suprap.
643 3725 694 3796 tt,
708 3717 761 3778 ubi
781 3717 891 3798 iegitur
908 3735 965 3798 per
983 3716 1179 3780 Moobnrdooi
1194 3727 1322 3798 montes,
1349 3726 1379 3781 et
1404 3720 1482 3781 infru
1504 3720 1544 3781 ad
1564 3737 1637 3786 ann.
1653 3730 1744 3800 tate,

322 3823 377 3884 iol.
394 3833 431 3884 tt
445 3829 538 3897 reato,
554 3823 728 3900 simpliciter
736 3840 794 3903 per
806 3821 1048 3886 Monbordouum.

365 3925 408 4009 (d)
430 3929 528 3991 Looun
539 3929 674 3990 munins.

366 4032 404 4114 (c)
431 4036 468 4096 ln
482 4034 583 4096 codiee
589 4033 739 4116 januar-ii.

365 4138 410 4220 (d)
431 4142 481 4203 Sto
493 4157 547 4218 pro
561 4139 753 4202 Boemiornm.

366 4245 407 4327 (e)
433 4247 469 4308 ln
482 4246 585 4308 oodtoe
597 4245 690 4309 Arrii.

367 4351 417 4434 (J)
432 4353 529 4415 Louna
541 4353 681 4430 muttlner
697 4353 821 4416 tumtun
830 4361 989 4436 merit.

274 4717 277 4722 ·
361 4697 399 4770 (t)
414 4695 501 4755 Noton
515 4703 589 4756 texte
599 4715 630 4758 ee
640 4700 791 4774 rupproohe
802 4699 835 4758 ici
850 4705 907 4760 mot
918 4699 935 4759 i
946 4706 1004 4759 mot
1014 4699 1063 4759 des
1073 4700 1143 4759 deux
1155 4699 1291 4759 dernieree
1306 4701 1393 4776 ligneo
1409 4703 1444 4762 de
1463 4701 1489 4762 ia
1503 4719 1584 4780 prone
1596 4705 1681 4765 rimie
1693 4724 1744 4782 pu.

324 4793 397 4853 blida
410 4795 567 4871 pluebant,
580 4814 610 4873 p.
623 4799 669 4857 tt.
