<?xml version="1.0" encoding="UTF-8"?>
<!DOCTYPE html PUBLIC "-//W3C//DTD XHTML 1.0 Transitional//EN"
    "http://www.w3.org/TR/xhtml1/DTD/xhtml1-transitional.dtd">
<html xmlns="http://www.w3.org/1999/xhtml" xml:lang="en" lang="en">
 <head>
  <title>
</title>
<meta http-equiv="Content-Type" content="text/html;charset=utf-8" />
  <meta name='ocr-system' content='tesseract 3.04.00' />
  <meta name='ocr-capabilities' content='ocr_page ocr_carea ocr_par ocr_line ocrx_word'/>
</head>
<body>
  <div class='ocr_page' id='page_1' title='image "./chroniconplacen00huilgoog_0137.png"; bbox 0 0 4534 6074; ppageno 0'>
   <div class='ocr_carea' id='block_1_1' title="bbox 541 649 1979 4584">
    <p class='ocr_par' dir='ltr' id='par_1_1' title="bbox 565 649 1553 718">
     <span class='ocr_line' id='line_1_1' title="bbox 565 649 1553 718; baseline 0.006 -10"><span class='ocrx_word' id='word_1_1' title='bbox 565 649 605 709; x_wconf 77' lang='lat'>76</span> <span class='ocrx_word' id='word_1_2' title='bbox 986 653 1228 716; x_wconf 83' lang='lat' dir='ltr'>CllllONlCON</span> <span class='ocrx_word' id='word_1_3' title='bbox 1251 653 1553 718; x_wconf 70' lang='lat' dir='ltr'>attenuatum</span> 
     </span>
    </p>

    <p class='ocr_par' dir='ltr' id='par_1_2' title="bbox 541 783 1979 4584">
     <span class='ocr_line' id='line_1_2' title="bbox 563 783 1979 887; baseline 0.006 -32"><span class='ocrx_word' id='word_1_4' title='bbox 563 783 776 879; x_wconf 82' lang='lat' dir='ltr'>hospitalarii</span> <span class='ocrx_word' id='word_1_5' title='bbox 796 786 921 860; x_wconf 78' lang='lat' dir='ltr'>milites</span> <span class='ocrx_word' id='word_1_6' title='bbox 941 797 975 861; x_wconf 91' lang='lat' dir='ltr'>et</span> <span class='ocrx_word' id='word_1_7' title='bbox 992 791 1050 862; x_wconf 89' lang='lat' dir='ltr'>alii</span> <span class='ocrx_word' id='word_1_8' title='bbox 1067 791 1132 863; x_wconf 85' lang='lat' dir='ltr'>viri</span> <span class='ocrx_word' id='word_1_9' title='bbox 1150 793 1284 866; x_wconf 91' lang='lat' dir='ltr'>nobiles</span> <span class='ocrx_word' id='word_1_10' title='bbox 1307 801 1343 866; x_wconf 91' lang='lat' dir='ltr'>et</span> <span class='ocrx_word' id='word_1_11' title='bbox 1359 798 1515 887; x_wconf 84' lang='lat' dir='ltr'>potentes</span> <span class='ocrx_word' id='word_1_12' title='bbox 1537 787 1679 884; x_wconf 89' lang='lat' dir='ltr'>perfidis</span> <span class='ocrx_word' id='word_1_13' title='bbox 1699 791 1843 882; x_wconf 76' lang='lat' dir='ltr'>paganis</span> <span class='ocrx_word' id='word_1_14' title='bbox 1861 800 1897 864; x_wconf 88' lang='lat' dir='ltr'>et</span> <span class='ocrx_word' id='word_1_15' title='bbox 1920 794 1979 864; x_wconf 86' lang='lat' dir='ltr'>Sa·</span> 
     </span>
     <span class='ocr_line' id='line_1_3' title="bbox 561 907 1979 1007; baseline 0.008 -31"><span class='ocrx_word' id='word_1_16' title='bbox 561 907 696 978; x_wconf 89' lang='lat' dir='ltr'>racenis</span> <span class='ocrx_word' id='word_1_17' title='bbox 728 909 934 1000; x_wconf 87' lang='lat' dir='ltr'>gravissime</span> <span class='ocrx_word' id='word_1_18' title='bbox 962 913 1242 1007; x_wconf 89' lang='lat' dir='ltr'>oprimebantur,</span> <span class='ocrx_word' id='word_1_19' title='bbox 1276 909 1577 1007; x_wconf 57' lang='lat' dir='ltr'>astrictionem),</span> <span class='ocrx_word' id='word_1_20' title='bbox 1603 912 1799 1004; x_wconf 87' lang='lat' dir='ltr'>angustias,</span> <span class='ocrx_word' id='word_1_21' title='bbox 1832 914 1979 988; x_wconf 88' lang='lat' dir='ltr'>tribula-</span> 
     </span>
     <span class='ocr_line' id='line_1_4' title="bbox 561 1027 1978 1134; baseline 0.01 -36"><span class='ocrx_word' id='word_1_22' title='bbox 561 1027 674 1101; x_wconf 79' lang='lat' dir='ltr'>tiones</span> <span class='ocrx_word' id='word_1_23' title='bbox 705 1039 740 1100; x_wconf 90' lang='lat' dir='ltr'>et</span> <span class='ocrx_word' id='word_1_24' title='bbox 773 1032 948 1124; x_wconf 90' lang='lat' dir='ltr'>passiones</span> <span class='ocrx_word' id='word_1_25' title='bbox 981 1035 1259 1130; x_wconf 88' lang='lat' dir='ltr'>frequentissime</span> <span class='ocrx_word' id='word_1_26' title='bbox 1294 1037 1515 1110; x_wconf 78' lang='lat' dir='ltr'>sustinentes.</span> <span class='ocrx_word' id='word_1_27' title='bbox 1549 1033 1716 1106; x_wconf 84' lang='lat' dir='ltr'>Videntes</span> <span class='ocrx_word' id='word_1_28' title='bbox 1746 1045 1860 1109; x_wconf 64' lang='lat' dir='ltr'>auum</span> <span class='ocrx_word' id='word_1_29' title='bbox 1895 1039 1978 1134; x_wconf 87' lang='lat' dir='ltr'>ipsis</span> 
     </span>
     <span class='ocr_line' id='line_1_5' title="bbox 561 1152 1977 1254; baseline 0.008 -32"><span class='ocrx_word' id='word_1_30' title='bbox 561 1152 720 1224; x_wconf 88' lang='lat' dir='ltr'>resistere</span> <span class='ocrx_word' id='word_1_31' title='bbox 746 1154 889 1226; x_wconf 92' lang='lat' dir='ltr'>minime</span> <span class='ocrx_word' id='word_1_32' title='bbox 916 1177 1037 1250; x_wconf 90' lang='lat' dir='ltr'>posse,</span> <span class='ocrx_word' id='word_1_33' title='bbox 1056 1161 1273 1234; x_wconf 89' lang='lat' dir='ltr'>comunicato</span> <span class='ocrx_word' id='word_1_34' title='bbox 1306 1159 1470 1232; x_wconf 88' lang='lat' dir='ltr'>conscilio</span> <span class='ocrx_word' id='word_1_35' title='bbox 1504 1157 1661 1230; x_wconf 85' lang='lat' dir='ltr'>virorum</span> <span class='ocrx_word' id='word_1_36' title='bbox 1690 1159 1907 1254; x_wconf 87' lang='lat' dir='ltr'>sapientum,</span> <span class='ocrx_word' id='word_1_37' title='bbox 1930 1161 1977 1233; x_wconf 90' lang='lat' dir='ltr'>sd</span> 
     </span>
     <span class='ocr_line' id='line_1_6' title="bbox 560 1276 1977 1376; baseline 0.006 -28"><span class='ocrx_word' id='word_1_38' title='bbox 560 1276 688 1348; x_wconf 91' lang='lat' dir='ltr'>summi</span> <span class='ocrx_word' id='word_1_39' title='bbox 720 1276 893 1369; x_wconf 88' lang='lat' dir='ltr'>pontificis</span> <span class='ocrx_word' id='word_1_40' title='bbox 918 1283 1125 1374; x_wconf 84' lang='lat' dir='ltr'>presentiam</span> <span class='ocrx_word' id='word_1_41' title='bbox 1149 1283 1279 1376; x_wconf 90' lang='lat' dir='ltr'>legatos</span> <span class='ocrx_word' id='word_1_42' title='bbox 1308 1283 1401 1356; x_wconf 85' lang='lat' dir='ltr'>viros</span> <span class='ocrx_word' id='word_1_43' title='bbox 1430 1281 1565 1354; x_wconf 88' lang='lat' dir='ltr'>nobiles</span> <span class='ocrx_word' id='word_1_44' title='bbox 1593 1290 1628 1352; x_wconf 92' lang='lat' dir='ltr'>et</span> <span class='ocrx_word' id='word_1_45' title='bbox 1650 1289 1808 1375; x_wconf 85' lang='lat' dir='ltr'>potentes</span> <span class='ocrx_word' id='word_1_46' title='bbox 1835 1283 1977 1356; x_wconf 88' lang='lat' dir='ltr'>clericos</span> 
     </span>
     <span class='ocr_line' id='line_1_7' title="bbox 559 1398 1976 1499; baseline 0.008 -31"><span class='ocrx_word' id='word_1_47' title='bbox 559 1407 596 1468; x_wconf 89' lang='lat' dir='ltr'>et</span> <span class='ocrx_word' id='word_1_48' title='bbox 612 1398 719 1472; x_wconf 90' lang='lat' dir='ltr'>laicos</span> <span class='ocrx_word' id='word_1_49' title='bbox 736 1399 940 1474; x_wconf 86' lang='lat' dir='ltr'>direxerunt</span> <span class='ocrx_word' id='word_1_50' title='bbox 960 1405 1022 1497; x_wconf 91' lang='lat' dir='ltr'>qui</span> <span class='ocrx_word' id='word_1_51' title='bbox 1049 1404 1096 1478; x_wconf 87' lang='lat' dir='ltr'>ad</span> <span class='ocrx_word' id='word_1_52' title='bbox 1112 1407 1300 1480; x_wconf 83' lang='lat' dir='ltr'>Romanam</span> <span class='ocrx_word' id='word_1_53' title='bbox 1327 1405 1459 1478; x_wconf 91' lang='lat' dir='ltr'>curiam</span> <span class='ocrx_word' id='word_1_54' title='bbox 1477 1403 1683 1476; x_wconf 88' lang='lat' dir='ltr'>accedentes</span> <span class='ocrx_word' id='word_1_55' title='bbox 1710 1405 1756 1476; x_wconf 86' lang='lat' dir='ltr'>ad</span> <span class='ocrx_word' id='word_1_56' title='bbox 1774 1405 1883 1499; x_wconf 89' lang='lat' dir='ltr'>pedes</span> <span class='ocrx_word' id='word_1_57' title='bbox 1906 1405 1976 1479; x_wconf 94' lang='lat' dir='ltr'>do-</span> 
     </span>
     <span class='ocr_line' id='line_1_8' title="bbox 559 1521 1975 1622; baseline 0.006 -30"><span class='ocrx_word' id='word_1_58' title='bbox 559 1521 645 1592; x_wconf 92' lang='lat' dir='ltr'>mini</span> <span class='ocrx_word' id='word_1_59' title='bbox 662 1542 754 1617; x_wconf 89' lang='lat' dir='ltr'>pape</span> <span class='ocrx_word' id='word_1_60' title='bbox 776 1543 814 1595; x_wconf 90' lang='lat' dir='ltr'>se</span> <span class='ocrx_word' id='word_1_61' title='bbox 832 1536 1175 1618; x_wconf 88' lang='lat' dir='ltr'>representaverunt;</span> <span class='ocrx_word' id='word_1_62' title='bbox 1195 1529 1412 1602; x_wconf 87' lang='lat' dir='ltr'>instanteset</span> <span class='ocrx_word' id='word_1_63' title='bbox 1435 1527 1671 1600; x_wconf 85' lang='lat' dir='ltr'>attentissimis</span> <span class='ocrx_word' id='word_1_64' title='bbox 1687 1527 1851 1622; x_wconf 87' lang='lat' dir='ltr'>precibus</span> <span class='ocrx_word' id='word_1_65' title='bbox 1876 1529 1975 1601; x_wconf 90' lang='lat' dir='ltr'>illum</span> 
     </span>
     <span class='ocr_line' id='line_1_9' title="bbox 558 1643 1973 1746; baseline 0.006 -32"><span class='ocrx_word' id='word_1_66' title='bbox 558 1643 764 1718; x_wconf 86' lang='lat' dir='ltr'>inducentes</span> <span class='ocrx_word' id='word_1_67' title='bbox 788 1655 824 1720; x_wconf 91' lang='lat' dir='ltr'>et</span> <span class='ocrx_word' id='word_1_68' title='bbox 851 1659 1033 1722; x_wconf 89' lang='lat' dir='ltr'>exorantes</span> <span class='ocrx_word' id='word_1_69' title='bbox 1060 1660 1099 1722; x_wconf 92' lang='lat' dir='ltr'>ut</span> <span class='ocrx_word' id='word_1_70' title='bbox 1120 1673 1263 1746; x_wconf 91' lang='lat' dir='ltr'>operam</span> <span class='ocrx_word' id='word_1_71' title='bbox 1287 1651 1463 1724; x_wconf 88' lang='lat' dir='ltr'>efficacem</span> <span class='ocrx_word' id='word_1_72' title='bbox 1492 1663 1644 1744; x_wconf 82' lang='lat' dir='ltr'>prestare</span> <span class='ocrx_word' id='word_1_73' title='bbox 1670 1648 1813 1722; x_wconf 86' lang='lat' dir='ltr'>deberet</span> <span class='ocrx_word' id='word_1_74' title='bbox 1839 1660 1879 1722; x_wconf 92' lang='lat' dir='ltr'>ut</span> <span class='ocrx_word' id='word_1_75' title='bbox 1908 1651 1973 1722; x_wconf 84' lang='lat' dir='ltr'>uiri</span> 
     </span>
     <span class='ocr_line' id='line_1_10' title="bbox 557 1771 1971 1870; baseline 0.004 -28"><span class='ocrx_word' id='word_1_76' title='bbox 557 1771 692 1846; x_wconf 85' lang='lat' dir='ltr'>nobiles</span> <span class='ocrx_word' id='word_1_77' title='bbox 708 1780 744 1846; x_wconf 87' lang='lat' dir='ltr'>ct</span> <span class='ocrx_word' id='word_1_78' title='bbox 761 1773 987 1866; x_wconf 89' lang='lat' dir='ltr'>potentissimi</span> <span class='ocrx_word' id='word_1_79' title='bbox 1007 1783 1042 1846; x_wconf 88' lang='lat' dir='ltr'>et</span> <span class='ocrx_word' id='word_1_80' title='bbox 1061 1776 1120 1848; x_wconf 89' lang='lat' dir='ltr'>elii</span> <span class='ocrx_word' id='word_1_81' title='bbox 1147 1778 1213 1850; x_wconf 84' lang='lat' dir='ltr'>viri</span> <span class='ocrx_word' id='word_1_82' title='bbox 1237 1777 1391 1850; x_wconf 82' lang='lat' dir='ltr'>bellicosi</span> <span class='ocrx_word' id='word_1_83' title='bbox 1416 1785 1450 1848; x_wconf 91' lang='lat' dir='ltr'>et</span> <span class='ocrx_word' id='word_1_84' title='bbox 1475 1775 1605 1848; x_wconf 89' lang='lat' dir='ltr'>feroces</span> <span class='ocrx_word' id='word_1_85' title='bbox 1624 1775 1659 1846; x_wconf 93' lang='lat' dir='ltr'>in</span> <span class='ocrx_word' id='word_1_86' title='bbox 1681 1796 1885 1846; x_wconf 83' lang='lat' dir='ltr'>succursum</span> <span class='ocrx_word' id='word_1_87' title='bbox 1908 1797 1971 1870; x_wconf 88' lang='lat' dir='ltr'>pa·</span> 
     </span>
     <span class='ocr_line' id='line_1_11' title="bbox 556 1895 1971 1994; baseline 0.002 -26"><span class='ocrx_word' id='word_1_88' title='bbox 556 1896 639 1968; x_wconf 88' lang='lat' dir='ltr'>riter</span> <span class='ocrx_word' id='word_1_89' title='bbox 655 1905 691 1967; x_wconf 91' lang='lat' dir='ltr'>et</span> <span class='ocrx_word' id='word_1_90' title='bbox 706 1895 904 1969; x_wconf 90' lang='lat' dir='ltr'>subsidium</span> <span class='ocrx_word' id='word_1_91' title='bbox 927 1897 1189 1972; x_wconf 90' lang='lat' dir='ltr'>christianorum</span> <span class='ocrx_word' id='word_1_92' title='bbox 1208 1902 1297 1972; x_wconf 89' lang='lat' dir='ltr'>ultra</span> <span class='ocrx_word' id='word_1_93' title='bbox 1312 1921 1408 1972; x_wconf 90' lang='lat' dir='ltr'>mare</span> <span class='ocrx_word' id='word_1_94' title='bbox 1423 1900 1653 1972; x_wconf 91' lang='lat' dir='ltr'>existencium</span> <span class='ocrx_word' id='word_1_95' title='bbox 1667 1921 1731 1994; x_wconf 95' lang='lat' dir='ltr'>pro</span> <span class='ocrx_word' id='word_1_96' title='bbox 1748 1909 1838 1972; x_wconf 88' lang='lat' dir='ltr'>terra</span> <span class='ocrx_word' id='word_1_97' title='bbox 1854 1909 1971 1972; x_wconf 87' lang='lat' dir='ltr'>sancta</span> 
     </span>
     <span class='ocr_line' id='line_1_12' title="bbox 556 2021 1971 2118; baseline 0.003 -28"><span class='ocrx_word' id='word_1_98' title='bbox 556 2029 780 2092; x_wconf 89' lang='lat' dir='ltr'>manutenere</span> <span class='ocrx_word' id='word_1_99' title='bbox 816 2030 850 2092; x_wconf 92' lang='lat' dir='ltr'>et</span> <span class='ocrx_word' id='word_1_100' title='bbox 877 2042 899 2093; x_wconf 89' lang='lat' dir='ltr'>a</span> <span class='ocrx_word' id='word_1_101' title='bbox 926 2030 1043 2094; x_wconf 88' lang='lat' dir='ltr'>sancte</span> <span class='ocrx_word' id='word_1_102' title='bbox 1071 2023 1184 2095; x_wconf 90' lang='lat' dir='ltr'>crucis</span> <span class='ocrx_word' id='word_1_103' title='bbox 1209 2023 1360 2095; x_wconf 91' lang='lat' dir='ltr'>inimicis</span> <span class='ocrx_word' id='word_1_104' title='bbox 1387 2021 1575 2096; x_wconf 82' lang='lat' dir='ltr'>defendere</span> <span class='ocrx_word' id='word_1_105' title='bbox 1600 2021 1771 2118; x_wconf 88' lang='lat' dir='ltr'>proficisci</span> <span class='ocrx_word' id='word_1_106' title='bbox 1802 2045 1971 2116; x_wconf 90' lang='lat' dir='ltr'>procura-</span> 
     </span>
     <span class='ocr_line' id='line_1_13' title="bbox 554 2143 1971 2240; baseline 0.001 -26"><span class='ocrx_word' id='word_1_107' title='bbox 554 2151 643 2214; x_wconf 90' lang='lat' dir='ltr'>rent.</span> <span class='ocrx_word' id='word_1_108' title='bbox 663 2143 764 2228; x_wconf 89' lang='lat' dir='ltr'>Quod</span> <span class='ocrx_word' id='word_1_109' title='bbox 785 2165 921 2216; x_wconf 90' lang='lat' dir='ltr'>summo</span> <span class='ocrx_word' id='word_1_110' title='bbox 938 2143 1090 2238; x_wconf 88' lang='lat' dir='ltr'>pontifici</span> <span class='ocrx_word' id='word_1_111' title='bbox 1114 2155 1149 2218; x_wconf 91' lang='lat' dir='ltr'>et</span> <span class='ocrx_word' id='word_1_112' title='bbox 1164 2147 1327 2220; x_wconf 88' lang='lat' dir='ltr'>universe</span> <span class='ocrx_word' id='word_1_113' title='bbox 1349 2149 1425 2238; x_wconf 90' lang='lat' dir='ltr'>ejus</span> <span class='ocrx_word' id='word_1_114' title='bbox 1442 2147 1538 2218; x_wconf 91' lang='lat' dir='ltr'>curie</span> <span class='ocrx_word' id='word_1_115' title='bbox 1562 2146 1704 2240; x_wconf 88' lang='lat' dir='ltr'>placuit,</span> <span class='ocrx_word' id='word_1_116' title='bbox 1731 2155 1766 2216; x_wconf 90' lang='lat' dir='ltr'>et</span> <span class='ocrx_word' id='word_1_117' title='bbox 1784 2146 1918 2236; x_wconf 88' lang='lat' dir='ltr'>justum</span> <span class='ocrx_word' id='word_1_118' title='bbox 1936 2154 1971 2218; x_wconf 91' lang='lat' dir='ltr'>et</span> 
     </span>
     <span class='ocr_line' id='line_1_14' title="bbox 554 2267 1970 2363; baseline 0.002 -26"><span class='ocrx_word' id='word_1_119' title='bbox 554 2268 766 2340; x_wconf 89' lang='lat' dir='ltr'>conveniens</span> <span class='ocrx_word' id='word_1_120' title='bbox 785 2289 861 2340; x_wconf 89' lang='lat' dir='ltr'>essa</span> <span class='ocrx_word' id='word_1_121' title='bbox 877 2267 1031 2341; x_wconf 90' lang='lat' dir='ltr'>videtur.</span> <span class='ocrx_word' id='word_1_122' title='bbox 1053 2269 1121 2354; x_wconf 90' lang='lat' dir='ltr'>Qui</span> <span class='ocrx_word' id='word_1_123' title='bbox 1145 2271 1259 2342; x_wconf 91' lang='lat' dir='ltr'>statim</span> <span class='ocrx_word' id='word_1_124' title='bbox 1279 2270 1418 2343; x_wconf 90' lang='lat' dir='ltr'>nuntios</span> <span class='ocrx_word' id='word_1_125' title='bbox 1439 2291 1520 2342; x_wconf 87' lang='lat' dir='ltr'>suos</span> <span class='ocrx_word' id='word_1_126' title='bbox 1543 2269 1590 2342; x_wconf 89' lang='lat' dir='ltr'>ad</span> <span class='ocrx_word' id='word_1_127' title='bbox 1613 2270 1853 2363; x_wconf 87' lang='lat' dir='ltr'>imperatorem</span> <span class='ocrx_word' id='word_1_128' title='bbox 1878 2269 1970 2340; x_wconf 90' lang='lat' dir='ltr'>misit</span> 
     </span>
     <span class='ocr_line' id='line_1_15' title="bbox 553 2391 1965 2486; baseline 0.002 -25"><span class='ocrx_word' id='word_1_129' title='bbox 553 2391 643 2461; x_wconf 93' lang='lat' dir='ltr'>utin</span> <span class='ocrx_word' id='word_1_130' title='bbox 662 2391 834 2484; x_wconf 90' lang='lat' dir='ltr'>colloquio</span> <span class='ocrx_word' id='word_1_131' title='bbox 860 2413 940 2464; x_wconf 90' lang='lat' dir='ltr'>cum</span> <span class='ocrx_word' id='word_1_132' title='bbox 958 2414 1000 2464; x_wconf 90' lang='lat' dir='ltr'>eo</span> <span class='ocrx_word' id='word_1_133' title='bbox 1018 2396 1205 2466; x_wconf 87' lang='lat' dir='ltr'>convenire</span> <span class='ocrx_word' id='word_1_134' title='bbox 1227 2393 1381 2468; x_wconf 80' lang='lat' dir='ltr'>deberet.</span> <span class='ocrx_word' id='word_1_135' title='bbox 1402 2393 1486 2466; x_wconf 89' lang='lat' dir='ltr'>Cum</span> <span class='ocrx_word' id='word_1_136' title='bbox 1511 2405 1626 2466; x_wconf 89' lang='lat' dir='ltr'>autem</span> <span class='ocrx_word' id='word_1_137' title='bbox 1653 2394 1689 2464; x_wconf 93' lang='lat' dir='ltr'>in</span> <span class='ocrx_word' id='word_1_138' title='bbox 1714 2393 1885 2486; x_wconf 90' lang='lat' dir='ltr'>colloquio</span> <span class='ocrx_word' id='word_1_139' title='bbox 1911 2393 1965 2464; x_wconf 90' lang='lat' dir='ltr'>in·</span> 
     </span>
     <span class='ocr_line' id='line_1_16' title="bbox 551 2513 1969 2612; baseline 0.003 -28"><span class='ocrx_word' id='word_1_140' title='bbox 551 2523 697 2601; x_wconf 88' lang='lat' dir='ltr'>trarent‚</span> <span class='ocrx_word' id='word_1_141' title='bbox 720 2513 817 2586; x_wconf 91' lang='lat' dir='ltr'>dedit</span> <span class='ocrx_word' id='word_1_142' title='bbox 838 2515 871 2587; x_wconf 91' lang='lat' dir='ltr'>ei</span> <span class='ocrx_word' id='word_1_143' title='bbox 902 2516 938 2585; x_wconf 92' lang='lat' dir='ltr'>in</span> <span class='ocrx_word' id='word_1_144' title='bbox 965 2515 1139 2590; x_wconf 90' lang='lat' dir='ltr'>mandatis</span> <span class='ocrx_word' id='word_1_145' title='bbox 1165 2539 1323 2592; x_wconf 90' lang='lat' dir='ltr'>summus</span> <span class='ocrx_word' id='word_1_146' title='bbox 1345 2517 1502 2612; x_wconf 79' lang='lat' dir='ltr'>pontifex</span> <span class='ocrx_word' id='word_1_147' title='bbox 1527 2527 1566 2588; x_wconf 93' lang='lat' dir='ltr'>ut</span> <span class='ocrx_word' id='word_1_148' title='bbox 1590 2517 1731 2591; x_wconf 88' lang='lat' dir='ltr'>deberet</span> <span class='ocrx_word' id='word_1_149' title='bbox 1754 2527 1907 2610; x_wconf 85' lang='lat' dir='ltr'>potentes</span> <span class='ocrx_word' id='word_1_150' title='bbox 1933 2526 1969 2588; x_wconf 91' lang='lat' dir='ltr'>et</span> 
     </span>
     <span class='ocr_line' id='line_1_17' title="bbox 550 2635 1966 2735; baseline 0.001 -27"><span class='ocrx_word' id='word_1_151' title='bbox 550 2638 681 2710; x_wconf 88' lang='lat' dir='ltr'>feroces</span> <span class='ocrx_word' id='word_1_152' title='bbox 702 2638 794 2709; x_wconf 90' lang='lat' dir='ltr'>viros</span> <span class='ocrx_word' id='word_1_153' title='bbox 807 2638 1070 2732; x_wconf 82' lang='lat' dir='ltr'>imperilfacere</span> <span class='ocrx_word' id='word_1_154' title='bbox 1085 2662 1269 2735; x_wconf 88' lang='lat' dir='ltr'>preparare</span> <span class='ocrx_word' id='word_1_155' title='bbox 1288 2652 1322 2714; x_wconf 92' lang='lat' dir='ltr'>et</span> <span class='ocrx_word' id='word_1_156' title='bbox 1338 2641 1384 2714; x_wconf 89' lang='lat' dir='ltr'>ed</span> <span class='ocrx_word' id='word_1_157' title='bbox 1401 2663 1501 2712; x_wconf 88' lang='lat' dir='ltr'>suam</span> <span class='ocrx_word' id='word_1_158' title='bbox 1515 2641 1721 2734; x_wconf 86' lang='lat' dir='ltr'>presentiam</span> <span class='ocrx_word' id='word_1_159' title='bbox 1745 2635 1751 2734; x_wconf 79' lang='grc' dir='ltr'>Ι</span> <span class='ocrx_word' id='word_1_160' title='bbox 1772 2639 1848 2710; x_wconf 91' lang='lat' dir='ltr'>sine</span> <span class='ocrx_word' id='word_1_161' title='bbox 1867 2639 1966 2732; x_wconf 86' lang='lat' dir='ltr'>longa</span> 
     </span>
     <span class='ocr_line' id='line_1_18' title="bbox 550 2760 1965 2855; baseline 0.001 -23"><span class='ocrx_word' id='word_1_162' title='bbox 550 2760 715 2832; x_wconf 86' lang='lat' dir='ltr'>dilatione</span> <span class='ocrx_word' id='word_1_163' title='bbox 732 2761 911 2848; x_wconf 89' lang='lat' dir='ltr'>accedere,</span> <span class='ocrx_word' id='word_1_164' title='bbox 932 2763 1117 2855; x_wconf 88' lang='lat' dir='ltr'>profecturi</span> <span class='ocrx_word' id='word_1_165' title='bbox 1140 2763 1176 2834; x_wconf 91' lang='lat' dir='ltr'>in</span> <span class='ocrx_word' id='word_1_166' title='bbox 1193 2765 1364 2836; x_wconf 89' lang='lat' dir='ltr'>auxilium</span> <span class='ocrx_word' id='word_1_167' title='bbox 1385 2763 1661 2836; x_wconf 90' lang='lat' dir='ltr'>christianorum.</span> <span class='ocrx_word' id='word_1_168' title='bbox 1688 2762 1851 2834; x_wconf 87' lang='lat' dir='ltr'>Similiter</span> <span class='ocrx_word' id='word_1_169' title='bbox 1868 2763 1965 2836; x_wconf 83' lang='lat' dir='ltr'>tactis</span> 
     </span>
     <span class='ocr_line' id='line_1_19' title="bbox 548 2885 1963 2982; baseline 0.001 -26"><span class='ocrx_word' id='word_1_170' title='bbox 548 2886 676 2956; x_wconf 88' lang='lat' dir='ltr'>sanctis</span> <span class='ocrx_word' id='word_1_171' title='bbox 690 2885 878 2978; x_wconf 88' lang='lat' dir='ltr'>evangeliis</span> <span class='ocrx_word' id='word_1_172' title='bbox 900 2886 945 2957; x_wconf 90' lang='lat' dir='ltr'>ab</span> <span class='ocrx_word' id='word_1_173' title='bbox 967 2886 1190 2980; x_wconf 87' lang='lat' dir='ltr'>imperatore,</span> <span class='ocrx_word' id='word_1_174' title='bbox 1210 2889 1395 2960; x_wconf 92' lang='lat' dir='ltr'>terminum</span> <span class='ocrx_word' id='word_1_175' title='bbox 1421 2888 1454 2959; x_wconf 92' lang='lat' dir='ltr'>ei</span> <span class='ocrx_word' id='word_1_176' title='bbox 1477 2888 1596 2960; x_wconf 92' lang='lat' dir='ltr'>statuit</span> <span class='ocrx_word' id='word_1_177' title='bbox 1618 2896 1654 2958; x_wconf 88' lang='lat' dir='ltr'>et</span> <span class='ocrx_word' id='word_1_178' title='bbox 1668 2885 1860 2973; x_wconf 91' lang='lat' dir='ltr'>ordinavit,</span> <span class='ocrx_word' id='word_1_179' title='bbox 1877 2907 1963 2982; x_wconf 90' lang='lat' dir='ltr'>pre-</span> 
     </span>
     <span class='ocr_line' id='line_1_20' title="bbox 547 3005 1962 3103; baseline 0.001 -24"><span class='ocrx_word' id='word_1_180' title='bbox 547 3005 709 3103; x_wconf 90' lang='lat' dir='ltr'>cipiendo</span> <span class='ocrx_word' id='word_1_181' title='bbox 727 3008 759 3080; x_wconf 91' lang='lat' dir='ltr'>ei</span> <span class='ocrx_word' id='word_1_182' title='bbox 774 3007 840 3078; x_wconf 93' lang='lat' dir='ltr'>sub</span> <span class='ocrx_word' id='word_1_183' title='bbox 858 3009 995 3082; x_wconf 85' lang='lat' dir='ltr'>vinculo</span> <span class='ocrx_word' id='word_1_184' title='bbox 1006 3011 1194 3102; x_wconf 88' lang='lat' dir='ltr'>juramenti</span> <span class='ocrx_word' id='word_1_185' title='bbox 1213 3021 1249 3084; x_wconf 89' lang='lat' dir='ltr'>et</span> <span class='ocrx_word' id='word_1_186' title='bbox 1265 3009 1634 3084; x_wconf 87' lang='lat' dir='ltr'>excommunicationis</span> <span class='ocrx_word' id='word_1_187' title='bbox 1653 3018 1691 3079; x_wconf 92' lang='lat' dir='ltr'>ut</span> <span class='ocrx_word' id='word_1_188' title='bbox 1708 3009 1755 3081; x_wconf 93' lang='lat' dir='ltr'>ad</span> <span class='ocrx_word' id='word_1_189' title='bbox 1779 3009 1962 3080; x_wconf 90' lang='lat' dir='ltr'>terminum</span> 
     </span>
     <span class='ocr_line' id='line_1_21' title="bbox 547 3131 1958 3230; baseline 0 -26"><span class='ocrx_word' id='word_1_190' title='bbox 547 3139 712 3204; x_wconf 88' lang='lat' dir='ltr'>statutum</span> <span class='ocrx_word' id='word_1_191' title='bbox 745 3153 824 3204; x_wconf 91' lang='lat' dir='ltr'>cum</span> <span class='ocrx_word' id='word_1_192' title='bbox 857 3133 950 3204; x_wconf 91' lang='lat' dir='ltr'>omni</span> <span class='ocrx_word' id='word_1_193' title='bbox 983 3145 1085 3225; x_wconf 90' lang='lat' dir='ltr'>gente</span> <span class='ocrx_word' id='word_1_194' title='bbox 1117 3158 1222 3229; x_wconf 88' lang='lat' dir='ltr'>quam</span> <span class='ocrx_word' id='word_1_195' title='bbox 1251 3135 1379 3208; x_wconf 92' lang='lat' dir='ltr'>babere</span> <span class='ocrx_word' id='word_1_196' title='bbox 1409 3133 1559 3230; x_wconf 89' lang='lat' dir='ltr'>potuerit</span> <span class='ocrx_word' id='word_1_197' title='bbox 1584 3143 1794 3204; x_wconf 89' lang='lat' dir='ltr'>transmeare</span> <span class='ocrx_word' id='word_1_198' title='bbox 1822 3131 1958 3204; x_wconf 91' lang='lat' dir='ltr'>debeat.</span> 
     </span>
     <span class='ocr_line' id='line_1_22' title="bbox 546 3255 1961 3354; baseline 0.001 -28"><span class='ocrx_word' id='word_1_199' title='bbox 546 3257 674 3327; x_wconf 92' lang='lat' dir='ltr'>lterum</span> <span class='ocrx_word' id='word_1_200' title='bbox 696 3277 853 3327; x_wconf 93' lang='lat' dir='ltr'>summus</span> <span class='ocrx_word' id='word_1_201' title='bbox 881 3258 1038 3350; x_wconf 81' lang='lat' dir='ltr'>pontifex</span> <span class='ocrx_word' id='word_1_202' title='bbox 1062 3260 1202 3332; x_wconf 92' lang='lat' dir='ltr'>nuntios</span> <span class='ocrx_word' id='word_1_203' title='bbox 1222 3281 1304 3334; x_wconf 91' lang='lat' dir='ltr'>suos</span> <span class='ocrx_word' id='word_1_204' title='bbox 1327 3281 1388 3354; x_wconf 92' lang='lat' dir='ltr'>per</span> <span class='ocrx_word' id='word_1_205' title='bbox 1409 3259 1591 3332; x_wconf 89' lang='lat' dir='ltr'>universas</span> <span class='ocrx_word' id='word_1_206' title='bbox 1620 3257 1810 3352; x_wconf 91' lang='lat' dir='ltr'>provintias</span> <span class='ocrx_word' id='word_1_207' title='bbox 1833 3255 1961 3328; x_wconf 86' lang='lat' dir='ltr'>direxit</span> 
     </span>
     <span class='ocr_line' id='line_1_23' title="bbox 545 3379 1961 3477; baseline 0.001 -26"><span class='ocrx_word' id='word_1_208' title='bbox 545 3379 631 3452; x_wconf 89' lang='lat' dir='ltr'>viris</span> <span class='ocrx_word' id='word_1_209' title='bbox 660 3379 820 3452; x_wconf 90' lang='lat' dir='ltr'>omnibus</span> <span class='ocrx_word' id='word_1_210' title='bbox 840 3379 1071 3474; x_wconf 89' lang='lat' dir='ltr'>prudentibus</span> <span class='ocrx_word' id='word_1_211' title='bbox 1088 3393 1122 3454; x_wconf 91' lang='lat' dir='ltr'>et</span> <span class='ocrx_word' id='word_1_212' title='bbox 1139 3385 1403 3477; x_wconf 87' lang='lat' dir='ltr'>potentissimis,</span> <span class='ocrx_word' id='word_1_213' title='bbox 1424 3405 1470 3456; x_wconf 90' lang='lat' dir='ltr'>ex</span> <span class='ocrx_word' id='word_1_214' title='bbox 1487 3393 1584 3477; x_wconf 85' lang='lat' dir='ltr'>parte</span> <span class='ocrx_word' id='word_1_215' title='bbox 1600 3382 1663 3453; x_wconf 89' lang='lat' dir='ltr'>Dei</span> <span class='ocrx_word' id='word_1_216' title='bbox 1682 3381 1908 3474; x_wconf 90' lang='lat' dir='ltr'>precipientes</span> <span class='ocrx_word' id='word_1_217' title='bbox 1926 3391 1961 3452; x_wconf 89' lang='lat' dir='ltr'>et</span> 
     </span>
     <span class='ocr_line' id='line_1_24' title="bbox 545 3503 1959 3600; baseline 0.002 -27"><span class='ocrx_word' id='word_1_218' title='bbox 545 3503 581 3573; x_wconf 93' lang='lat' dir='ltr'>in</span> <span class='ocrx_word' id='word_1_219' title='bbox 609 3503 809 3575; x_wconf 89' lang='lat' dir='ltr'>remissione</span> <span class='ocrx_word' id='word_1_220' title='bbox 838 3515 1055 3597; x_wconf 88' lang='lat' dir='ltr'>peccatorum</span> <span class='ocrx_word' id='word_1_221' title='bbox 1083 3527 1201 3576; x_wconf 88' lang='lat' dir='ltr'>eorum</span> <span class='ocrx_word' id='word_1_222' title='bbox 1233 3507 1451 3600; x_wconf 76' lang='lat' dir='ltr'>injungentes</span> <span class='ocrx_word' id='word_1_223' title='bbox 1480 3515 1518 3577; x_wconf 94' lang='lat' dir='ltr'>ut</span> <span class='ocrx_word' id='word_1_224' title='bbox 1547 3505 1583 3576; x_wconf 89' lang='lat' dir='ltr'>in</span> <span class='ocrx_word' id='word_1_225' title='bbox 1607 3525 1812 3576; x_wconf 92' lang='lat' dir='ltr'>succursum</span> <span class='ocrx_word' id='word_1_226' title='bbox 1837 3505 1959 3576; x_wconf 88' lang='lat' dir='ltr'>Sancte</span> 
     </span>
     <span class='ocr_line' id='line_1_25' title="bbox 545 3627 1958 3722; baseline 0.001 -24"><span class='ocrx_word' id='word_1_227' title='bbox 545 3627 647 3698; x_wconf 89' lang='lat' dir='ltr'>Terre</span> <span class='ocrx_word' id='word_1_228' title='bbox 676 3646 820 3719; x_wconf 79' lang='lat' dir='ltr'>pergere</span> <span class='ocrx_word' id='word_1_229' title='bbox 834 3701 837 3708; x_wconf 69' lang='grc'><strong>,</strong></span> <span class='ocrx_word' id='word_1_230' title='bbox 849 3627 1060 3700; x_wconf 90' lang='lat' dir='ltr'>festinarent.</span> <span class='ocrx_word' id='word_1_231' title='bbox 1083 3629 1240 3722; x_wconf 87' lang='lat' dir='ltr'>Cumque</span> <span class='ocrx_word' id='word_1_232' title='bbox 1255 3628 1320 3700; x_wconf 88' lang='lat' dir='ltr'>bec</span> <span class='ocrx_word' id='word_1_233' title='bbox 1337 3639 1413 3702; x_wconf 91' lang='lat' dir='ltr'>acta</span> <span class='ocrx_word' id='word_1_234' title='bbox 1432 3631 1593 3718; x_wconf 87' lang='lat' dir='ltr'>fuissent,</span> <span class='ocrx_word' id='word_1_235' title='bbox 1613 3627 1650 3698; x_wconf 92' lang='lat' dir='ltr'>in</span> <span class='ocrx_word' id='word_1_236' title='bbox 1669 3627 1822 3720; x_wconf 90' lang='lat' dir='ltr'>predicta</span> <span class='ocrx_word' id='word_1_237' title='bbox 1843 3628 1958 3699; x_wconf 88' lang='lat' dir='ltr'>incar-</span> 
     </span>
     <span class='ocr_line' id='line_1_26' title="bbox 544 3747 1957 3846; baseline 0.003 -28"><span class='ocrx_word' id='word_1_238' title='bbox 544 3749 699 3836; x_wconf 89' lang='lat' dir='ltr'>natione,</span> <span class='ocrx_word' id='word_1_239' title='bbox 724 3747 783 3820; x_wconf 93' lang='lat' dir='ltr'>die</span> <span class='ocrx_word' id='word_1_240' title='bbox 801 3749 894 3840; x_wconf 91' lang='lat' dir='ltr'>jovis</span> <span class='ocrx_word' id='word_1_241' title='bbox 914 3751 1006 3821; x_wconf 88' lang='lat' dir='ltr'>Xllll</span> <span class='ocrx_word' id='word_1_242' title='bbox 1029 3751 1194 3823; x_wconf 87' lang='lat' dir='ltr'>kalendas</span> <span class='ocrx_word' id='word_1_243' title='bbox 1220 3751 1340 3846; x_wconf 87' lang='lat' dir='ltr'>aprilis</span> <span class='ocrx_word' id='word_1_244' title='bbox 1357 3752 1443 3824; x_wconf 91' lang='lat' dir='ltr'>obiit</span> <span class='ocrx_word' id='word_1_245' title='bbox 1466 3773 1554 3845; x_wconf 91' lang='lat' dir='ltr'>papa</span> <span class='ocrx_word' id='word_1_246' title='bbox 1572 3751 1745 3822; x_wconf 86' lang='lat' dir='ltr'>Honorius</span> <span class='ocrx_word' id='word_1_247' title='bbox 1771 3761 1806 3822; x_wconf 91' lang='lat' dir='ltr'>et</span> <span class='ocrx_word' id='word_1_248' title='bbox 1823 3751 1957 3823; x_wconf 87' lang='lat' dir='ltr'>levatus</span> 
     </span>
     <span class='ocr_line' id='line_1_27' title="bbox 544 3871 1956 3969; baseline 0.003 -28"><span class='ocrx_word' id='word_1_249' title='bbox 544 3871 609 3941; x_wconf 89' lang='lat' dir='ltr'>fuit</span> <span class='ocrx_word' id='word_1_250' title='bbox 637 3892 728 3965; x_wconf 91' lang='lat' dir='ltr'>papa</span> <span class='ocrx_word' id='word_1_251' title='bbox 757 3871 953 3963; x_wconf 87' lang='lat' dir='ltr'>Gregorius.</span> <span class='ocrx_word' id='word_1_252' title='bbox 981 3875 1110 3946; x_wconf 84' lang='lat' dir='ltr'>Eodem</span> <span class='ocrx_word' id='word_1_253' title='bbox 1143 3895 1226 3948; x_wconf 89' lang='lat' dir='ltr'>vero</span> <span class='ocrx_word' id='word_1_254' title='bbox 1264 3885 1417 3969; x_wconf 87' lang='lat' dir='ltr'>tempora</span> <span class='ocrx_word' id='word_1_255' title='bbox 1450 3875 1498 3946; x_wconf 88' lang='grc' dir='ltr'>Μ.</span> <span class='ocrx_word' id='word_1_256' title='bbox 1513 3873 1733 3957; x_wconf 74' lang='lat' dir='ltr'>ccxxvii,</span> <span class='ocrx_word' id='word_1_257' title='bbox 1762 3873 1808 3944; x_wconf 91' lang='lat' dir='ltr'>de</span> <span class='ocrx_word' id='word_1_258' title='bbox 1839 3894 1956 3945; x_wconf 91' lang='lat' dir='ltr'>mense</span> 
     </span>
     <span class='ocr_line' id='line_1_28' title="bbox 544 3993 1954 4088; baseline -0.001 -22"><span class='ocrx_word' id='word_1_259' title='bbox 544 3993 669 4084; x_wconf 90' lang='lat' dir='ltr'>madii,</span> <span class='ocrx_word' id='word_1_260' title='bbox 693 3994 783 4084; x_wconf 88' lang='lat' dir='ltr'>junii</span> <span class='ocrx_word' id='word_1_261' title='bbox 807 4003 842 4065; x_wconf 89' lang='lat' dir='ltr'>et</span> <span class='ocrx_word' id='word_1_262' title='bbox 862 3995 962 4085; x_wconf 91' lang='lat' dir='ltr'>julii,</span> <span class='ocrx_word' id='word_1_263' title='bbox 990 3996 1250 4068; x_wconf 90' lang='lat' dir='ltr'>innumerabilis</span> <span class='ocrx_word' id='word_1_264' title='bbox 1278 3994 1463 4067; x_wconf 90' lang='lat' dir='ltr'>multitudo</span> <span class='ocrx_word' id='word_1_265' title='bbox 1489 3996 1644 4066; x_wconf 89' lang='lat' dir='ltr'>virorum</span> <span class='ocrx_word' id='word_1_266' title='bbox 1675 3995 1898 4088; x_wconf 89' lang='lat' dir='ltr'>prudentium</span> <span class='ocrx_word' id='word_1_267' title='bbox 1920 4004 1954 4067; x_wconf 90' lang='lat' dir='ltr'>et</span> 
     </span>
     <span class='ocr_line' id='line_1_29' title="bbox 542 4117 1952 4214; baseline -0.001 -24"><span class='ocrx_word' id='word_1_268' title='bbox 542 4118 741 4190; x_wconf 88' lang='lat' dir='ltr'>bellicorum</span> <span class='ocrx_word' id='word_1_269' title='bbox 755 4118 911 4189; x_wconf 93' lang='lat' dir='ltr'>omnium</span> <span class='ocrx_word' id='word_1_270' title='bbox 925 4119 1104 4212; x_wconf 91' lang='lat' dir='ltr'>regionum</span> <span class='ocrx_word' id='word_1_271' title='bbox 1123 4129 1157 4191; x_wconf 92' lang='lat' dir='ltr'>et</span> <span class='ocrx_word' id='word_1_272' title='bbox 1176 4119 1450 4214; x_wconf 91' lang='lat' dir='ltr'>provinciarum,</span> <span class='ocrx_word' id='word_1_273' title='bbox 1470 4118 1601 4189; x_wconf 92' lang='lat' dir='ltr'>scilicet</span> <span class='ocrx_word' id='word_1_274' title='bbox 1625 4117 1952 4208; x_wconf 86' lang='lat' dir='ltr'>Theothonicorum,</span> 
     </span>
     <span class='ocr_line' id='line_1_30' title="bbox 541 4240 1953 4336; baseline 0 -23"><span class='ocrx_word' id='word_1_275' title='bbox 541 4242 757 4329; x_wconf 90' lang='lat' dir='ltr'>Biemorum‚</span> <span class='ocrx_word' id='word_1_276' title='bbox 785 4242 1027 4333; x_wconf 91' lang='lat' dir='ltr'>Brienzorum,</span> <span class='ocrx_word' id='word_1_277' title='bbox 1057 4245 1237 4316; x_wconf 90' lang='lat' dir='ltr'>Scixorum</span> <span class='ocrx_word' id='word_1_278' title='bbox 1266 4253 1301 4315; x_wconf 88' lang='lat' dir='ltr'>et</span> <span class='ocrx_word' id='word_1_279' title='bbox 1323 4241 1467 4314; x_wconf 91' lang='lat' dir='ltr'>aliorum</span> <span class='ocrx_word' id='word_1_280' title='bbox 1500 4241 1534 4312; x_wconf 91' lang='lat' dir='ltr'>in</span> <span class='ocrx_word' id='word_1_281' title='bbox 1566 4240 1821 4336; x_wconf 89' lang='lat' dir='ltr'>septentrionali</span> <span class='ocrx_word' id='word_1_282' title='bbox 1852 4243 1953 4332; x_wconf 91' lang='lat' dir='ltr'>plaga</span> 
     </span>
     <span class='ocr_line' id='line_1_31' title="bbox 541 4363 1953 4459; baseline -0.001 -23"><span class='ocrx_word' id='word_1_283' title='bbox 541 4363 791 4450; x_wconf 87' lang='lat' dir='ltr'>habitantium,</span> <span class='ocrx_word' id='word_1_284' title='bbox 813 4365 1053 4459; x_wconf 82' lang='lat' dir='ltr'>Anglicorum,</span> <span class='ocrx_word' id='word_1_285' title='bbox 1072 4367 1270 4458; x_wconf 89' lang='lat' dir='ltr'>Frixorum,</span> <span class='ocrx_word' id='word_1_286' title='bbox 1292 4367 1517 4454; x_wconf 90' lang='lat' dir='ltr'>Francorum,</span> <span class='ocrx_word' id='word_1_287' title='bbox 1536 4364 1823 4452; x_wconf 83' lang='lat' dir='ltr'>Prouincialium,</span> <span class='ocrx_word' id='word_1_288' title='bbox 1842 4363 1953 4458; x_wconf 88' lang='lat' dir='ltr'>Yspa·</span> 
     </span>
     <span class='ocr_line' id='line_1_32' title="bbox 542 4486 1948 4584; baseline -0.001 -26"><span class='ocrx_word' id='word_1_289' title='bbox 542 4487 677 4560; x_wconf 91' lang='lat' dir='ltr'>niorum</span> <span class='ocrx_word' id='word_1_290' title='bbox 705 4497 739 4559; x_wconf 91' lang='lat' dir='ltr'>et</span> <span class='ocrx_word' id='word_1_291' title='bbox 765 4488 912 4560; x_wconf 91' lang='lat' dir='ltr'>aliarum</span> <span class='ocrx_word' id='word_1_292' title='bbox 940 4492 1121 4584; x_wconf 88' lang='lat' dir='ltr'>regionum</span> <span class='ocrx_word' id='word_1_293' title='bbox 1153 4491 1189 4561; x_wconf 94' lang='lat' dir='ltr'>in</span> <span class='ocrx_word' id='word_1_294' title='bbox 1211 4489 1376 4563; x_wconf 84' lang='lat' dir='ltr'>extremis</span> <span class='ocrx_word' id='word_1_295' title='bbox 1402 4487 1557 4582; x_wconf 90' lang='lat' dir='ltr'>partibus</span> <span class='ocrx_word' id='word_1_296' title='bbox 1586 4486 1680 4557; x_wconf 91' lang='lat' dir='ltr'>orbis</span> <span class='ocrx_word' id='word_1_297' title='bbox 1707 4486 1948 4575; x_wconf 88' lang='lat' dir='ltr'>existentium,</span> 
     </span>
    </p>
   </div>
   <div class='ocr_carea' id='block_1_2' title="bbox 582 4755 961 4836">
    <p class='ocr_par' dir='ltr' id='par_1_3' title="bbox 582 4755 961 4836">
     <span class='ocr_line' id='line_1_33' title="bbox 582 4755 961 4836; baseline 0.011 -20"><span class='ocrx_word' id='word_1_298' title='bbox 582 4755 624 4836; x_wconf 85' lang='lat' dir='ltr'>(a)</span> <span class='ocrx_word' id='word_1_299' title='bbox 646 4755 681 4818; x_wconf 90' lang='lat' dir='ltr'>ln</span> <span class='ocrx_word' id='word_1_300' title='bbox 695 4756 794 4818; x_wconf 89' lang='lat' dir='ltr'>codlce</span> <span class='ocrx_word' id='word_1_301' title='bbox 806 4757 961 4820; x_wconf 73' lang='lat' dir='ltr'>petitiones.</span> 
     </span>
    </p>
   </div>
   <div class='ocr_carea' id='block_1_3' title="bbox 0 0 2272 6074">
    <p class='ocr_par' dir='ltr' id='par_1_4' title="bbox 0 0 2272 6074">
     <span class='ocr_line' id='line_1_34' title="bbox 0 0 2272 6074; baseline 0 8"><span class='ocrx_word' id='word_1_302' title='bbox 0 0 2272 6074; x_wconf 95' lang='lat' dir='ltr'> </span> 
     </span>
    </p>
   </div>
  </div>
 </body>
</html>
