4594 6066
623 629 686 692 2³4
1099 627 1339 700 cuuourcou
1365 635 1415 694 nu
1438 633 1567 694 nauus

623 767 695 838 lent
711 765 822 861 ipsam
841 787 961 861 pacem
972 765 1038 866 (o),
1055 769 1227 848 discordia
1244 780 1318 846 orta
1336 771 1401 842 luit
1415 769 1503 842 inter
1521 789 1581 842 eos
1598 768 1780 842 occasione
1797 769 1903 844 unius
1915 774 2036 868 copule

623 898 658 962 et
668 889 716 962 ita
732 887 940 963 distulerunt
954 893 1139 967 consilium
1153 917 1264 989 nsque
1277 903 1354 991 post
1368 913 1489 984 nonas,
1503 901 1630 966 etcum
1640 894 1713 986 ium
1728 891 1812 966 bora
1825 914 1917 969 none
1933 905 2034 988 esset,

623 1009 797 1086 interdum
816 1013 1028 1107 presbiterus
1043 1017 1167 1090 Sancte
1179 1017 1345 1112 Magarite
1359 1014 1405 1090 dc
1419 1016 1527 1089 Ponte
1542 1013 1641 1088 Novo
1654 1014 1798 1088 amessit
1814 1015 1851 1088 in
1866 1016 2037 1094 Placentia

622 1133 773 1210 dicendo
793 1135 890 1231 qood
917 1137 1087 1234 capitanci
1115 1140 1160 1216 de
1182 1144 1339 1216 Fontuna
1359 1141 1576 1214 intraverunt
1601 1141 1759 1235 pervim
1784 1153 1820 1214 et
1844 1142 1974 1214 lurtum
2002 1145 2037 1216 in

622 1255 753 1331 dictum
768 1267 931 1333 castrum.
944 1261 1022 1348 Quo
1038 1263 1159 1338 audito
1172 1263 1361 1338 Placentini
1374 1273 1409 1338 et
1421 1259 1648 1336 omnistnrbu
1658 1273 1870 1335 cuonrerunt
1882 1265 1929 1338 ad
1942 1285 2038 1338 arma

620 1389 656 1452 et
673 1392 839 1474 ceperunt
854 1381 937 1457 istos
955 1385 1198 1462 ambaxatores
1219 1389 1385 1476 militum,
1401 1383 1573 1460 diceudo:
1593 1383 1748 1460 «Redite
1767 1386 1868 1458 nobie
1886 1396 2037 1460 castrum

620 1511 655 1576 et
672 1524 736 1576 nos
758 1507 982 1600 permitemus
997 1531 1063 1584 vos
1082 1511 1191 1586 abire.
1209 1537 1229 1582 o
1249 1509 1319 1584 Sed
1334 1509 1393 1583 ulii
1416 1508 1542 1582 milites
1559 1507 1764 1602 noluerunt,
1780 1517 1816 1582 et
1835 1509 1888 1582 eie
1902 1509 2038 1606 incepta

619 1635 672 1699 est
687 1648 811 1721 guerra
827 1628 917 1704 iuter
934 1633 1059 1706 milites
1073 1644 1112 1707 et
1128 1635 1307 1731 populum.
1323 1631 1429 1708 Modo
1445 1639 1565 1707 uectat
1580 1633 1751 1730 populus,
1769 1630 1875 1706 modo
1888 1633 2038 1708 Ubertns

621 1749 665 1822 de
679 1751 854 1846 Niquitate
871 1756 1048 1848 quomodo
1067 1766 1102 1832 et
1119 1759 1267 1852 qualiter
1281 1769 1422 1854 possent
1438 1778 1477 1832 se
1489 1757 1659 1852 adjuvare
1674 1757 1847 1832 etamicos
1859 1758 2038 1852 acquirere

619 1873 715 1968 qood
736 1874 803 1947 sibi
826 1887 980 1971 prestant
1003 1881 1176 1954 auxilium
1196 1891 1315 1956 contra
1330 1882 1467 1954 milites.
1488 1879 1553 1954 Die
1571 1900 1656 1955 vero
1673 1889 1802 1954 statuto
1824 1889 1860 1952 et
1878 1879 2037 1954 ordinato

619 1995 655 2066 in
677 1997 799 2070 ultimo
819 1999 878 2072 die
900 2003 1031 2076 mensis
1054 2005 1193 2100 aprilis,
1214 2003 1360 2078 Ubertos
1376 2003 1529 2078 marchio
1549 2003 1768 2078 Palavicinus
1788 2011 1938 2099 potestas
1956 2003 2037 2076 Cre·

619 2141 819 2194 monacum
843 2125 965 2198 militia
982 2125 1148 2200 Cremona
1170 2137 1206 2201 ct
1229 2129 1396 2201 militibus
1415 2127 1620 2202 extrinsecis
1642 2123 1688 2200 de
1704 2125 1827 2200 Parma
1841 2126 2038 2220 equitantes

618 2261 698 2315 com
711 2247 840 2340 populo
851 2257 886 2320 et
898 2249 1027 2324 milicia
1042 2252 1162 2348 populi
1176 2251 1348 2326 Placentia
1363 2259 1529 2348 ceperunt
1541 2250 1691 2345 burgum
1705 2250 1891 2344 llirulgarii
1902 2259 1938 2321 et
1949 2247 2038 2322 illud

618 2368 871 2443 combuxerunt
884 2381 919 2444 et
931 2373 1050 2470 plures
1067 2375 1196 2464 milites
1210 2376 1259 2449 ibi
1274 2384 1451 2471 oeperunt.
1471 2373 1636 2470 Sequenti
1653 2372 1849 2448 ebdomada
1868 2381 2035 2468 ceperunt

617 2500 767 2565 casuum
782 2493 894 2588 Raglii
913 2517 976 2591 per
996 2498 1080 2591 vim,
1103 2500 1139 2570 in
1150 2521 1222 2595 quo
1238 2509 1403 2596 ceperunt
1419 2498 1498 2595 plus
1512 2495 1612 2572 XXX
1630 2497 1756 2570 milites
1772 2504 1808 2568 et
1819 2495 1947 2568 multos
1964 2515 2038 2568 ser·

615 2614 750 2688 vientes
766 2614 811 2690 de
825 2619 1056 2694 Valdestulola
1072 2622 1134 2717 qui
1161 2623 1244 2696 illoc
1271 2630 1438 2696 venerant
1462 2621 1499 2694 in
1518 2620 1703 2696 servicium
1727 2621 1877 2693 militum
1895 2621 2037 2692 Placen·

617 2739 770 2812 tinorum
784 2750 819 2814 et
834 2742 952 2838 plures
967 2746 1113 2819 rusticos
1130 2747 1242 2842 ipsius
1260 2747 1344 2838 leci,
1364 2755 1399 2819 et
1414 2747 1530 2841 ipsum
1545 2755 1695 2820 castrum
1712 2753 1823 2819 totum
1841 2743 2037 2818 combuxe-

615 2873 719 2956 runt;
734 2863 915 2939 redierunt
932 2868 969 2939 in
990 2869 1165 2942 civitatem
1179 2869 1351 2942 Placentie
1368 2879 1404 2942 et
1419 2867 1665 2944 destruxerunt
1678 2869 1782 2943 etiam
1797 2877 1937 2964 pontem
1949 2864 2035 2942 Padi

616 2994 759 3082 propter
780 2987 937 3064 timorem
954 2989 1278 3066 Mediolanensium.

666 3109 705 3183 ln
724 3113 883 3207 proximo
902 3117 1139 3210 mensejunii,
1161 3116 1381 3191 Innocentius
1397 3135 1489 3213 papa
1507 3113 1569 3189 llll
1591 3115 1705 3188 sciens
1728 3113 1774 3188 de
1796 3122 1907 3187 morte
1924 3113 2036 3210 impe·

617 3233 740 3307 ratorie
764 3236 861 3308 veuit
882 3259 905 3312 a
924 3237 1123 3334 Luguduno
1146 3241 1291 3314 lanuam
1310 3247 1345 3312 et
1369 3238 1405 3312 in
1423 3237 1593 3336 proximis
1612 3235 1772 3311 kalendis
1790 3235 1872 3330 julii
1897 3236 2038 3309 intravit

616 3353 865 3432 Mediolanum.

667 3477 706 3552 iu
722 3481 881 3576 proximo
900 3503 1018 3556 meuse
1034 3483 1260 3581 septembris,
1289 3485 1417 3558 Lucius
1438 3483 1485 3558 de
1502 3479 1683 3558 Vistudiuo
1706 3481 1769 3578 qni
1796 3491 1870 3556 erat
1889 3503 2037 3578 magnus

619 3599 666 3676 de
693 3613 790 3697 parto
819 3605 1105 3702 Ovcrgnogorum
1136 3608 1255 3682 laude
1279 3609 1410 3682 babens
1430 3616 1593 3681 trutatom
1617 3625 1698 3678 oum
1719 3604 2036 3680 Mediolanensibus

619 3726 702 3800 lecit
718 3747 757 3800 se
779 3739 884 3825 caput
899 3730 1046 3803 aliorum
1063 3739 1098 3804 et
1116 3730 1312 3806 introduxit
1328 3729 1603 3804 Mediolanenses
1624 3737 1661 3804 et
1680 3729 1878 3804 Cremaseos
1897 3737 1934 3800 et
1949 3727 2035 3800 bau·

620 3848 712 3922 nitus
726 3849 844 3924 Laude
859 3861 894 3924 et
910 3851 988 3926 illos
1003 3852 1048 3928 de
1061 3853 1242 3926 Sumariva
1259 3852 1295 3924 in
1312 3851 1445 3946 Lauda
1458 3861 1494 3926 et
1509 3851 1665 3927 marchio
1677 3851 1804 3925 Lancia
1820 3851 1882 3946 qui
1900 3851 1951 3924 ibi
1965 3861 2036 3926 erat

621 3991 686 4070 pro
703 3971 910 4068 imperatore
930 3972 1063 4047 redusit
1085 3995 1123 4046 se
1149 3973 1185 4046 in
1206 3975 1372 4048 torticium
1393 3995 1500 4072 quam
1524 3975 1574 4049 ibi
1597 3973 1726 4049 iecerat
1742 3969 1818 4048 fieri
1838 3973 2032 4069 imperator.

622 4093 700 4181 Quo
714 4093 834 4170 audito
849 4095 1073 4171 incontinenti
1087 4097 1233 4170 chrtus
1245 4097 1462 4174 Palavicinus
1470 4117 1551 4172 com
1559 4094 1849 4172 Cremonensibus
1862 4105 1897 4168 et
1908 4095 1934 4167 C
1947 4095 2035 4168 mili·

622 4216 716 4290 tibus
732 4219 812 4292 etD
829 4219 1005 4314 peditibus
1022 4221 1140 4316 populi
1161 4221 1333 4296 Placentia
1356 4221 1438 4294 illuc
1459 4226 1679 4296 accesserunt
1700 4227 1735 4294 et
1762 4217 1930 4312 albergati
1955 4227 2035 4289 sont

624 4340 713 4414 inter
728 4339 879 4434 burgum
901 4353 936 4414 et
957 4343 1153 4418 incivitate
1180 4339 1300 4418 laude
1321 4343 1489 4418 detersos
1511 4353 1645 4442 portam
1665 4342 1930 4418 Cremonensem
1951 4361 2036 4413 cur·

624 4472 739 4538 rentes
752 4472 788 4536 et
800 4465 984 4561 preliantes
998 4467 1087 4542 inter
1100 4467 1276 4543 civitatem
1288 4465 1407 4542 Laude
1424 4489 1538 4564 usque
1554 4467 1654 4565 quusi
1673 4467 1709 4540 in
1726 4467 1889 4562 plateam.
1905 4462 2034 4539 Medio-

667 4729 710 4812 (α)
732 4730 973 4800 Locnsmutilua.
