4534 6074
691 659 934 724 cutortcort
960 657 1261 726 rutcudrtlttttt
1630 661 1689 724 105

317 795 381 868 ilie
398 795 583 870 martislll
603 795 734 870 mersis
757 797 912 874 octubris
930 797 1057 870 milites
1081 806 1115 870 et
1133 794 1267 892 pedites
1290 793 1463 871 Placentia
1471 793 1689 888 ,inpietate

267 919 675 994 comumneoboetititer
698 920 874 996 civitaten
900 921 1303 1012 anteriorandum
1328 917 1375 1010 ad
1400 927 1517 1013 partes
1537 920 1690 1010 Fortiana

267 1051 303 1116 et
317 1043 478 1118 Oblubro
487 1043 696 1138 dirigentes,
715 1043 886 1138 quosdam
904 1044 1026 1123 domos
1039 1065 1111 1138 que
1131 1054 1229 1117 erut
1244 1051 1345 1116 extra
1358 1041 1509 1136 burgum
1526 1043 1689 1136 dicmur

267 1167 513 1245 combussisse.
537 1169 594 1242 illi
616 1189 701 1244 vcro
723 1169 905 1264 quierant
925 1169 961 1244 in
981 1177 1092 1244 metro
1113 1167 1267 1242 Portare
1287 1167 1603 1262 burgum-egregie
1625 1167 1688 1257 def

268 1293 453 1366 tendentes
468 1294 618 1390 prelium
629 1315 720 1367 curul
730 1293 817 1388 ipsis
833 1293 1066 1378 comiserunt,
1086 1293 1212 1366 multos
1229 1291 1500 1369 roboraverunt
1516 1301 1551 1364 et
1566 1313 1690 1386 quarte

267 1414 386 1509 plures
408 1425 575 1510 ceperunt
599 1423 634 1488 et
658 1415 762 1488 etiam
782 1415 970 1510 quemdam
993 1437 1039 1490 ex
1061 1414 1281 1509 magnatibus
1307 1413 1427 1508 populi
1449 1417 1560 1489 *morti
1576 1418 1690 1506 'tradit

269 1537 409 1612 derunt.
442 1538 608 1613 Videntcs
633 1539 786 1635 plebagii
822 1540 919 1634 quod
943 1541 1056 1612 lacere
1085 1537 1312 1634 peroptabant
1341 1535 1388 1610 ad
1414 1535 1518 1611 linem
1546 1539 1689 1614 minime

268 1663 463 1756 perducere
487 1684 608 1758 posse,
636 1683 718 1735 cum
745 1663 864 1736 dolore
891 1671 926 1736 et
955 1658 1093 1734 tristitia
1119 1668 1345 1734 recesserunt.
1375 1659 1490 1732 Altera
1520 1682 1604 1734 vero
1631 1661 1690 1734 die

268 1785 500 1858 castrametati
519 1787 661 1859 luerunt
681 1807 789 1882 prope
807 1795 957 1858 castrum
973 1786 1142 1875 Obluhre,
1164 1783 1294 1858 ibidem
1313 1804 1352 1855 so
1365 1805 1445 1855 cum
1464 1784 1691 1880 Papiensibus

268 1907 357 1980 viris
379 1907 523 2004 perfidis
541 1908 840 1982 coadunaverunt.
858 1910 979 1982 Fertur
996 1910 1032 1980 in
1051 1907 1208 1980 subsidio
1229 1907 1347 2004 populi
1367 1907 1541 1980 Placentie
1555 1909 1605 1982 CC
1621 1911 1692 1982 mi·

269 2029 348 2104 lites
372 2040 407 2104 et
430 2031 506 2105 CCC
530 2031 666 2127 pedites
694 2031 844 2106 venisse.
874 2033 1004 2106 illoram
1030 2031 1078 2104 ibi
1110 2031 1273 2104 iacientes
1296 2035 1412 2104 conati
1440 2043 1522 2104 sunt
1541 2043 1691 2104 castrum

270 2153 359 2228 illud
386 2178 467 2228 cum
492 2156 686 2230 balactariis
714 2167 750 2229 et
775 2156 960 2250 sagittariis
980 2163 1016 2228 et
1044 2155 1212 2251 predariis
1238 2177 1443 2250 expugnare
1469 2165 1505 2228 ct
1526 2165 1693 2230 steterunt

270 2278 363 2350 circa
385 2278 474 2352 illud
496 2289 648 2352 castrum
671 2301 782 2374 usqua
799 2279 845 2352 ad
864 2277 958 2352 diem
977 2279 1060 2352 lune
1077 2281 1164 2350 vtltt
1181 2280 1310 2351 mensis
1325 2279 1495 2370 octubris,
1518 2290 1553 2352 et
1573 2301 1615 2352 ea
1635 2279 1693 2352 die

271 2402 362 2476 illud
384 2402 584 2475 babuerunt
605 2404 669 2478 sed
696 2425 766 2477 non
792 2399 970 2500 pervim,
996 2401 1059 2474 sed
1085 2423 1133 2474 ex
1157 2410 1271 2496 pacto.
1296 2401 1472 2474 Dedcrunt
1494 2408 1671 2498 namque!
1720 2409 1771 2454 1³0¹·
1782 2409 1844 2453 ¹⁰⁶'

271 2522 453 2594 fidentiam
471 2525 508 2593 in
523 2545 582 2596 ere
601 2533 637 2596 et
653 2526 808 2620 personis
826 2527 990 2598 omnibus
1006 2526 1132 2620 inipso
1150 2533 1262 2598 castro
1278 2525 1522 2600 existentibus.
1542 2527 1618 2600 Alia
1636 2526 1694 2600 die

271 2665 352 2716 cum
384 2644 615 2740 papiensibus
641 2669 763 2720 versus
789 2647 931 2743 Papiam
959 2657 1178 2720 accesserunt
1205 2649 1241 2719 in
1267 2649 1401 2721 auxilio
1425 2671 1558 2722 eorum.
1589 2652 1696 2724 Dice-

271 2765 375 2837 batur
392 2766 484 2838 enim
500 2767 597 2862 quod
615 2768 892 2844 Mediolanenses
908 2769 944 2841 in
961 2770 1168 2844 Lumiliuam
1187 2771 1417 2861 intraverant;
1440 2771 1592 2868 plebagii
1610 2797 1695 2848 vero

270 2909 334 2984 per
346 2911 477 2982 aquam
498 2891 582 2964 Padi
599 2892 807 2965 Placentiam
825 2893 1014 2966 redierunt.

320 3013 454 3087 Eodem
482 3035 602 3086 mensa
630 3015 815 3110 populares
837 3016 1008 3088 Placentie
1028 3018 1208 3111 elegerunt
1234 3015 1270 3088 in
1295 3027 1498 3110 potestatem
1525 3019 1696 3114 bolenge-

271 3135 362 3206 rium
382 3137 591 3230 illastagium
609 3138 722 3217 civem
741 3139 924 3230 Cremone;
944 3139 1003 3212 dio
1019 3161 1100 3212 vero
1117 3139 1254 3212 veneris
1270 3139 1348 3211 Xlll
1369 3139 1536 3216 kalendas
1553 3165 1696 3216 novem-

271 3257 345 3330 bris
360 3255 412 3352 (l)
431 3258 608 3332 civitatem
629 3260 803 3333 Placentia
828 3263 969 3334 intravit
996 3271 1032 3334 et
1060 3285 1102 3334 ea
1127 3261 1185 3336 die
1217 3263 1373 3356 regimen
1405 3265 1516 3360 ipsius
1547 3268 1696 3341 civitatis

268 3380 414 3474 juravit.
431 3379 495 3454 Die
516 3383 677 3454 mercurii
696 3383 775 3456 Xlll
792 3384 920 3456 mensis
939 3383 1133 3458 decembris
1151 3387 1242 3458 facta
1264 3389 1331 3459 luit
1352 3411 1424 3483 par
1451 3400 1487 3462 et
1512 3393 1696 3466 concordia

271 3513 307 3576 et
334 3503 560 3576 sacramentis
596 3502 729 3578 lirmata
753 3505 843 3578 inter
870 3506 995 3580 milites
1018 3519 1054 3580 et
1080 3509 1248 3605 populum
1278 3511 1452 3586 Placentia
1486 3514 1522 3586 in
1555 3517 1696 3611 publica

272 3627 439 3700 concione
455 3627 491 3698 in
509 3627 623 3723 platea
637 3629 777 3720 majoris
792 3629 937 3702 ecclesie
950 3643 1169 3726 congregata,
1182 3632 1323 3707 domino
1335 3635 1488 3710 Obizene
1504 3639 1695 3736 lllalaspina

271 3751 474 3823 marchione
496 3759 665 3847 potestate
685 3751 808 3825 militie
822 3761 857 3825 et
875 3753 1015 3827 domino
1033 3755 1222 3848 bellagario
1240 3767 1408 3854 potestate
1424 3763 1557 3856 populi.

323 3873 387 3946 Dia
400 3873 576 3948 dominico
593 3873 706 3970 pridie
725 3874 891 3948 kalendas
903 3877 1072 3969 januarii,
1093 3879 1129 3950 in
1145 3879 1247 3975 plena
1265 3883 1430 3956 concione
1445 3884 1481 3956 in
1495 3887 1608 3982 platea
1628 3911 1694 3983 pu-

272 3997 365 4070 blica
386 4000 601 4106 coadunatap
627 3999 790 4072 dominus
816 3999 965 4074 Obertus
990 4003 1188 4078 vicecomes
1207 4005 1320 4078 dictus
1340 4008 1407 4080 luit
1426 4020 1575 4104 potestas
1598 4033 1692 4085 com·

273 4121 390 4193 munis
415 4123 588 4196 Placentia
605 4144 668 4218 pro
686 4123 855 4196 militibus
878 4134 914 4196 et
939 4125 1102 4199 dominus
1128 4127 1330 4204 Guillelmus
1349 4129 1395 4204 de
1415 4132 1544 4208 Audito
1563 4133 1614 4232 (a)
1631 4159 1693 4232 pro

273 4245 415 4339 pupulo.

315 4443 358 4523 (a)
380 4445 417 4506 ln
430 4443 532 4506 codice
545 4441 580 4504 dt
590 4443 708 4508 Andro.

310 4760 348 4834 (t)
367 4761 405 4818 lte
417 4761 545 4820 vendrodi
557 4765 592 4822 20
607 4763 727 4823 octobre.
