4534 6074
605 677 646 739 50
1028 681 1269 746 GMliONlCOM
1295 685 1597 748 Pnncnuulrtttts.

605 815 710 888 totins
735 837 853 888 eorum
876 817 983 912 partis
1008 819 1249 892 ambaxatores
1279 820 1323 894 de
1351 821 1514 895 mandato
1539 818 1671 894 domini
1694 841 1784 914 pape
1810 839 2014 915 perrexere,

604 949 782 1034 sperantes
815 950 849 1012 et
881 941 1058 1016 credentes
1094 943 1302 1017 discordiam
1337 967 1407 1041 que
1442 955 1496 1018 est
1524 945 1614 1016 inter
1646 941 1826 1016 dominum
1860 943 2017 1015 Ottunem

619 1073 844 1159 mperatorem
873 1074 908 1137 et
934 1065 1155 1138 Fredericum
1186 1068 1322 1142 Scicilie
1349 1089 1464 1163 regem
1494 1067 1650 1142 acordari
1677 1067 1805 1140 debere
1832 1067 1959 1161 pariter
1985 1073 2019 1137 et
2115 1119 2119 1127 .

606 1189 749 1285 pacisci.

657 1314 720 1386 Die
752 1335 836 1386 vero
873 1313 1009 1404 martis,
1044 1315 1104 1387 llll
1131 1314 1298 1390 kalendas
1330 1317 1481 1410 januarii
1512 1313 1581 1412 (l),
1608 1315 1792 1412 episcopus
1828 1314 2019 1386 Parmensis

606 1461 686 1512 cum
712 1447 827 1510 nostre
854 1438 1004 1510 civitatis
1030 1439 1151 1531 legatis
1181 1440 1354 1514 civitatem
1383 1441 1555 1514 Placentie
1578 1463 1600 1514 a
1627 1441 1735 1512 Roma
1764 1438 1925 1529 veniens,
1952 1459 2019 1510 vo-

607 1563 739 1634 luntate
765 1571 800 1635 et
825 1572 986 1658 precepto
1010 1563 1137 1634 summi
1162 1564 1354 1658 pontificis,
1376 1565 1550 1638 Placentia
1570 1563 1745 1638 civitatem
1769 1564 1815 1639 de
1842 1561 2020 1634 interdictu

607 1686 772 1760 extraxit.

655 1809 704 1881 Μ.
721 1809 783 1882 CC.
797 1809 892 1898 XVI,
911 1829 1030 1880 mense
1052 1809 1225 1900 ianuarii,
1251 1809 1368 1884 Padus
1388 1811 1537 1904 gelavit,
1562 1811 1610 1883 ita
1639 1808 1735 1904 quod
1758 1809 1918 1882 homiues
1939 1831 2021 1881 cnr-

607 1931 717 2005 rendo
735 1931 832 2003 ibant
854 1932 899 2004 ab
914 1953 985 2003 una
1002 1942 1097 2026 parte
1115 1933 1190 2028 ripe
1210 1955 1324 2027 usqne
1339 1934 1385 2007 ad
1402 1934 1525 2018 aliam,
1544 1943 1580 2006 et
1593 1933 1757 2006 dicebaut
1773 1931 1870 2026 quud
1892 1953 1914 2004 a
1929 1933 2020 2005 Buca

607 2057 735 2130 Taliate
751 2056 787 2126 in
801 2059 921 2130 losum
937 2056 1093 2130 homines
1105 2057 1297 2152 potuissent
1312 2058 1418 2130 ivisse
1431 2080 1494 2154 per
1508 2059 1635 2130 lectum
1654 2055 1740 2128 Padi
1756 2077 1862 2150 super
1877 2055 2020 2146 glaciem

607 2181 782 2274 usquead
804 2191 944 2276 pontem
965 2182 1141 2254 Cremone.
1161 2183 1204 2254 Et
1228 2183 1276 2256 ita
1299 2183 1363 2254 luit
1387 2180 1559 2276 perfidum
1576 2180 1664 2254 illud
1684 2179 1764 2274 gelu
1787 2178 1884 2274 qnod
1905 2179 2017 2274 panis,

607 2307 683 2401 pira
699 2314 734 2378 et
749 2327 871 2399 poma,
892 2313 927 2376 et
949 2305 1017 2376 alia
1037 2327 1107 2399 que
1124 2305 1397 2379 comedebantur
1414 2305 1480 2377 vix
1490 2313 1647 2402 poterunt
1659 2303 1766 2378 incidi
1786 2325 1852 2376 nec
1865 2303 2018 2393 comedi,

609 2429 676 2501 nisi
695 2429 804 2524 primo
819 2429 900 2521 igne
914 2429 1182 2501 calefacereutur
1197 2439 1232 2500 et
1247 2428 1518 2524 disgelarentur3
1539 2440 1575 2503 et
1592 2428 1732 2502 duravit
1750 2425 1840 2500 illud
1857 2427 1937 2521 gelu
1954 2435 2022 2498 tam

609 2575 774 2646 magnum
793 2554 943 2646 amplius
960 2552 1098 2624 dnobus
1117 2553 1305 2626 mensibus.

658 2675 785 2750 MCC.
806 2677 906 2766 XVI,
922 2675 1109 2748 indictione
1125 2678 1199 2766 llll,
1222 2676 1415 2749 cardinales
1433 2697 1551 2748 meuse
1570 2675 1677 2748 madii
1692 2673 1740 2748 ad
1758 2674 1934 2747 civitatem
1952 2674 2024 2745 Pla·

611 2802 723 2876 centie
743 2810 935 2891 venerunt,
966 2799 1120 2873 dicentes
1139 2801 1172 2872 ei
1196 2823 1242 2873 ex
1261 2811 1357 2896 parte
1375 2800 1502 2870 summi
1520 2799 1692 2895 pontilicis
1715 2808 1755 2870 ut
1776 2808 1933 2892 treguam
1958 2797 2025 2870 Pa-

611 2926 789 3022 piensibus
815 2931 986 3014 tenerent,
1006 2945 1070 2996 nec
1092 2945 1152 2996 eos
1176 2924 1350 2997 offendere
1378 2923 1574 2996 deberent:
1595 2922 1692 3018 quod
1717 2923 1746 2994 si
1774 2924 1942 3012 iacerent,
1968 2943 2026 2994 eos

612 3049 875 3140 interdicerent;
907 3046 1033 3121 deinde
1056 3049 1194 3120 iverunt
1223 3047 1457 3120 Mediolanum
1487 3047 1538 3119 eis
1564 3047 1690 3118 similia
1722 3047 1829 3120 verba
1857 3045 2022 3119 dicentes.

612 3173 887 3246 Mediolanenses
902 3181 1018 3244 autem
1036 3183 1071 3245 et
1089 3173 1278 3246 Placentini
1297 3175 1452 3245 nolentes
1472 3194 1493 3246 a
1511 3173 1686 3269 proposito
1700 3172 1865 3247 desistere
1884 3191 2024 3262 eurum,

613 3299 650 3370 in
668 3307 758 3370 terra
774 3297 995 3393 Papiensium
1019 3297 1186 3370 hostiliter
1205 3298 1440 3389 intraverunt,
1464 3307 1499 3370 et
1516 3297 1596 3372 ideo
1621 3297 1795 3370 civitatem
1812 3295 1983 3368 Placentie
1995 3303 2029 3367 et

613 3421 801 3496 Mediolani
822 3423 888 3494 sub
902 3421 1084 3494 interdicto
1099 3431 1299 3516 posuerunt.

685 3544 692 3646 Ι
714 3547 846 3619 Eodem
863 3567 968 3638 anno,
981 3545 1039 3618 die
1052 3546 1157 3638 jovis,
1178 3547 1236 3616 llll
1256 3546 1421 3620 lralendas
1441 3545 1531 3639 junii
1550 3544 1614 3641 (2),
1632 3545 1759 3616 milites
1776 3553 1812 3615 et
1829 3541 1962 3638 pedites
1986 3539 2029 3613 de

616 3681 765 3770 quatuor
778 3671 886 3766 portis
900 3670 1086 3744 Mediolani
1102 3692 1181 3741 cum
1197 3669 1351 3764 deguriis
1366 3671 1584 3743 commitatus
1599 3689 1719 3740 eornm
1736 3667 1821 3762 ipsis
1833 3663 1943 3761 portis
1953 3685 2029 3758 per·

618 3798 819 3884 fluentibus,
832 3795 1061 3867 castrametati
1080 3795 1217 3866 luerunt
1235 3795 1324 3865 ultra
1336 3793 1470 3866 Padum
1484 3793 1519 3864 in
1529 3791 1704 3878 Romalis,
1723 3799 1758 3861 et
1772 3789 1831 3860 illa
1846 3787 1905 3860 die
1919 3786 2031 3858 etalia

621 3919 680 3994 die
697 3918 857 4013 sequenti
871 3939 909 3990 se
924 3917 1208 3990 coadunaverunt
1220 3915 1363 3989 ibidem.
1380 3915 1496 3989 Altera
1511 3916 1642 3989 scilicet
1660 3913 1718 3986 die
1732 3911 1867 3984 sabbati
1879 3919 2032 4006 transpa-

624 4045 797 4120 davernnt
815 4053 850 4114 et
864 4039 1028 4135 hospitati
1047 4041 1186 4112 luerunt
1202 4041 1289 4111 inter
1306 4040 1477 4112 Tidouunr
1498 4049 1532 4112 et
1549 4041 1755 4111 Sarmatnm.
1776 4037 1841 4107 Die
1863 4057 1947 4107 uero
1964 4033 2033 4105 do-

623 4169 749 4241 minica
762 4167 921 4262 proxima
934 4166 1108 4255 ueniente,
1125 4165 1160 4236 in
1175 4167 1261 4238 festo
1274 4165 1404 4238 Pascbe
1419 4165 1647 4254 Pentecostes,
1663 4161 1849 4234 Placentini
1864 4159 1989 4231 milites
2001 4167 2034 4230 et

625 4293 762 4390 pedites
778 4301 876 4386 porte
897 4291 1011 4362 Sancti
1027 4289 1192 4362 Antonini
1214 4300 1248 4362 et
1265 4299 1362 4386 porte
1376 4291 1473 4363 Nove
1498 4299 1532 4360 et
1548 4299 1644 4383 purte
1662 4285 1778 4360 Sancti
1795 4281 1969 4356 Laurentii
1991 4279 2035 4353 de

627 4417 766 4488 civitate
779 4413 951 4488 Placentie
972 4411 1134 4485 exierunt
1150 4422 1185 4485 et
1210 4435 1251 4485 ea
1271 4412 1329 4486 die
1346 4413 1442 4509 opud
1458 4413 1576 4486 villam
1595 4411 1739 4484 Sarmati
1758 4409 2031 4502 albergaverunt.

665 4724 700 4797 (t)
718 4724 755 4779 Le
766 4721 852 4777 mardi
863 4723 898 4776 29
910 4719 1062 4776 decembre.

667 4825 704 4896 tt)
723 4823 760 4876 Lu
770 4817 845 4892 jeudi
861 4821 896 4876 26
916 4817 970 4874 mai
984 4819 1065 4874 tals.
1081 4817 1147 4872 Date
1160 4819 1262 4872 exacte.
