4594 6066
604 597 662 660 188
1075 596 1317 664 cttuortlcott
1341 603 1396 662 od
1419 602 1546 664 llllllllS

600 732 758 828 imperio,
779 754 849 827 que
868 729 976 832 [com]
992 733 1085 808 vires
1098 757 1180 810 suas
1198 738 1339 812 exercet
1355 737 1404 835 (c)
1424 737 1462 810 in
1480 735 1687 832 quemlibet,
1707 757 1807 830 reges
1824 745 1859 808 et
1875 734 2011 810 Cesares

599 875 668 927 nou
691 857 860 948 agnoscit.
884 856 1046 929 Fatomur
1071 859 1167 953 quod
1194 861 1269 933 vivi
1295 861 1386 955 regis
1412 859 1574 956 superbia
1592 855 1640 955 (l)
1657 859 1748 932 flecti
1776 858 2008 953 nequivimus.

598 977 726 1050 Sumus
742 987 856 1052 tamen
873 979 985 1074 ipsius
999 1003 1082 1054 casu
1100 983 1205 1056 valde
1222 984 1402 1078 commoti,
1419 1005 1542 1058 sumus
1558 992 1674 1056 mmen
1690 1003 1810 1056 eorum
1831 1003 1897 1056 nso
1912 983 2009 1078 primi

598 1119 664 1173 nec
680 1101 792 1173 ultimi
810 1103 872 1196 qui
888 1103 1214 1198 transgredientium
1234 1107 1439 1181 detrimenta
1456 1106 1607 1181 liliorum
1623 1106 1837 1202 pertulerunt
1850 1116 1888 1180 et
1900 1106 2008 1180 nicbi·

530 1269 535 1280 ·
597 1223 748 1298 lominus
770 1234 850 1321 post
874 1225 1017 1299 modum
1037 1229 1160 1302 lunera
1187 1229 1408 1326 deplorarint.
1438 1232 1543 1304 Luxit
1571 1249 1723 1324 namque
1748 1227 1864 1302 David
1894 1229 2008 1304 triduo

596 1349 864 1442 primogenitum
881 1351 1089 1425 Absalonem
1104 1359 1141 1426 el
1157 1353 1194 1426 in
1214 1355 1391 1452 Pompegii
1404 1355 1522 1450 generi
1537 1354 1579 1450 (c)
1595 1355 1650 1426 sui
1668 1355 1817 1442 cineres,
1839 1355 2007 1428 fortunam

596 1479 631 1544 st
653 1474 804 1546 animam
830 1475 939 1548 soceri
968 1479 1223 1572 persequentis,
1250 1477 1455 1574 magnificus
1479 1479 1536 1552 ille
1554 1478 1686 1574 primus
1703 1477 1816 1550 lulius
1833 1477 2007 1574 Cesarpa·

595 1603 691 1670 terne
710 1599 847 1692 pietatis
862 1588 1014 1672 officium
1033 1610 1069 1674 et
1086 1601 1243 1676 lacrimas
1259 1623 1329 1676 uon
1354 1601 1509 1696 negavit.
1526 1602 1688 1676 Nolentes
1715 1602 1821 1696 igitur
1845 1611 1882 1676 et
1893 1601 2006 1677 eriam

595 1742 666 1793 uon
683 1715 906 1819 valentes'(d)
932 1725 1022 1797 circa
1042 1727 1148 1798 funus
1174 1726 1319 1822 predicti
1346 1725 1407 1798 lilii
1431 1725 1537 1798 nostri
1564 1726 1755 1799 ommittere
1772 1748 1842 1820 que
1861 1724 1909 1822 (e)
1928 1737 2008 1800 sunt

593 1845 718 1940 patris,
745 1847 1003 1920 universitatem
1036 1857 1186 1922 vestram
1216 1849 1438 1922 sollicitamus
1465 1857 1596 1922 attente
1624 1859 1798 1943 quatenus
1822 1848 1873 1942 (s)
1899 1849 2007 1944 ipsius

593 1969 761 2063 exequias
776 1961 1014 2070 [celebrantes]
1040 1995 1120 2044 oum
1145 1972 1385 2046 decantatione
1404 1971 1452 2070 (p)
1469 1972 1652 2046 missurum
1672 1981 1707 2045 et
1727 1971 1805 2044 aliis
1822 1972 2008 2046 ecclesias-

592 2093 670 2165 ticis
695 2098 919 2168 sacramentis
942 2097 1052 2192 ipsius
1083 2098 1233 2170 animam
1264 2096 1385 2172 divine
1418 2095 1654 2170 misericordie
1682 2093 1951 2183 commendetis,
1971 2093 2007 2166 id

591 2215 707 2310 ipsum
722 2209 922 2290 ‘manifestis
941 2217 992 2314 (t)
1020 2217 1158 2292 indiciis
1187 2219 1404 2293 ostendendo
1423 2220 1475 2315 (i)
1497 2217 1594 2313 quod
1623 2217 1714 2290 sicot
1746 2217 1782 2288 in
1813 2225 2006 2290 nostrorum

591 2338 797 2430 gaudiorum
828 2341 991 2438 tripudiis
1020 2341 1219 2433 exultastis,
1248 2342 1299 2414 sio
1325 2342 1361 2412 iu
1387 2340 1514 2413 nostris
1538 2339 1717 2414 doloribus
1745 2338 1893 2414 fideliter
1917 2361 2007 2414 oon-

591 2463 762 2536 doletis.»
1999 2535 2003 2542 .

639 2589 688 2660 Μ.
707 2589 769 2660 CC.
786 2588 896 2681 xtll,
914 2587 1103 2662 indictione
1116 2589 1193 2682 XV,
1216 2588 1262 2662 de
1283 2609 1402 2662 menso
1414 2587 1514 2680 julii,
1530 2607 1595 2660 rex
1611 2585 1763 2660 Hencius
1787 2585 1920 2660 domini
1936 2586 2006 2660 im-

590 2711 755 2806 peratoris
785 2711 950 2784 naturalis
968 2710 1060 2784 filius
1078 2711 1242 2786 mandato
1267 2713 1373 2808 patris
1398 2733 1480 2784 cum
1509 2731 1637 2804 magna
1665 2711 1814 2782 militum
1844 2709 2007 2784 comitiva

590 2829 831 2908 lombardiam
850 2835 990 2907 intravit
1004 2835 1049 2909 ad
1063 2845 1177 2932 partes
1194 2837 1328 2910 Parme.
1347 2835 1416 2922 Qui
1439 2834 1552 2906 statim
1572 2843 1714 2930 accepta
1731 2833 1923 2928 quantitate
1936 2834 2007 2906 mi·

590 2957 664 3030 litis
681 2959 803 3030 Parme
818 2967 853 3030 et
872 2958 970 3052 Regii
990 2979 1069 3030 cum
1088 2959 1374 3033 Cremonensibus
1390 2966 1426 3032 et
1447 2956 1646 3032 marchione
1660 2958 1795 3030 Lancea
1817 2957 1854 3028 iu
1874 2957 2006 3050 opisco-

590 3091 710 3178 patum
728 3083 901 3154 Placentie
914 3083 1085 3175 introivit;
1102 3105 1166 3156 sua
1181 3105 1322 3178 quoque
1338 3089 1448 3154 castra
1463 3082 1611 3178 desuper
1625 3082 1818 3154 Fontanam
1832 3079 2005 3174 Frigidam

591 3207 653 3278 obi
677 3201 804 3279 dicitur
824 3207 962 3302 Brayda
985 3207 1103 3304 posuit
1124 3217 1159 3279 el
1174 3205 1355 3280 combuxit
1372 3227 1435 3302 per
1452 3204 1744 3280 Valdeclavenam
1762 3213 1798 3278 ot
1816 3201 2007 3278 Padernam

591 3329 683 3424 cepit
698 3339 732 3402 et
747 3330 941 3404 combuxit.
956 3330 1088 3404 Deinde
1104 3329 1205 3401 motis
1222 3327 1341 3402 castris
1357 3327 1394 3400 in
1410 3328 1567 3426 partibus
1580 3327 1695 3424 pontis
1710 3327 1808 3400 Norii
1827 3325 2008 3400 combuxit

591 3449 741 3526 Moutale
753 3450 2006 3551 liliorumllaynsrii,bluciuassium,SanctumBunioom,turrim,pontem

591 3576 778 3666 veranum,
787 3578 1013 3671 Vigoluonum
1028 3588 1063 3651 et
1077 3579 1153 3650 loca
1168 3574 1442 3650 circumstancia.
1452 3573 1587 3650 Deinde
1602 3597 1684 3648 cum
1699 3573 1901 3648 recederent
1912 3593 2007 3646 com·

591 3700 695 3773 buxit
707 3702 858 3796 burgum
876 3699 1104 3797 pontis'Nurii
1120 3705 1156 3776 el
1170 3701 1262 3774 circa
1282 3709 1430 3774 castrum
1456 3699 1660 3774 Ronoharoli
1683 3719 1746 3772 sua
1763 3706 1873 3772 castra
1890 3695 2003 3770 fiuxit.

595 3871 601 3882 ·
633 3861 676 3942 (a)
698 3863 734 3924 In
747 3863 846 3926 codloe
859 3865 975 3925 molest.

632 3969 675 4050 (b)
696 3970 732 4030 ln
745 3971 846 4032 oodlce
857 3967 1031 4051 superorum.

633 4077 672 4157 (c)
698 4077 736 4137 In
748 4078 850 4138 codice
865 4079 984 4157 pomis.

632 4181 676 4264 (d)
698 4185 735 4244 Iu
748 4183 849 4244 oodlce
861 4181 995 4244 colenter.

559 4315 561 4320 ·
633 4289 671 4370 (c)
698 4290 735 4350 In
748 4290 848 4350 codloe
862 4307 956 4370 qoem.

632 4395 682 4476 U)
698 4397 735 4457 In
747 4396 847 4456 codice
858 4413 945 4476 qoam
959 4397 1022 4456 slve
1034 4392 1121 4477 qood.

633 4501 675 4584 (q)
696 4501 733 4562 lu
746 4501 846 4562 oodlce
858 4503 909 4560 cos'
917 4497 1129 4564 odorantem.

632 4607 675 4688 (Ιι)
697 4607 734 4668 In
747 4607 846 4668 oodlce
859 4606 1059 4687 manifestetis.

633 4713 677 4795 (il
699 4714 735 4775 ln
747 4713 846 4775 oodlce
859 4711 985 4776 ostendo.
