4594 6066
786 672 827 733 ΙΝ
851 671 992 734 ltabltt
1016 672 1170 736 casata.
1623 674 1684 736 237

267 823 385 888 torum
403 819 614 900 castrorum,
628 806 728 902 quasi
744 807 839 882 omni
855 807 915 884 dia
929 807 1133 904 equitabant
1145 828 1207 904 par
1222 803 1533 897 Vallemtidonum,
1547 807 1636 882 viles
1650 817 1686 884 et

266 937 345 1012 loca
361 943 397 1010 et
413 932 541 1032 predas
556 940 591 1008 at
603 929 763 1005 homines
777 931 967 1026 capientes.
986 930 1248 1006 combuxerunt
1261 931 1389 1004 multos
1409 927 1531 1004 domos
1548 939 1584 1003 et
1599 929 1689 1006 ritas
1938 1018 1940 1025 A

288 1057 406 1158 {quas
426 1057 595 1132 tenebant
623 1055 751 1130 milites
770 1054 956 1130 extrinseci
983 1053 1028 1129 de
1049 1055 1240 1148 Placentia,
1264 1065 1300 1130 at
1321 1056 1409 1129 Nata
1433 1053 1479 1129 de
1503 1054 1689 1132 Grimaldis
1727 1065 1777 1116 ⁸⁰1·
1788 1065 1816 1110 ⁴²
1827 1067 1894 1110 mu.

266 1191 342 1258 erat
360 1192 445 1256 tunc
463 1189 614 1278 potestas
630 1177 758 1252 milicie
778 1179 993 1270 extrinsece,
1013 1201 1117 1272 quem
1138 1179 1265 1254 milites
1282 1179 1471 1254 Placentini
1487 1189 1690 1277 acceperant

267 1304 305 1378 in
320 1305 548 1402 obprobrium
564 1301 695 1399 populi.

316 1429 381 1502 Die
395 1427 539 1521 iovisX
562 1426 692 1500 mensis
713 1426 871 1521 augusti,
891 1425 1040 1500 Ubertus
1063 1424 1217 1501 marchio
1239 1426 1459 1501 Palavicinus
1482 1436 1690 1522 congregato

266 1552 424 1628 exercitu
443 1549 594 1624 militum
611 1557 647 1624 at
659 1549 815 1646 peditum
831 1549 998 1622 Cremona
1013 1557 1049 1622 et
1063 1549 1193 1646 populo
1212 1557 1247 1622 et
1260 1550 1429 1624 militibus
1444 1549 1691 1624 adherentibus

266 1675 397 1772 populo
413 1681 449 1748 at
462 1672 509 1748 de
525 1673 655 1770 populo
668 1671 843 1746 Placentia
858 1679 893 1744 et
906 1670 1125 1746 'theotonicis
1138 1693 1219 1746 cum
1235 1670 1381 1746 edificiis
1393 1671 1444 1769 (a)
1455 1672 1551 1770 apud
1569 1673 1690 1746 turrim

266 1797 441 1872 Frederici
456 1797 633 1870 Palastreli
649 1795 750 1870 sitam
763 1795 866 1889 juxta
879 1793 1049 1890 Ripaltum
1069 1793 1172 1869 linxit
1191 1817 1255 1870 sua
1273 1807 1402 1888 castra,
1425 1805 1461 1870 et
1478 1797 1596 1871 habita
1612 1797 1688 1894 ipsa

270 1933 367 1996 turre
392 1919 619 1996 incontinenti
638 1940 702 1992 suu
723 1916 905 2012 temptoria
925 1915 1028 1988 tinxit
1048 1916 1085 1988 in
1109 1916 1314 1992 assiditione
1335 1918 1541 2014 Rivalgarii,
1562 1919 1598 1992 in
1620 1939 1691 2015 quu

268 2047 362 2119 stetit
377 2065 439 2142 per
452 2043 574 2117 LXllll
588 2040 665 2116 dies
678 2063 758 2115 cum
768 2041 863 2115 Xllll
876 2040 1028 2114 trebocis
1040 2041 1176 2135 magnis
1186 2041 1309 2132 ualda;
1323 2042 1360 2114 in
1374 2042 1575 2118 defensioue
1590 2044 1692 2136 cujus

267 2167 371 2244 castri
387 2175 488 2242 ment
502 2165 553 2240 CC
567 2165 693 2238 militas
709 2172 745 2238 et
761 2162 880 2236 rustici
897 2171 932 2236 ct
946 2161 1123 2236 soldaterii
1140 2185 1254 2258 usque
1276 2164 1313 2236 in
1334 2165 1562 2258 quantitatem
1588 2165 1687 2258 mile,

267 2293 305 2365 in
317 2313 390 2386 qua
409 2289 618 2364 ossidicione
634 2287 734 2360 multi
752 2307 799 2360 ax
812 2297 958 2380 utraque
976 2295 1075 2382 parte
1096 2287 1224 2360 mortui
1240 2296 1276 2362 et
1298 2287 1469 2362 vulnerati
1488 2290 1627 2364 luerunt
1644 2291 1691 2364 de

267 2411 474 2488 ballesteriia
491 2419 527 2484 at
542 2409 718 2505 lapidibus
730 2408 971 2502 trabucorum,
989 2417 1024 2480 at
1040 2407 1159 2481 habita
1172 2417 1266 2482 mota
1280 2428 1343 2503 per
1358 2409 1429 2482 vim
1446 2429 1508 2505 par
1525 2409 1690 2484 familiam

267 2535 423 2610 Ubartini
436 2530 1407 2628 deAnditoquecustodiebotetdalandabataeaasticum
1419 2531 1507 2628 (sta),
1520 2534 1691 2629 cumplus

267 2679 339 2734 nun
361 2667 504 2754 possent
531 2657 708 2732 intrinseci
732 2677 773 2732 sa
801 2666 935 2749 tenue,
961 2654 1021 2731 die
1048 2656 1187 2730 veneris
1207 2655 1282 2728 Vlll
1304 2651 1470 2732 kalendas
1493 2657 1691 2731 novembris

266 2781 491 2879 paciscerunt
514 2801 595 2854 cum
616 2779 816 2854 marchione
844 2789 880 2854 et
907 2801 988 2853 cum
1013 2779 1161 2874 populo,
1189 2779 1347 2870 jurantes
1375 2776 1576 2853 fidelitatem
1600 2781 1692 2876 regis

266 2903 416 2980 Conradi
428 2913 463 2980 et
477 2925 600 3002 pacem
609 2903 739 3000 populo
749 2901 967 2976 Placentino:
980 2899 1078 2998 quod
1088 2900 1289 2974 munierunt
1302 2899 1348 2974 da
1360 2899 1549 2996 peditibus.
1559 2901 1690 2978 Eodem

266 3037 423 3123 tempora
444 3026 609 3102 dominns
633 3027 846 3099 Octavianus
866 3024 1051 3100 cardinalis
1074 3045 1155 3098 cum
1171 3025 1235 3100 tto
1259 3024 1426 3098 militibus
1443 3025 1635 3122 Romagnia
1655 3037 1692 3102 et

265 3151 422 3226 Bononia
441 3149 539 3246 apud
560 3152 756 3224 Terrenum
781 3156 891 3222 etant.
913 3147 1041 3222 Tamen
1067 3149 1202 3220 nullum
1222 3147 1396 3221 auxilium
1420 3148 1488 3221 illis
1510 3147 1556 3224 da
1578 3159 1690 3226 castro

267 3271 367 3348 dedit
384 3281 420 3346 et
436 3281 538 3368 capto
556 3279 669 3346 casco
692 3271 921 3346 incontinenti
947 3291 1028 3344 cum
1053 3272 1139 3367 ipsis
1164 3271 1330 3344 militibus
1354 3272 1489 3345 recesit.
1516 3271 1584 3368 lpsi
1604 3295 1690 3348 vero

266 3396 394 3476 milites
418 3417 539 3472 omnes
567 3393 613 3470 de
636 3395 810 3468 Placentia
835 3403 1008 3468 venerunt
1035 3393 1070 3466 in
1097 3393 1305 3468 Placentiam
1331 3403 1460 3470 stantes
1488 3395 1689 3471 obedientes

266 3519 424 3594 Ferrario
447 3517 532 3593 Cani
547 3517 707 3616 potestati
726 3516 912 3592 Placentia.

318 3642 358 3715 ln
376 3640 534 3718 kalendis
553 3661 638 3714 vero
652 3639 804 3732 januarii
821 3638 976 3714 marchio
993 3638 1119 3714 Lancia
1142 3651 1281 3737 propter
1307 3640 1474 3715 invidiam
1497 3663 1604 3738 quam
1625 3642 1689 3718 ha·

268 3764 376 3838 babet
392 3763 438 3838 de
454 3763 584 3838 Uberto
600 3763 817 3855 Pelavicino,
834 3761 993 3836 tractavit
1011 3785 1091 3836 cum
1109 3762 1442 3853 Mediolanensibus,
1460 3773 1494 3838 et
1512 3766 1690 3861 elegerunt

268 3885 387 3982 ipsum
413 3886 450 3959 in
476 3894 680 3982 potestatam
706 3884 1037 3978 lladiolanensium,
1068 3887 1129 3980 qui
1159 3887 1305 3960 libenter
1329 3886 1482 3983 suscepit
1508 3887 1595 3964 illud
1629 3909 1687 3966 re·

268 4011 406 4106 gimen3
423 4009 522 4107 quod
543 4009 649 4084 valde
668 4007 846 4106 displicuit
859 4009 1098 4105 Papiansibus.

318 4133 452 4211 liudem
474 4143 630 4232 tempora
644 4133 793 4207 Ubartns
812 4131 967 4208 marchio
982 4131 1202 4207 Palavicinus
1221 4134 1353 4208 electus
1371 4143 1423 4208 eet
1438 4143 1589 4231 potestas
1612 4135 1688 4210 Pla-

269 4259 398 4352 centia,
415 4278 550 4355 ponene
572 4258 609 4331 in
632 4259 710 4332 loco
732 4279 798 4332 suo
820 4255 1017 4332 Gnidouem
1038 4258 1201 4331 Seorsum
1214 4256 1260 4333 de
1272 4257 1378 4355 Papia
1401 4259 1463 4354 qui
1486 4260 1641 4352 legaliter
1655 4269 1690 4334 at

267 4383 359 4458 bene
377 4381 511 4456 dictum
526 4381 682 4476 remman
699 4381 792 4454 tacit.

317 4506 365 4580 Μ.
382 4505 448 4580 CC.
467 4505 554 4594 Llll,
574 4505 826 4594 indictioneX,
848 4504 892 4580 dc
914 4525 1032 4581 mansa
1056 4505 1177 4598 madii,
1198 4505 1359 4580 Gibertus
1374 4505 1420 4581 de
1432 4507 1585 4602 Lagonta
1601 4509 1688 4582 civis

312 4767 355 4847 (a)
378 4771 415 4830 In
429 4769 531 4832 codlcc
545 4765 677 4850 edificare.
