4534 6074
593 625 653 686 1⁰8
1067 629 1309 694 cflaoutcot
1333 628 1386 688 DE
1410 627 1540 688 actus

590 758 730 830 eosdem
755 759 1031 838 Mediolanenses
1058 766 1232 839 debellare
1256 775 1292 836 et
1314 762 1361 836 ad
1381 763 1584 836 excellentie
1613 783 1677 834 sue
1704 762 1867 836 mandate
1895 765 2008 856 snbji-

590 903 668 954 cere
686 881 736 978 (c)
754 892 789 956 et
807 884 933 958 redire.
950 888 993 960 Et
1008 899 1047 960 ut
1064 911 1111 961 ex
1126 888 1354 984 sequentibus
1369 885 1563 982 apparebit,
1579 895 1664 981 aput
1681 885 1901 960 lloncbaliam
1920 887 2008 960 inter

589 1025 649 1076 eos
668 1027 787 1100 pacem
806 1009 914 1080 teneri
934 1013 1089 1106 precepit
1108 1022 1143 1084 et
1158 1013 1313 1106 captivos
1328 1011 1374 1083 ab
1392 1021 1538 1104 utraque
1561 1017 1658 1103 parte
1679 1009 1746 1081 sibi
1770 1010 1872 1084 reddi
1885 1011 2004 1102 jussit,

589 1138 623 1200 et
650 1151 730 1201 oum
755 1132 909 1205 venisset
935 1145 1019 1229 aput
1047 1135 1302 1223 Landriannm,
1325 1133 1481 1206 redditos
1512 1133 1579 1205 sibi
1607 1133 1762 1227 captivos
1785 1133 2006 1228 Papicnsinm

588 1252 737 1340 dimisit,
770 1255 1079 1329 Mediolanensium
1108 1281 1190 1330 vero
1216 1257 1342 1352 ligatos
1368 1255 1415 1330 ad
1444 1277 1612 1349 equorum
1639 1255 1771 1328 caudas
1795 1278 1913 1328 secum
1948 1280 2008 1352 per

587 1377 699 1448 lutum
729 1377 849 1467 duxit,
878 1401 1028 1474 quorum
1055 1381 1113 1453 alii
1143 1385 1246 1477 luga,
1273 1381 1331 1454 alii
1359 1380 1508 1476 pecnnia
1537 1379 1726 1474 redempti,
1751 1379 1886 1452 liberati
1910 1393 2004 1452 sunt.

586 1498 721 1571 Deinde
742 1501 840 1571 venit
861 1502 992 1576 lloxate
1011 1513 1046 1575 et
1068 1505 1187 1576 villam
1217 1514 1252 1577 et
1273 1513 1424 1576 castrum
1451 1502 1643 1576 succendit.
1670 1502 1715 1574 llt
1737 1502 1820 1576 inde
1843 1502 2007 1575 recedens

586 1622 746 1696 transivit
761 1624 920 1701 Ticinum
936 1637 973 1698 et
990 1635 1113 1721 pontes
1137 1649 1228 1722 quos
1244 1627 1522 1700 Mediolanenses
1543 1623 1817 1701 hedificaverant
1835 1625 2009 1698 destruxit

586 1753 621 1815 et
638 1725 728 1817 circd
745 1746 877 1820 (taliata
891 1757 957 1821 sua
976 1757 1087 1822 castra
1098 1730 1208 1822 ³finx‘it
1224 1761 1259 1822 et
1277 1749 1415 1823 obsedit
1433 1749 1547 1822 donec
1563 1727 1721 1821 ldnditns
1744 1751 1954 1845 extirpavit,
1973 1761 2007 1822 et

585 1869 724 1940 castella
746 1871 851 1942 Momi
871 1870 918 1968 (d)
943 1881 977 1944 et
999 1873 1138 1944 Trezate
1163 1873 1359 1968 dissipavit.
1378 1873 1421 1944 Et
1444 1872 1527 1944 inde
1546 1871 1731 1945 discedens
1754 1872 2002 1968 transpadavit.

585 1991 714 2076 Quarta
738 1993 872 2066 decima
895 2005 1008 2067 autem
1036 1983 1107 2068 die¹
1121 1981 1250 2068 mensis
1272 1994 1435 2068 lebrdarii
1463 1995 1613 2090 proximi
1639 1995 1732 2090 cepit
1749 1995 1904 2069 ossidere
1926 1997 2006 2069 Ter-

584 2114 711 2187 donam
737 2116 773 2187 in
796 2139 866 2210 qua
890 2119 1030 2192 civitate
1062 2120 1087 2191 G
1116 2120 1243 2192 milites
1270 2143 1351 2192 com
1383 2120 1433 2191 CC
1465 2119 1703 2191 archatoribus
1733 2141 1780 2191 ex
1812 2119 2007 2192 Mediolano

585 2239 801 2312 intraverunt
827 2261 932 2314 causa
959 2239 1191 2333 defendendi,
1223 2243 1421 2336 exquibus
1445 2245 1586 2316 luerunt
1610 2241 1780 2315 interle'ctl
1808 2245 1884 2335 ligo
1906 2245 2006 2315 Mice-

584 2384 718 2455 comes,
749 2365 901 2436 Lamnus
928 2363 974 2462 (c)
1003 2367 1221 2464 MaynoriuS,
1249 2367 1451 2440 Albertinus
1477 2365 1522 2437 de
1552 2366 1691 2454 Curate,
1724 2367 1937 2438 Lanlrancus
1961 2365 2007 2437 de

583 2486 692 2559 Cruce
707 2497 741 2558 et
757 2487 828 2560 alii.
847 2487 1034 2560 Deficiente
1052 2499 1169 2561 autem
1185 2490 1317 2562 civitati
1336 2511 1428 2584 aqua
1443 2499 1477 2560 et
1495 2490 1595 2577 vino,
1614 2487 1843 2560 reddiderunt
1858 2509 1898 2559 se
1915 2487 2004 2576 regi,

583 2619 707 2682 octavo
726 2611 860 2684 decimo
881 2612 940 2684 die
959 2612 1086 2684 mensis
1106 2613 1225 2708 aprilis
1243 2614 1288 2684 Μ.
1300 2614 1336 2685 G.
1349 2613 1418 2684 LV.
1441 2613 1526 2683 Data
1545 2609 1695 2682 fidancia
1709 2611 1846 2681 civibus
1865 2606 1927 2708 [et]
1943 2631 2007 2682 ex·

585 2733 713 2805 traneis
737 2734 892 2807 exeundi
918 2757 998 2807 cum
1018 2735 1173 2830 hiisque
1193 2745 1330 2832 portare
1359 2742 1535 2830 poterunt,
1559 2733 1619 2806 alii
1640 2733 1770 2827 egressi
1788 2743 1870 2804 sunt
1890 2743 1925 2805 et
1949 2733 2006 2804 alii

583 2867 824 2930 remanserunt
840 2858 874 2928 in
892 2859 1037 2931 ecclesia
1055 2860 1189 2951 majori.

632 2981 708 3052 Rex
727 3003 809 3054 vero
833 3005 911 3053 cum
933 2983 1089 3054 exercitu
1112 3005 1177 3056 suo
1200 2984 1342 3055 intravit
1365 2994 1399 3056 et
1421 3005 1497 3056 eam
1524 2983 1681 3056 funditus
1706 2981 1903 3075 discipavit.
1923 2981 2008 3052 Des·

586 3113 696 3176 tructa
717 3103 896 3192 leudona,
922 3127 986 3178 rex
1011 3115 1271 3180 castrametatus
1292 3116 1346 3179 est
1372 3107 1408 3178 in
1434 3115 1534 3201 prato
1553 3105 1603 3200 (d)
1625 3103 1721 3196 quod
1748 3101 1877 3174 dicitur
1901 3100 2009 3171 Ducis

486 3253 488 3258 ¹
580 3227 684 3318 juxta
716 3227 939 3300 Placentiam.
973 3229 1248 3302 Mediolanenses
1275 3251 1359 3302 vero
1389 3229 1560 3299 miserunt
1587 3225 1794 3300 Placentiam
1819 3223 1946 3297 milites
1974 3231 2009 3294 et

583 3349 720 3445 pedites
733 3347 880 3421 duarum
896 3361 1069 3446 portarum
1083 3351 1128 3423 ad
1143 3349 1399 3424 succurendum
1412 3349 1522 3423 dievt
1537 3349 1704 3422 kalendas
1719 3347 1825 3420 madii
1839 3345 2005 3441 proximi.

583 3473 660 3544 Rex
689 3495 773 3546 vero
805 3496 884 3545 cum
913 3495 983 3546 non
1012 3483 1128 3570 posset
1155 3477 1267 3548 fecere
1292 3475 1388 3570 quod
1413 3473 1574 3570 optabat,
1603 3471 1787 3545 discedens
1815 3469 1898 3542 inde
1923 3469 2010 3542 abiit

585 3592 734 3668 Romam'
756 3597 875 3692 ibique
904 3599 949 3670 ab
966 3595 1121 3671 Adriano
1139 3595 1184 3693 (e)
1214 3621 1303 3696 papa
1323 3599 1358 3668 in
1383 3599 1625 3693 imperatorem
1650 3595 1882 3668 Romanorum
1908 3613 2008 3665 coro·

585 3731 689 3792 natus
708 3721 784 3792 luit.

636 3845 739 3916 Anno
756 3845 929 3916 dominice
948 3845 1192 3918 incarnationis
1211 3846 1245 3916 M
1250 3899 1257 3915 .
1272 3845 1419 3936 C.Lllll,
1441 3843 1629 3916 indictione
1646 3843 1690 3930 V,
1712 3839 1747 3911 in
1767 3859 1885 3911 mense
1899 3837 2006 3929 junii,

587 3969 881 4059 Mediolanenses,
900 3979 1108 4065 congregato
1132 3970 1287 4044 exercitu
1311 3969 1458 4042 militum
1475 3978 1509 4041 et
1530 3966 1687 4064 peditum
1709 3975 1743 4036 et
1765 3965 1876 4036 tocius
1895 3961 2010 4055 gentis

587 4113 707 4164 eorum
734 4103 768 4164 et
789 4093 838 4165 CC
861 4093 1028 4166 militibus
1051 4094 1167 4166 Brixia
1192 4093 1254 4188 qui
1281 4102 1378 4166 erant
1404 4093 1450 4165 ad
1466 4112 1637 4188 expensas
1662 4087 1856 4162 communis
1873 4083 2010 4160 Medio·

631 4307 673 4384 (a)
694 4307 731 4368 In
745 4307 847 4367 codlce
858 4305 994 4368 radicare.

630 4411 672 4490 (t)
694 4413 751 4488 Ap.
768 4414 914 4476 Muratnrt
932 4414 967 4474 da
979 4415 1087 4476 Menti.

629 4519 670 4598 (r)
696 4520 731 4580 ln
745 4519 812 4580 cod.
828 4519 1145 4597 presumendum
1159 4539 1205 4599 ap.
1223 4522 1369 4584 Moratorl
1383 4517 1510 4582 tanum.

589 4603 592 4610 ⁵
630 4623 674 4703 (d)
697 4625 732 4683 ln
746 4624 844 4684 codlce
854 4633 950 4703 porto.

632 4729 671 4810 (e)
695 4731 731 4791 ln
744 4730 844 4792 codicc
856 4729 1021 4793 Aodriuno.
