4534 6074
668 696 909 758 cultolucolt
933 695 1231 761 runcuttrlttttrt
1619 695 1658 758 91

242 844 320 910 acta
342 843 475 926 essent,
496 831 773 908 Mediolanenses
793 841 911 906 autem
934 835 996 928 qui
1014 833 1110 928 apud
1130 834 1303 907 Vercellas
1323 831 1468 904 aderant
1490 841 1525 904 et
1539 832 1664 904 Nova-

244 961 393 1050 rienses,
413 959 614 1032 taudemes
640 966 676 1030 et
696 957 892 1030 Brixiensee
914 958 976 1052 qui
1000 957 1049 1030 ibi
1076 969 1258 1048 venerant,
1280 977 1401 1030 omnes
1424 953 1555 1028 ibidem
1574 978 1666 1028 non-

245 1083 380 1178 gregati
408 1105 489 1154 cum
516 1080 811 1168 Vercellensibus,
844 1081 891 1154 ad
926 1082 1039 1154 casale
1069 1083 1263 1154 Salvasium
1290 1079 1341 1177 (α)
1364 1091 1595 1176 perexerunt,
1621 1079 1669 1154 ad

245 1209 438 1282 exercitum
469 1227 613 1303 pergere
639 1213 874 1300 properantes.
904 1205 968 1278 Die
993 1207 1134 1280 veneris
1163 1208 1211 1278 Xl
1239 1205 1406 1278 kalendas
1424 1205 1518 1298 junii
1544 1203 1598 1302 (4)
1623 1207 1670 1280 ad

247 1332 441 1406 exercitum
453 1332 546 1404 eirca
555 1331 829 1404 blembarucium
843 1333 1049 1404 existentem
1060 1331 1225 1404 velociter
1235 1330 1393 1424 equitare
1406 1331 1669 1422 festinaverunt,

248 1456 382 1529 ibidem
406 1477 540 1528 moram
566 1454 745 1528 iacientes.
767 1455 869 1527 Facta
893 1467 1009 1527 autem
1035 1463 1087 1526 eet
1111 1475 1181 1550 pax
1206 1463 1241 1525 et
1264 1453 1448 1526 concordia
1474 1447 1563 1524 inter
1580 1473 1672 1524 mar-

250 1579 411 1652 chionem
440 1579 486 1652 de
510 1579 734 1652 Monteferato
759 1589 795 1651 et
822 1579 980 1650 civitates
1010 1579 1181 1650 societatis
1205 1577 1431 1668 Lombardie3
1462 1577 1524 1671 qui
1543 1577 1674 1669 juravit

249 1713 504 1776 sacramentum
529 1703 700 1776 societatis
725 1701 934 1774 Lombardie
959 1701 1167 1792 rectoribus,
1193 1725 1312 1798 pacem
1338 1709 1373 1774 et
1398 1723 1559 1792 guerram
1581 1701 1674 1772 civi-

252 1827 405 1909 tatibus,
431 1825 517 1898 locis
534 1835 569 1898 et
589 1825 747 1920 personis
766 1823 813 1898 ad
831 1825 1042 1898 intellectum
1061 1834 1229 1898 rectorum
1257 1826 1370 1898 lacere
1392 1834 1428 1896 et
1452 1833 1586 1916 tenere;
1615 1825 1675 1896 in-

250 1972 357 2046 super
381 1971 445 2022 sex
471 1949 612 2022 obsides
643 1947 689 2022 de
715 1949 906 2041 majoribus
931 1947 1033 2020 etde
1056 1949 1257 2022 melioribus
1284 1969 1347 2021 sue
1372 1956 1462 2020 terre
1488 1948 1524 2020 in
1547 1949 1674 2022 virtute

251 2087 426 2148 rectorum
451 2075 612 2170 prebens.
641 2075 719 2160 Quo
741 2075 831 2146 iacto
854 2075 968 2148 statim
1000 2083 1109 2148 castra
1137 2083 1316 2148 moventes
1340 2074 1376 2146 in
1404 2083 1528 2146 terram
1549 2074 1675 2146 inimi-

126 2217 128 2220 ’
252 2221 374 2274 corum
399 2221 521 2271 eorum
540 2195 740 2270 Astensium
763 2198 893 2272 intrare
916 2207 1120 2272 statuerunt.
1146 2199 1210 2272 Die
1233 2220 1374 2294 quoque
1391 2199 1526 2272 sabbati
1545 2200 1590 2272 lll
1611 2201 1673 2274 lra-

250 2323 377 2398 lendas
405 2322 485 2416 julii
504 2319 580 2420 (2),
603 2321 640 2393 in
661 2321 861 2396 Astensium
890 2323 1105 2396 intraverunt
1133 2333 1279 2411 terram,
1309 2323 1428 2394 senum
1454 2335 1489 2396 et
1516 2334 1671 2418 segetes,

251 2449 372 2524 linum¹
387 2457 423 2519 et
439 2447 634 2540 legumina,
653 2445 775 2520 vineas
800 2454 835 2520 et
859 2447 998 2518 arbores
1021 2447 1221 2542 depopulati
1240 2448 1398 2535 luerunt,
1417 2447 1517 2520 villas
1534 2469 1677 2542 quoque

250 2579 288 2644 et
306 2573 382 2643 loca
406 2571 677 2644 innumerabilia
695 2571 775 2664 igne
801 2581 1053 2645 cremaverunt.
1072 2571 1231 2644 Tentoria
1253 2570 1397 2666 quidem
1419 2592 1489 2644 non
1513 2571 1676 2648 distantia

250 2717 275 2768 a
297 2694 438 2768 civitate
456 2716 520 2790 per
545 2693 616 2766 duo
644 2693 791 2768 miliaria
808 2704 1018 2790 posuerunt,
1047 2695 1291 2788 degsastantes
1318 2708 1353 2769 et
1379 2697 1462 2790 igne
1486 2707 1677 2770 cremantes

252 2820 328 2892 sere
362 2840 426 2916 per
452 2818 516 2890 Xll
542 2817 690 2890 miliaria
706 2817 798 2890 circa
821 2819 928 2893 civita
948 2817 957 2916 Ι
978 2829 1060 2893 tem.
1088 2819 1316 2892 Alexandrini
1345 2821 1461 2914 itaque
1488 2821 1614 2894 milites
1643 2833 1679 2894 et
1703 2843 1752 2887 ru.
1762 2843 1802 2885 100
1812 2851 1883 2884 vm.

254 2942 415 3036 ejusdem
435 2942 585 3016 civitatis
600 2941 772 3038 plebagii,
789 2944 915 3016 milites
931 2943 1073 3038 quidem
1093 2943 1226 3036 Bririe,
1247 2942 1382 3034 Laude,
1398 2943 1631 3017 veneciarum
1644 2955 1679 3017 et

254 3067 407 3142 Novarie
423 3066 571 3138 fluvium
590 3066 713 3138 Tanari
732 3089 794 3162 per
809 3067 922 3140 undas
938 3068 1050 3163 ipsius
1065 3069 1165 3140 lluvii
1181 3076 1415 3157 transeuntes,
1433 3069 1534 3142 villas
1551 3079 1586 3142 et
1603 3069 1678 3145 loca

255 3201 294 3263 et
315 3212 358 3263 ea
382 3189 500 3262 omnia
521 3212 591 3285 que
612 3189 817 3262 invenerunt
839 3192 911 3264 iere
933 3213 1045 3285 usque
1067 3192 1103 3262 in
1119 3191 1241 3284 burgis
1262 3200 1297 3264 et
1313 3191 1511 3266 accessibus
1528 3193 1677 3266 civitatis

256 3313 545 3404 combusserunt,
568 3311 775 3386 detensibus
796 3323 832 3386 et
850 3313 970 3388 amicis
989 3337 1111 3388 eorum
1135 3315 1297 3386 omnibus
1317 3315 1379 3409 qui
1405 3327 1544 3412 propter
1567 3317 1678 3412 ipsius

255 3438 410 3511 civitatis
437 3437 666 3511 munitionem
693 3438 729 3509 in
762 3460 803 3512 ea
833 3439 1061 3530 intraverant,
1094 3439 1204 3510 oeulis
1237 3437 1439 3512 videntibus
1467 3439 1571 3514 etde
1602 3441 1678 3536 ipsa

255 3571 399 3658 propter
422 3562 642 3634 inimicorum
667 3561 824 3634 timorem
849 3563 945 3634 nullo
966 3561 1069 3634 modo
1089 3561 1314 3634 excuntibus.
1333 3563 1506 3636 Steterunt
1527 3587 1678 3661 namque

259 3685 311 3758 ibi
342 3707 455 3780 nsque
482 3684 529 3757 ad
558 3683 652 3758 diem
677 3684 796 3757 martis
826 3685 1025 3780 proximum
1051 3684 1260 3758 venientem.
1288 3687 1410 3761 Postea
1432 3709 1474 3760 eo
1501 3687 1559 3762 die
1585 3702 1677 3763 moto

258 3809 437 3902 exercitu,
474 3807 726 3883 Alexandriam
752 3809 943 3882 redierunt.
975 3809 1039 3880 Die
1071 3818 1187 3882 autern
1215 3809 1352 3884 sabbati
1380 3811 1539 3906 sequenti
1578 3823 1678 3888 sexto

260 3934 391 4007 mensis
402 3934 483 4026 julii
501 3934 675 4007 Placentie
687 3933 813 4006 milites
827 3933 957 4025 ingenti
975 3933 1084 4026 gloria
1098 3941 1179 4005 sunt
1193 3937 1324 4008 reversi
1342 3935 1388 4009 ud
1402 3938 1552 4033 propriu.

309 4059 357 4132 ll.
380 4057 443 4130 CC.
463 4059 579 4150 XXX,
613 4057 801 4130 indictione
832 4057 912 4148 llll,
942 4055 1001 4129 die
1032 4058 1115 4130 lune
1145 4057 1239 4130 XlllI
1270 4061 1399 4133 mensis
1425 4063 1577 4154 januarii
1603 4063 1674 4161 (3),

303 4285 346 4363 (α)
368 4285 435 4358 Slc3
450 4283 576 4344 loretum
587 4287 688 4343 tamen
697 4281 801 4344 Sancti
813 4283 915 4344 uvare
927 4284 975 4344 vel
988 4284 1136 4346 Ειιιιίιιιιι.

297 4624 332 4698 (4)
348 4623 427 4682 llest
439 4624 547 4682 trident
558 4625 623 4698 qu’il
635 4625 694 4683 lant
705 4625 754 4684 lire
765 4627 799 4684 ici
810 4627 882 4700 iulii
891 4670 899 4700 ,
908 4627 935 4687 le
949 4631 979 4688 24
993 4627 1052 4702 juin
1063 4628 1185 4688 tombant
1193 4646 1228 4689 en
1241 4631 1305 4690 edet
1317 4648 1354 4690 un
1366 4633 1506 4694 vendredi.

299 4721 338 4792 (2)
356 4721 507 4776 losamedi
521 4724 557 4778 29
565 4721 634 4792 juin.

299 4815 335 4890 (3)
354 4814 374 4872 44
388 4813 466 4888 s'agit
477 4814 512 4872 ici
525 4815 559 4872 de
572 4815 676 4876 l‘ennee
691 4820 770 4893 taut,
784 4819 820 4877 od
833 4818 859 4876 le
874 4821 907 4878 44
919 4821 1025 4894 janvier
1037 4823 1149 4882 tombait
1159 4825 1185 4882 le
1198 4825 1285 4884 mardi
1298 4831 1327 4884 et
1338 4843 1391 4886 non
1405 4843 1455 4902 pas
1465 4827 1491 4886 le
1501 4827 1587 4887 luridi.
