4676 6066
718 699 961 762 canoalconl
987 699 1287 762 PL'ACENTINUM.
1670 697 1706 758 al

289 838 379 909 citus
416 837 492 928 ejus
526 835 623 908 uenit
658 835 695 906 in
728 836 909 925 Roncalia,
938 844 972 909 et
1003 836 1096 908 stetit
1124 835 1173 907 ibi
1210 855 1290 906 cum
1329 830 1470 905 domino
1503 831 1709 925 imperatore

288 982 351 1056 par
373 981 485 1032 unum
504 959 615 1048 diem3
637 957 696 1032 dic
715 981 800 1033 vero
812 959 923 1051 j0vis‚
944 979 1037 1032 nono
1059 958 1189 1031 mensis
1210 955 1320 1050 junii,
1341 953 1517 1050 predictus
1535 954 1708 1026 exercitus
1788 1030 1789 1034 ,

287 1085 448 1160 transivit
469 1105 532 1180 por
552 1085 779 1178 Placentiam,
799 1095 834 1158 et
854 1083 1050 1180 hospitatus
1076 1083 1142 1156 fuit
1163 1083 1222 1154 ille
1243 1081 1418 1154 exercitus
1440 1081 1533 1152 intus
1555 1081 1707 1172 burgum

286 1208 489 1282 Pontenurii
506 1216 541 1282 et
558 1207 687 1282 deforis
705 1208 773 1280 illis
790 1209 967 1303 partibus3
990 1217 1025 1280 et
1044 1216 1128 1280 tunc
1146 1205 1322 1302 predictus
1337 1205 1499 1278 dominus
1523 1204 1707 1298 imperator

286 1333 352 1406 ivit
371 1334 533 1426 Ianuam,
554 1332 684 1406 deinde
704 1331 883 1428 predictus
901 1331 1077 1406 exercitus
1096 1339 1248 1404 semotus
1264 1330 1344 1419 ivit,
1369 1337 1404 1401 et
1427 1327 1619 1423 hospitatus
1641 1327 1706 1398 luit

287 1456 377 1530 inter
399 1459 555 1552 Burgum
581 1457 698 1623 Sarpti
719 1457 858 1530 Domini
882 1465 918 1530 et
944 1458 1086 1530 Senum.
1113 1453 1246 1528 Deinde
1271 1454 1337 1526 ivit
1362 1459 1398 1526 et
1421 1451 1613 1548 hospitatus
1639 1451 1706 1522 luit

283 1582 387 1674 juxta
409 1583 497 1654 'lara
513 1578 581 1676 (l).

334 1707 383 1776 Μ.
398 1705 436 1776 C.
449 1705 687 1794 LXXXXllll,
719 1705 909 1778 indictione
933 1705 1029 1794 Xlll,
1056 1703 1113 1777 die
1148 1701 1338 1792 dominico,
1361 1709 1461 1774 sexto
1489 1700 1617 1772 mensis
1641 1719 1705 1772 no·

284 1829 460 1920 vembris,
481 1831 571 1904 lacta
594 1839 647 1903 est
668 1851 740 1924 pax
757 1839 792 1902 et
810 1828 995 1904 concordia
1019 1829 1107 1902 inter
1125 1827 1339 1902 Placentinos
1369 1836 1403 1898 et
1432 1825 1642 1898 Muruellum
1669 1833 1705 1898 et

283 1953 456 2024 fratrem:
479 1953 540 2046 qui
570 1953 761 2026 Muruellue
790 1961 826 2025 et
850 1951 1053 2024 Guillelmus
1077 1951 1168 2024 filius
1190 1951 1265 2043 ejus
1287 1948 1443 2044 predicto
1467 1947 1525 2021 die
1545 1947 1581 2018 in
1602 1949 1703 2042 plena

283 2075 444 2148 contione
465 2076 659 2164 Placentia,
676 2077 882 2168 juraverunt
899 2072 1098 2148 fidelitatem
1116 2083 1151 2147 ct
1168 2095 1289 2170 pacem
1312 2072 1490 2146 communi
1507 2071 1699 2163 Placentie,

281 2207 317 2270 et
336 2207 588 2270 sacramentum
611 2199 714 2271 civile
736 2199 877 2293 insuper
892 2199 1059 2271 lecerunt.

329 2321 379 2396 Μ.
394 2322 433 2394 C.
448 2323 682 2415 LXXXXllll,
702 2344 820 2396 mense
839 2322 998 2416 augusti,
1015 2323 1200 2416 imperatur
1215 2320 1362 2392 Enricus
1380 2321 1472 2417 oepit
1486 2318 1646 2416 Apuliam
1667 2332 1701 2394 et

280 2446 515 2540 Malgaritum,
534 2457 569 2520 ot
584 2447 677 2542 cepit
692 2445 859 2538 Ciciliam,
878 2455 914 2520 et
932 2446 1037 2520 duxit
1052 2466 1171 2518 secum
1186 2444 1405 2538 Malgaritum
1423 2453 1458 2516 et
1472 2445 1598 2518 multos
1615 2445 1701 2518 elios

279 2571 317 2642 in
341 2561 559 2644 Alamaniam
577 2569 640 2668 (2).
660 2572 702 2644 Et
720 2571 844 2644 eodem
867 2590 973 2662 anno,
994 2591 1112 2644 mcnse
1124 2569 1295 2661 Januarii,
1316 2568 1501 2641 Placentini
1522 2569 1701 2664 elegerunt

279 2693 317 2764 in
335 2701 539 2788 potestatem
555 2693 716 2765 comitem
735 2693 887 2766 Azonem
905 2692 950 2766 de
963 2693 1094 2766 Brixia.
1699 2768 1703 2780 ,

328 2817 374 2888 lll.
390 2817 428 2889 C.
445 2816 663 2908 LXXXXVI,
689 2837 809 2890 mense
831 2817 1035 2912 septembri,
1062 2815 1252 2890 indictione
1274 2814 1386 2903 Xllll,
1411 2814 1597 2908 imperator
1620 2815 1699 2888 En-

276 2939 372 3014 ricus
394 2940 461 3013 ivit
483 2940 521 3012 in
545 2939 709 3036 Apuliam
736 2950 771 3014 et
800 2940 881 3014 lecit
902 2940 953 3012 ibi
970 2955 1086 3013 'nares
1112 2939 1309 3036 preparari,
1335 2947 1371 3011 et
1395 2939 1478 3012 lecit
1505 2939 1698 3014 exercitum

276 3085 446 3156 magnum
463 3061 620 3158 peditum
633 3072 668 3136 et
681 3064 828 3136 militum
845 3063 882 3136 in
895 3063 1079 3136 Alamauia
1097 3085 1294 3159 preparare.
1316 3062 1396 3150 Qui,
1414 3082 1530 3134 mense
1546 3065 1697 3156 januarii

276 3157 429 3282 proximi
448 3187 639 3282 sequentis,
660 3188 820 3260 transivit
842 3209 905 3283 per
924 3186 1131 3260 Placentiam
1151 3195 1186 3258 et
1208 3187 1393 3276 Veronam,
1413 3199 1448 3257 et
1463 3186 1527 3258 ivit
1544 3186 1580 3257 in
1597 3186 1697 3281 Apu-

274 3311 377 3404 liam,
395 3331 502 3385 causa
519 3311 628 3385 eundi
644 3313 734 3384 ultra
760 3333 868 3385 mare.
894 3310 1013 3384 Mense
1031 3310 1155 3382 martio
1179 3311 1360 3406 proximo,
1384 3308 1560 3404 predictus
1585 3310 1697 3406 impe·

274 3445 368 3508 rator
385 3437 479 3508 misit
495 3436 586 3510 ultra
604 3458 700 3509 mare
713 3435 811 3508 XXX
828 3457 937 3508 naves
952 3436 1135 3508 honeratas
1153 3434 1301 3506 militum
1320 3443 1355 3506 et
1370 3433 1541 3529 peditum,
1560 3441 1595 3507 ct
1612 3443 1696 3508 tunc

274 3560 454 3654 superavit
469 3567 575 3632 totam
591 3557 754 3654 Apuliam
770 3571 806 3632 et
817 3559 987 3647 Siciliam,
1012 3565 1019 3650 Ι
1040 3567 1075 3632 et
1089 3557 1213 3631 habuit
1229 3577 1271 3631 ea
1286 3557 1417 3652 quiete.

323 3683 370 3756 Μ.
385 3683 422 3754 C.
439 3683 658 3774 LXXXXVI,
681 3681 868 3756 indictione
888 3683 964 3774 XV,
983 3695 1103 3756 menae
1118 3681 1429 3774 Januarii,'lossata
1443 3703 1538 3755 nova
1554 3681 1707 3759 luerunt

274 3803 450 3900 palificata
477 3813 512 3878 et
537 3804 720 3878 terminata
747 3815 783 3878 et
811 3804 967 3878 ordinata
988 3821 1054 3901 'per
1083 3804 1316 3879 Alamanuum
1343 3803 1389 3876 de
1415 3803 1607 3898 Gnitelmo,
1631 3829 1694 3880 en·

273 3927 467 4022 cignerium
494 3928 689 4002 communis
711 3927 915 4020 llediolaui,
933 3927 1160 4002 existentibus
1189 3927 1389 4000 consulibus
1403 3929 1568 4004 'Alberico
1593 3932 1693 4006 Vice-

274 4050 433 4144 domino,
459 4051 586 4125 Oberto
607 4052 835 4144 vicecomite,
862 4051 1020 4125 Rainerio
1046 4052 1091 4125 de
1117 4051 1234 4141 Cario,
1260 4048 1409 4125 Antonio
1440 4051 1485 4126 de
1515 4053 1689 4144 Fontana,

749 4275 979 4284 -u—--o-ffl-
990 4275 1013 4282 ..
1020 4275 1162 4283 ‚--—-—
1169 4276 1281 4284 ——---·

307 4412 344 4486 (4)
360 4411 567 4472 Probablomcnt
579 4413 690 4490 praede
705 4415 785 4486 Parc,
806 4414 889 4488 petite
902 4412 964 4471 ville
983 4413 1021 4471 du
1038 4413 1126 4472 duohd
1138 4413 1172 4470 de
1185 4413 1297 4486 Parme,
1312 4413 1436 4472 nominoe
1461 4415 1534 4472 aussi
1554 4417 1643 4491 Borpc
1659 4417 1690 4476 ds·

276 4507 324 4566 Vol
337 4509 370 4566 di
386 4510 465 4566 Tora.

305 4632 342 4706 (2)
360 4632 382 4688 ll
402 4649 422 4706 y
440 4649 457 4690 a
474 4632 509 4690 ici
522 4633 639 4707 quelque
651 4631 792 4692 confusion
808 4633 877 4691 dane
890 4632 916 4692 la
929 4633 1049 4692 muniere
1063 4633 1130 4692 dont
1142 4633 1182 4691 les
1195 4631 1257 4690 faits
1268 4637 1330 4690 sont
1342 4617 1492 4706 presentes.
1507 4634 1546 4690 La
1558 4635 1690 4708 conquete

268 4729 304 4786 dn
315 4745 446 4804 royaumc
460 4731 494 4787 de
505 4729 604 4806 Naples
617 4746 669 4805 par
682 4731 765 4790 Henri
778 4732 815 4790 vl
827 4747 983 4804 commoneo
996 4748 1031 4789 en
1044 4731 1107 4790 edet
1118 4747 1153 4788 au
1165 4730 1234 4788 mois
1247 4729 1339 4788 d’aollt
1351 4733 1431 4788 4494.
1449 4731 1518 4790 nais
1537 4746 1585 4788 son
1599 4739 1692 4790 retour

266 4841 302 4884 eu
312 4826 472 4902 Allemngue
485 4833 529 4887 est
539 4829 576 4887 du
588 4829 657 4888 mois
667 4829 702 4887 de
712 4829 771 4902 inin
784 4829 819 4888 de
830 4829 936 4888 l'annde
947 4829 1080 4888 suivante.
1091 4829 1112 4886 ll
1126 4843 1238 4904 repausa
1246 4844 1298 4903 par
1307 4827 1446 4886 Plaisance
1457 4827 1483 4885 le
1494 4830 1529 4886 29
1541 4829 1596 4887 mai
1609 4833 1688 4889 4495.
