4568 6064
623 699 683 761 366
1103 699 1344 762 cttttolttcoht
1368 703 1421 762 llll
1445 701 1572 764 REBUS

621 831 868 932 propterquod
882 854 1007 928 magua
1023 834 1159 908 caristia
1173 837 1337 932 temporis
1352 847 1405 910 cst
1420 837 1457 909 iu
1474 835 1681 910 Lombardia
1693 863 1703 906 :
1717 835 1881 910 venditur
1895 857 1991 909 emm
2005 847 2038 909 et

622 959 715 1030 valet
728 957 891 1028 sectarius
905 957 1067 1030 frumeuti
1083 959 1145 1030 XII
1161 959 1309 1034 soldaris
1321 960 1406 1033 dum
1422 961 1607 1034 excutitur.
1627 959 1727 1033 Unde
1742 961 1863 1032 timent
1880 961 2037 1034 homiues

622 1081 670 1155 ad
688 1090 852 1173 mortem3
870 1091 1008 1177 propter
1028 1105 1133 1178 quam
1150 1085 1395 1158 humiditatem
1414 1085 1578 1180 temporis
1598 1085 1721 1180 partim
1744 1085 1886 1157 morbus
1903 1095 2037 1158 creatus

623 1206 688 1278 init
703 1206 738 1276 in
755 1205 966 1298 homiuibus,
985 1205 1031 1278 ita
1047 1207 1143 1301 quod
1161 1207 1196 1277 in
1213 1215 1282 1280 tota
1297 1207 1504 1281 anbardia
1517 1229 1644 1301 magua
1658 1207 1846 1281 mortalitas
1857 1208 2037 1280 hominum

623 1329 690 1400 luit
705 1338 775 1401 tam
796 1328 949 1400 virorum
965 1351 1070 1422 quam
1086 1329 1289 1421 mulierum,
1308 1339 1343 1401 et
1361 1330 1397 1401 iu
1416 1331 1578 1403 omuibus
1602 1331 1756 1403 maxima
1776 1331 1970 1426 pestilentia
1989 1341 2039 1403 est

623 1461 697 1524 orta
713 1461 747 1524 et
760 1459 916 1546 speratur
932 1449 1006 1523 fieri
1020 1453 1055 1523 iu
1073 1452 1213 1526 mondo.
1231 1452 1274 1525 Et
1289 1451 1356 1526 hoc
1372 1453 1409 1525 iit
1424 1463 1562 1550 propter
1578 1454 1795 1550 iniquitatem
1808 1454 1990 1526 hominum
2005 1466 2039 1528 et

623 1577 876 1670 malitiamque
895 1584 1028 1648 tautum
1048 1577 1157 1650 crevit
1183 1577 1340 1668 inorbo,
1359 1586 1394 1649 et
1415 1578 1464 1649 ita
1481 1578 1620 1652 videtur
1643 1578 1739 1673 quod
1761 1578 1948 1675 prophecia
1970 1601 2038 1672 que

623 1703 751 1797 legitur
768 1703 803 1774 in
820 1703 984 1797 apocalisi
1000 1701 1164 1776 adveniat
1179 1704 1216 1774 iu
1232 1703 1419 1797 muudum,
1440 1727 1511 1800 que
1521 1705 1572 1777 sic
1588 1705 1708 1800 incipit
1723 1730 1763 1776 :u
1781 1706 1825 1776 Et
1840 1703 1943 1777 soluti
1958 1713 2039 1776 suut

623 1835 773 1922 quatuor
789 1825 900 1918 angeli
915 1824 978 1918 qui
1002 1826 1112 1919 parati
1127 1835 1224 1898 eraut
1237 1827 1274 1898 iu
1294 1827 1414 1900 horam
1430 1837 1465 1899 et
1478 1827 1571 1901 diem
1587 1837 1622 1899 et
1642 1849 1773 1899 aunum
1789 1837 1828 1899 ut
1843 1827 2040 1900 occiderent

622 1950 764 2022 terciam
780 1957 913 2043 partam
925 1947 1125 2040 hominum,
1145 1958 1179 2022 et
1192 1961 1316 2024 cetera.
1333 1976 1351 2021 n

672 2075 723 2146 Ile
739 2093 858 2144 meuse
877 2093 961 2145 vero
979 2073 1057 2169 julii
1081 2095 1143 2169 per
1166 2073 1659 2170 domiuumarcbiopiscopum
1675 2073 1860 2148 Mediolani
1881 2083 1916 2146 et
1939 2095 2040 2146 com·-

624 2218 731 2268 mune
740 2196 925 2268 Mediolani
938 2197 1005 2268 lata
1017 2205 1069 2268 est
1080 2197 1255 2269 sentencia
1266 2197 1354 2270 iuter
1364 2197 1561 2270 laudenses
1571 2197 1774 2270 intrinsecos
1784 2208 1819 2270 et
1827 2199 2039 2271 extrinsecos

624 2321 684 2394 tali
700 2320 806 2394 modo
822 2319 918 2414 quod
935 2342 1056 2393 omnes
1074 2321 1203 2394 familie
1221 2321 1505 2415 Ovreguagorum
1528 2331 1562 2393 et
1584 2322 1857 2394 extrinsecorum
1880 2322 2000 2395 Laude
2020 2345 2038 2396 a

624 2445 687 2517 XV
701 2442 802 2515 aunis
815 2443 903 2514 iufra
913 2440 1045 2514 debent
1056 2443 1183 2514 intrare
1196 2452 1230 2514 et
1239 2451 1330 2514 stare
1341 2443 1377 2513 in
1390 2443 1530 2514 civitate
1538 2442 1656 2515 Laude
1667 2442 1843 2534 godieudo
1854 2464 1918 2514 sua
1929 2445 2036 2533 boua;

625 2566 685 2638 alii
703 2565 834 2638 debent
853 2573 945 2637 stare
961 2587 1082 2638 omues
1101 2575 1199 2638 extra
1215 2565 1407 2637 districtum
1424 2565 1543 2637 laude
1558 2587 1671 2658 usque
1684 2565 1730 2638 ad
1746 2577 1876 2638 certum
1891 2576 2037 2661 tempus.

674 2687 805 2760 Eodem
827 2697 981 2783 tempore
997 2687 1151 2758 maxima
1170 2687 1344 2759 discordia
1367 2697 1438 2759 erat
1462 2687 1549 2759 inter
1563 2687 1756 2760 cardinales
1771 2690 1878 2760 Rome
1891 2688 1936 2762 de
1952 2691 2039 2761 elec-

625 2811 720 2884 tione
737 2809 883 2907 pastorie
902 2811 937 2880 in
953 2809 1093 2881 civitate
1108 2809 1275 2902 viterbii,
1292 2820 1327 2882 et
1348 2811 1397 2881 ibi
1414 2819 1494 2881 sunt
1510 2819 1644 2882 tantum
1663 2811 1720 2882 Vll
1740 2811 1931 2884 cardinales
1949 2835 1958 2879 :
1976 2823 2040 2884 tres

628 2944 745 3008 teueut
766 2956 873 3006 uuam
892 2935 985 3006 viam
1009 2933 1138 3006 scilicet
1158 2933 1320 3007 domiuus
1343 2935 1515 3007 lohannes
1540 2934 1736 3031 Gaytauus,
1758 2935 1906 3007 lacobus
1925 2935 1973 3007 de
1990 2937 2041 3008 Si-

628 3059 719 3131 vello
731 3067 766 3131 et
782 3057 938 3131 hlathens
951 3057 1111 3146 Rubeus3
1131 3057 1189 3129 alii
1201 3067 1269 3130 tres
1287 3058 1418 3130 scilicet
1433 3057 1595 3131 domiuus
1612 3057 1795 3146 Anzerius,
1814 3061 1988 3154 Symonus
2000 3059 2042 3130 de

627 3183 754 3254 Tursso
779 3191 813 3254 ct
837 3181 999 3253 dominus
1016 3181 1219 3253 Guillelmns
1243 3180 1437 3253 cardinales
1455 3191 1573 3253 teuent
1597 3181 1701 3252 aliam
1722 3183 1829 3254 viam.
1850 3183 1939 3255 Dicit
1964 3205 2042 3278 pro-

623 3306 750 3402 phecia
766 3304 923 3380 Merliui:
944 3330 962 3374 (ι
982 3304 1135 3378 Ecclesia
1150 3315 1267 3377 sancte
1282 3327 1402 3400 pacem
1425 3325 1494 3376 non
1513 3305 1632 3399 recipit
1651 3313 1748 3395 aute,
1775 3305 1843 3378 nisi
1860 3327 1921 3402 per
1941 3307 2043 3377 inune

627 3431 793 3503 moriatur
806 3429 852 3502 da
867 3428 977 3500 tribus
993 3451 1125 3500 uuus.»
1144 3430 1334 3524 Episcopus
1347 3451 1431 3501 vero
1445 3428 1644 3501 Sabiuansis
1658 3427 1844 3502 cardinalis
1863 3437 1955 3502 teuct
1972 3452 2043 3502 me·

630 3553 724 3627 diam
742 3553 835 3624 viam
854 3573 920 3623 uec
936 3551 1087 3625 declinat
1100 3552 1144 3624 ad
1165 3575 1268 3625 unam
1288 3573 1352 3624 nec
1373 3551 1419 3624 ad
1437 3552 1553 3624 aliam.

678 3681 729 3751 De
748 3697 866 3750 manse
881 3696 966 3748 vero
987 3677 1126 3769 augusti
1141 3677 1324 3769 Papieuses
1340 3697 1421 3746 cum
1440 3675 1637 3748 marchione
1653 3675 1877 3748 Montisierati
1893 3684 1929 3747 et
1944 3687 2044 3768 geute

630 3823 695 3874 sua
711 3823 791 3872 cum
807 3820 910 3872 cerna
929 3797 1076 3869 militum
1089 3797 1293 3888 Mediolani,
1309 3799 1387 3890 Ast,
1403 3799 1553 3870 Novaria
1572 3807 1606 3870 et
1626 3798 1772 3871 aliorum
1792 3821 1934 3871 suornm
1956 3800 2043 3870 ami-

631 3946 751 3996 corum
768 3923 906 3994 iverunt
919 3943 996 3992 cum
1014 3921 1171 3992 exercitu
1190 3920 1237 3992 ad
1250 3919 1484 4014 guastandnm
1501 3921 1621 3992 vineas
1634 3930 1670 3990 et
1688 3921 1774 3992 alias
1788 3941 1844 3992 res
1866 3920 2045 3993 homiuum

632 4048 808 4138 Terdone;
827 4047 863 4116 in
889 4067 959 4140 qua
982 4044 1121 4117 civitate
1142 4044 1297 4117 Terdoue
1319 4053 1400 4116 suut
1419 4045 1547 4116 milites
1572 4043 1757 4116 extrinseci
1776 4043 1821 4118 de
1845 4045 1949 4140 Papia
1967 4065 2045 4114 cum

631 4193 751 4244 corum
767 4178 870 4262 gente
893 4177 928 4241 et
947 4167 1066 4239 CXXV
1084 4167 1210 4240 milites
1232 4166 1403 4240 adsoldati
1430 4187 1492 4263 pro
1509 4167 1683 4239 communi
1704 4167 1887 4254 Cremona,
1908 4175 1943 4238 et
1965 4176 2047 4237 tunc

631 4294 887 4383 Terdoueusee,
908 4291 1110 4364 Guillelmus
1132 4291 1177 4364 de
1191 4293 1290 4364 Petra
1310 4301 1344 4364 et
1362 4291 1485 4363 milites
1504 4291 1614 4386 Papie
1628 4291 1813 4363 extrinseci
1838 4299 1872 4362 et
1889 4289 2045 4362 Alexan-

631 4415 723 4490 drini
736 4415 905 4508 eligerunt
920 4435 983 4509 pro
1003 4434 1044 4486 eo
1059 4409 1166 4510 [rum]
1188 4413 1364 4510 capitaneo
1383 4411 1564 4485 domiuum
1582 4411 1795 4483 Murruelum
1814 4410 2044 4482 marchionem

630 4539 869 4636 Malespiuam.

679 4665 743 4736 Die
759 4661 906 4736 mercuri
921 4660 1032 4757 primo
1052 4659 1180 4734 mensis
1197 4659 1415 4756 septembris,
1433 4659 1618 4754 Papieuses
1637 4655 1813 4729 intrinseci
1830 4677 1909 4727 cnm
1929 4677 2047 4727 eornm

630 4787 839 4885 sequacibus
854 4795 889 4859 et
902 4785 1105 4858 Guillelmus
1117 4785 1162 4858 de
1174 4787 1273 4858 Petra
1287 4793 1437 4881 potestas
1447 4781 1605 4856 Terdone
1616 4803 1679 4878 pro
1693 4803 1731 4853 se
1742 4793 1777 4854 et
1788 4779 1964 4853 communi
1973 4781 2049 4850 Ter·
