4594 6066
580 562 643 624 220
1056 560 1298 624 CHRONICON
1322 561 1374 622 DE
1399 560 1529 621 hunus

579 696 765 770 extrinseci
780 695 825 768 de
843 695 964 768 Parma
980 696 1153 791 quierant
1170 717 1315 770 numero
1333 695 1435 768 CCCC
1448 693 1546 790 apud
1561 695 1714 789 Burgum
1734 697 1851 768 Sancti
1869 697 1999 794 Domp·

579 819 654 891 nini
678 840 717 891 sa
738 818 1041 910 coadunaverunt,
1068 819 1273 892 rebellantes
1304 818 1503 890 civitatibus
1531 818 1653 892 Parme
1682 826 1717 890 et
1742 819 1927 892 Placentia.
1959 821 2000 892 lo

569 944 741 1038 ,proximo
753 964 873 1016 mense
883 943 962 1036 julii
978 965 1059 1016 cum
1071 942 1259 1016 Placentini
1271 963 1319 1014 ex
1334 943 1533 1038 operatione
1550 940 1740 1037 plurimum
1757 943 1902 1015 fratrum
1916 965 2000 1037 pre-

578 1067 772 1141 dicatorum
789 1075 824 1138 et
836 1065 1068 1160 quorumdam
1086 1066 1217 1139 civium
1234 1065 1407 1138 Placentia
1430 1064 1477 1137 ad
1496 1064 1562 1137 hoc
1584 1065 1826 1160 deputatorum
1843 1068 1999 1140 secretis·

578 1190 667 1262 sime
678 1188 889 1262 laborassent
902 1211 983 1262 cum
1000 1190 1212 1285 quibusdam
1231 1188 1429 1262 hominihus
1446 1188 1671 1280 Pontrsmuli,
1687 1189 1862 1262 Bernabas
1872 1189 1999 1262 blalas·

578 1313 663 1409 pina
681 1334 761 1386 cum
779 1335 842 1385 sua
862 1323 965 1407 genta
977 1322 1012 1386 at
1025 1313 1075 1388 CC
1097 1313 1225 1385 milites
1239 1313 1427 1386 Placentini
1445 1333 1527 1386 cnm
1542 1311 1743 1384 hominibus
1759 1312 1943 1385 Vallistorii
1964 1325 2001 1386 et

579 1436 661 1510 Cani
676 1437 853 1509 voluntate
866 1435 972 1531 partis
988 1435 1210 1507 Pontremnlli
1223 1435 1286 1530 qui
1305 1457 1370 1508 sex
1386 1435 1583 1530 capitaneos
1602 1433 1865 1525 ordinaverant,
1887 1435 2000 1510 intra·

578 1566 705 1629 verunt
720 1559 993 1631 Pontremulum.
1013 1557 1167 1632 Marchio
1186 1579 1268 1630 vero
1284 1556 1330 1630 de
1347 1557 1467 1630 Careto
1484 1557 1625 1630 nomine
1644 1558 1851 1630 bonefacius
1864 1567 1900 1630 et
1915 1559 1998 1653 qui·

578 1678 659 1753 dam
672 1681 873 1776 capitaneus
884 1678 1070 1776 Apulensis
1082 1703 1162 1754 cum
1175 1681 1391 1754 Theolonicis
1401 1689 1435 1753 et
1449 1681 1527 1755 aliis
1539 1681 1696 1774 usquein
1708 1683 1759 1754 CL
1768 1681 1858 1754 inter
1867 1682 1995 1756 milites

577 1814 612 1877 et
629 1803 763 1898 pedites
777 1805 814 1874 in
826 1804 1053 1876 monitionem
1067 1826 1105 1877 se
1121 1813 1395 1899 receptavemnt.
1411 1804 1573 1876 Similiter
1585 1805 1780 1900 Spaguclus
1797 1804 1853 1876 vir
1868 1805 1996 1878 nobilis

576 1925 671 1997 illius
680 1935 855 1998 terrenum
867 1927 941 1998 suis
954 1927 1075 1999 amicis
1086 1937 1121 2000 et
1129 1928 1373 2002 suisdomihus
1385 1950 1423 2000 se
1437 1928 1638 2023 receptavit,
1652 1927 1745 2000 circa
1755 1949 1840 2002 vero
1849 1929 1996 2001 tercium

576 2049 670 2122 diem
680 2051 879 2145 proximum
888 2051 1082 2144 Spagoclus
1093 2074 1132 2125 se
1141 2051 1312 2144 reddidit;
1326 2051 1454 2126 deinde
1462 2051 1759 2124 Pontremnlenses
1769 2052 1947 2145 clegerunt
1957 2053 1996 2124 iu

575 2179 909 2268 eorumpotealotem
920 2173 1087 2245 Ubartum
1098 2173 1748 2248 Marchasolam.lntereaCumanicnm
1761 2174 1996 2248 Mediolanen-

575 2296 674 2368 sibus
688 2297 919 2391 paciscerunt.
931 2297 970 2368 ln
983 2299 1144 2392 proximo
1160 2299 1430 2393 menseaugusti
1442 2297 1636 2371 Amadinus
1649 2297 1695 2371 de
1708 2297 1842 2370 Amatis
1857 2297 1903 2370 do
1920 2299 1995 2370 Cre

375 2432 540 2482 ramma,
569 2440 680 2494 mona
692 2441 772 2492 cum
786 2420 863 2491 aliis
873 2420 1040 2492 militibus
1052 2423 1219 2495 Cremona
1239 2420 1246 2517 Ι
1268 2423 1421 2495 bannitis
1434 2423 1480 2495 ah
1492 2421 1712 2516 imperatore,
1727 2420 1994 2494 intravitlocum

400 2537 410 2556 ⁶
573 2541 771 2616 Pladuneet
787 2564 868 2615 cum
885 2543 1054 2617 militibus
1070 2545 1188 2618 Brixia
1194 2597 1205 2638 ,
1223 2547 1365 2618 Mantua
1388 2555 1424 2618 et
1443 2543 1629 2618 Mediolani
1646 2544 1903 2616 combuxerunt
1919 2544 1994 2616 loca

572 2663 722 2761 plurima
745 2687 809 2760 per
826 2665 1065 2761 episcopatum
1086 2667 1271 2760 Cremona,
1290 2667 1452 2742 habendo
1468 2666 1662 2741 Amudinns
1675 2687 1839 2759 magnam
1859 2675 1994 2762 partem

571 2788 609 2860 in
627 2787 767 2862 civitate
779 2809 849 2882 que
861 2789 1023 2884 Capelleti
1035 2790 1289 2885 appellabatur,
1305 2791 1365 2864 alii
1382 2790 1556 2864 intrinseci
1573 2789 1753 2864 barbarasi
1771 2789 1989 2874 dicebantur.

571 2909 704 2983 Eodem
722 2919 876 3007 tempore
901 2911 1148 2986 Cremonenses
1174 2924 1381 3010 acceperunt
1397 2915 1434 2987 in
1459 2923 1663 3011 potestatem
1692 2913 1887 2988 communis
1911 2912 1991 2986 Cre·

571 3054 675 3107 mone
697 3035 862 3108 Ubartum
878 3036 1114 3110 Palavicinnm
1133 3037 1381 3110 marchionem.
1405 3037 1539 3110 Eodem
1564 3046 1717 3132 tempore
1738 3036 1925 3128 Gregorius
1945 3035 1991 3109 de

570 3157 792 3254 Montelcugo
806 3160 960 3255 legatus,
980 3162 1200 3256 congregatis
1216 3161 1458 3234 Parmensibus
1475 3173 1510 3234 et
1524 3161 1690 3233 militibus
1710 3160 1885 3249 Bononio,
1905 3160 1990 3232 Pla-

570 3281 684 3356 centie
710 3291 746 3355 et
760 3285 886 3358 comite
900 3286 1016 3358 Sancti
1033 3285 1200 3359 Bonilacii
1220 3295 1255 3359 et
1276 3285 1476 3360 marchione
1491 3283 1538 3358 de
1561 3285 1623 3356 Est
1640 3293 1676 3356 et
1696 3283 1793 3370 aliis,
1821 3283 1989 3356 hostiliter

569 3405 733 3500 albergati
758 3416 840 3479 sunt
860 3409 965 3500 juxta
989 3419 1129 3504 pontem
1156 3409 1202 3483 dc
1227 3409 1381 3482 Bercello
1405 3431 1512 3504 quem
1534 3408 1780 3481 &emansores
1804 3407 1986 3500 tenebant,

568 3528 606 3600 in
623 3527 822 3603 defensione
838 3534 939 3624 quns
954 3533 1069 3626 pontis
1084 3535 1114 3604 D
1129 3533 1287 3606 homines
1300 3533 1436 3606 banniti
1455 3533 1501 3608 de
1515 3531 1671 3606 Ferraria
1682 3531 1848 3604 moraturi
1867 3551 1989 3605 acces-

568 3661 684 3726 serant
702 3661 737 3726 et
757 3653 815 3726 alii
832 3653 968 3748 pedites
982 3653 1149 3728 Cremona
1169 3656 1380 3730 residebant.
1400 3656 1482 3729 Erat
1499 3655 1592 3728 enim
1608 3676 1689 3750 pars
1702 3654 1796 3726 illius
1818 3653 1932 3749 pontis
1949 3653 1986 3724 in

567 3775 794 3872 collumpnis,
817 3799 898 3872 pars
925 3798 1008 3852 vcro
1032 3778 1070 3849 in
1094 3779 1258 3852 navibus.
1290 3783 1402 3876 Supra
1425 3801 1532 3874 quem
1556 3788 1698 3874 pontem
1724 3778 1870 3851 navium
1895 3778 1986 3851 Par-

566 3921 704 3975 menses
727 3899 841 3972 statim
865 3901 982 3975 lurore
1004 3902 1161 3975 maximo
1175 3912 1400 3991 cncurcrunt,
1426 3911 1524 3976 etex
1541 3902 1741 3998 operatione
1762 3900 1984 3997 quorundam

566 4024 835 4097 Ferrariansium
865 4045 913 4098 ex
942 4026 1092 4100 navibus
1123 4025 1237 4123 pontia
1262 4025 1451 4098 submersis
1478 4025 1684 4100 Parmenses
1709 4025 1772 4120 qui
1801 4026 1840 4098 in
1869 4025 1983 4120 ipsum

566 4157 706 4244 pontem
736 4149 952 4222 intraverunt
977 4150 1069 4247 capti
1097 4161 1191 4223 sunt.
1220 4150 1353 4224 Eodem
1378 4159 1531 4246 tempore
1557 4148 1792 4222 bononienses
1816 4149 1983 4222 hostiliter

566 4293 675 4369 prope
690 4272 865 4346 civitatem
881 4273 1015 4346 Mutine
1029 4293 1151 4347 eorum
1171 4272 1360 4346 infixerunt
1377 4273 1580 4368 temptoria,
1598 4272 1835 4369 episcopatum
1851 4272 1983 4344 hlntina

568 4395 799 4470 devastantes.
821 4399 953 4470 luterea
967 4399 1128 4471 Enolinua
1144 4397 1189 4470 dc
1206 4399 1360 4470 Romano
1378 4397 1471 4491 cepit
1487 4405 1522 4469 et
1538 4395 1711 4468 destruxit
1724 4395 1842 4468 Estem
1857 4404 1893 4466 st
1914 4394 1982 4466 alia

566 4519 643 4594 loca
658 4519 875 4594 marchionis.
901 4521 1064 4595 Similiter
1085 4521 1228 4596 comites
1245 4521 1290 4596 de
1306 4521 1558 4615 Bagnacavallo
1569 4541 1649 4592 cum
1667 4539 1788 4593 eornm
1805 4525 1904 4614 parte
1918 4539 1981 4612 pro

567 4645 772 4740 imperatore
792 4645 1006 4720 intraverunt
1021 4646 1211 4722 Ravenam.
1234 4646 1394 4720 Exeunte
1416 4665 1501 4720 vero
1521 4665 1640 4718 mense
1657 4641 1872 4736 novembris,
1892 4663 1981 4714 mar·
