4568 6064
797 627 839 686 IN
863 627 1002 688 tratre
1027 622 1178 688 GESTIS.
1290 689 1291 692 Ἴ
1642 621 1703 682 359

275 771 384 834 tatem
405 761 592 834 Cumarum
617 781 740 834 versus
758 761 993 836 Mediolanum
1008 763 1113 858 perV
1131 761 1189 834 vel
1213 781 1275 854 per
1294 759 1354 830 Vll
1372 756 1563 854 milliaria(
1584 757 1612 852 ),
1635 760 1704 830 Tu-

278 885 367 958 riani
399 885 437 956 in
469 885 556 957 testo
583 883 763 956 beatorum
790 883 933 958 Fabiani
960 894 993 956 et
1020 883 1213 956 Sebastiani
1242 881 1418 952 exierunt¹
1436 879 1480 951 de
1507 880 1703 954 Mediolano

277 1030 417 1096 omnes,
432 1008 481 1080 ita
498 1007 596 1101 quod
618 1029 711 1080 unus
726 1009 820 1080 solus
837 1031 905 1081 non
923 1007 1090 1081 remansit
1110 1017 1144 1080 et
1164 1007 1305 1079 iverunt
1321 1003 1368 1078 ad
1382 1003 1569 1098 quemdam
1588 1007 1703 1077 locum

278 1133 355 1206 sive
370 1132 521 1226 burgum
540 1131 603 1202 ubi
624 1131 752 1204 dicitur
768 1133 930 1204 Dorium.
950 1132 1012 1204 Est
1036 1139 1152 1204 autem
1175 1128 1445 1225 propellentium
1464 1128 1704 1226 aliuslrurgus

278 1279 298 1327 a
325 1256 398 1329 duo
420 1255 580 1326 milliaria
604 1254 666 1348 qui
688 1263 833 1328 vocatur
853 1258 1043 1346 Socenum,
1075 1254 1233 1327 homines
1249 1253 1360 1356 ,cujus
1389 1275 1431 1326 oo
1456 1250 1515 1325 die
1539 1273 1611 1346 quo
1633 1255 1701 1325 Tu·

279 1380 367 1450 riani
391 1379 633 1474 applicuerunt
650 1379 800 1450 Dexium
821 1380 988 1452 miserunt
1006 1399 1068 1474 pro
1087 1377 1288 1452 Malexartis
1309 1377 1394 1470 quia
1413 1375 1575 1450 volebant
1595 1398 1634 1450 se
1652 1377 1717 1449 eis·

280 1502 376 1576 dare.
395 1501 451 1574 Ad
472 1523 578 1596 quem
602 1502 717 1574 locum
735 1501 977 1598 accipiendum
994 1503 1052 1575 illo
1073 1501 1197 1600 eodem
1220 1521 1298 1574 sero
1315 1501 1413 1574 venit
1429 1500 1575 1594 quidam
1593 1521 1705 1595 nepos

278 1627 432 1721 episcopi
448 1626 594 1700 Cumani
615 1647 696 1698 cum
714 1625 835 1721 paucis
854 1625 900 1700 do
918 1626 1010 1714 suis,
1031 1635 1066 1698 et
1095 1647 1177 1698 cum
1203 1625 1284 1696 illuc
1308 1625 1556 1720 applicuissent
1579 1633 1615 1696 et
1643 1645 1705 1695 au·

279 1750 451 1824 dicissent
476 1749 573 1842 quod
596 1749 735 1822 Turiani
758 1749 808 1820 ibi
828 1750 864 1820 in
882 1751 957 1822 loco
981 1749 1084 1822 Dexii
1107 1758 1223 1821 essent
1246 1749 1337 1820 bene
1363 1747 1419 1820 VC
1445 1747 1571 1818 milites
1592 1745 1599 1844 Ι
1620 1749 1705 1842 quia
1731 1754 1892 1800 ΜΒΝ·

277 1873 445 1946 necdum
464 1873 581 1967 plures
598 1873 842 1966 equitaverunt
858 1873 903 1947 de
921 1871 1131 1962 Mediolano,
1156 1873 1280 1945 timent
1295 1871 1362 1944 sibi
1378 1872 1461 1964 quia
1478 1872 1582 1946 valde
1597 1895 1706 1968 prope

278 2017 340 2068 eos
357 2003 468 2087 erant,
494 2005 530 2068 et
550 1995 666 2068 statim
688 1996 781 2068 misit
806 1995 998 2070 exercitum
1016 2005 1127 2070 totum
1147 1995 1243 2090 quod
1266 1995 1494 2068 incontinenti
1513 1996 1646 2070 veniret
1658 1997 1705 2071 ad

278 2141 374 2210 cum,
394 2119 479 2212 quia
494 2119 643 2190 multum
663 2119 817 2224 timebat.
839 2119 942 2204 Quod
958 2119 1105 2192 audiens
1127 2117 1290 2192 dominus
1312 2117 1591 2215 archiepiscopus
1609 2123 1704 2195 exis·

280 2253 356 2315 tens
381 2244 417 2313 in
443 2241 597 2336 quodam
626 2243 738 2336 burgo
755 2243 971 2316 Manlianum
990 2265 1070 2315 cum
1095 2251 1168 2316 toto
1195 2243 1350 2314 exercitu
1375 2245 1527 2315 surrexit
1551 2254 1585 2316 et
1613 2247 1704 2342 cepit

278 2365 402 2438 venire
422 2365 607 2439 fortissime
628 2387 753 2438 versus
773 2377 899 2438 terrum
917 2367 953 2438 in
971 2389 1043 2461 qua
1063 2374 1162 2439 erant
1187 2367 1339 2438 Turiani.
1360 2367 1402 2437 Et
1429 2389 1510 2438 cum
1535 2368 1618 2440 illuc
1642 2392 1705 2465 ap·

277 2490 456 2584 plicuisset
480 2490 518 2560 in
546 2489 706 2583 sequenti
730 2489 788 2561 die
816 2491 908 2562 circa
937 2491 1097 2581 terciam,
1125 2490 1255 2562 scilicet
1280 2489 1317 2561 in
1343 2490 1430 2562 festo
1455 2491 1556 2562 beate
1586 2503 1705 2566 sancte

277 2613 444 2706 Agnetis,
465 2612 608 2684 Turiani
634 2611 835 2684 clauserunt
855 2633 893 2686 se
913 2613 950 2685 in
970 2614 1083 2708 burgo
1109 2623 1144 2686 et
1160 2591 1353 2708 posuerunt
1371 2635 1476 2708 super
1499 2615 1610 2710 ripam
1633 2618 1704 2688 los·

278 2737 344 2808 sati
362 2736 445 2808 satis
460 2757 522 2830 per
537 2735 611 2808 uim
629 2735 676 2808 ad
694 2735 931 2808 defensionem
948 2745 1050 2828 terre,
1070 2735 1133 2810 sed
1157 2745 1272 2810 mmon
1290 2745 1431 2831 propter
1447 2737 1704 2812 multitudinem

279 2859 544 2932 ballistariorum
566 2859 696 2933 deforis
721 2859 946 2932 existentium
968 2881 1039 2936 non
1060 2867 1206 2956 possunt
1229 2859 1397 2954 impetum
1426 2861 1638 2950 substinere,
1669 2872 1705 2936 et

278 2985 344 3079 ipsi
354 2981 533 3082 [cum]uec
541 2983 747 3056 ballistarios
759 3003 825 3056 nec
834 2983 970 3078 pedites
981 2983 1323 3080 haberentceperunt
1331 2983 1584 3078 aliquantulum
1595 3007 1705 3060 recce-

277 3105 373 3180 dere.
386 3107 556 3180 Etstatim
569 3108 720 3204 populus
734 3105 863 3180 deforis
874 3107 1028 3180 existens
1038 3107 1185 3181 natando
1197 3105 1274 3203 (sic)
1284 3105 1332 3202 (l)
1342 3107 1493 3203 pedibus
1501 3119 1535 3181 et
1544 3111 1704 3183 manibus

277 3253 384 3327 super
400 3233 566 3306 fossatum
583 3231 672 3326 cepit
688 3230 825 3325 ingredi
847 3231 999 3324 burgum
1014 3240 1048 3305 et
1071 3231 1177 3304 valde
1197 3232 1266 3304 cito
1285 3233 1430 3304 intanta
1444 3234 1635 3327 quantitate
1651 3236 1705 3306 in·

277 3355 446 3428 troierunt
470 3352 570 3450 quod·
594 3354 791 3450 aperierunt
816 3362 951 3449 portam
974 3376 1081 3428 unam
1106 3354 1209 3447 burgi
1232 3376 1295 3450 per
1321 3377 1427 3450 quam
1451 3377 1572 3430 omnes
1596 3358 1704 3431 libere

277 3479 497 3571 introierunt,
518 3487 553 3552 et
565 3478 616 3552 sic
635 3479 763 3552 lactum
779 3479 943 3574 estquod
965 3478 1108 3573 quidam
1127 3479 1297 3574 percussit
1313 3479 1558 3552 Francischum
1577 3482 1622 3554 de
1640 3484 1704 3556 La-

279 3612 356 3676 ture
373 3611 408 3676 et
429 3603 572 3699 projecit
589 3623 671 3676 eum
689 3601 735 3676 do
749 3624 841 3698 equo
860 3611 895 3676 et
917 3603 1016 3676 multi
1038 3603 1218 3676 venientes
1237 3625 1342 3698 super
1366 3625 1447 3676 eum
1478 3606 1704 3679 conculcave-

277 3735 360 3798 runt
374 3748 455 3800 eum
472 3726 623 3824 pedibus
640 3747 761 3800 eorum
779 3735 814 3800 et
831 3725 978 3799 finaliter
992 3736 1260 3823 amputaverunt
1277 3737 1383 3822 caput
1402 3729 1477 3820 ejus
1491 3739 1526 3800 et
1543 3729 1703 3804 Andrioti

278 3851 325 3924 de
347 3853 472 3924 lature
495 3852 610 3924 fratris
629 3851 779 3942 Hercch,
802 3859 837 3924 et
854 3852 1035 3924 amborum
1061 3853 1174 3946 capita
1196 3861 1484 3946 presentaverunt
1508 3853 1625 3925 comiti
1646 3853 1704 3926 Ri-

278 3975 385 4048 cerdo
411 3975 456 4048 de
479 3977 660 4068 Langusco
684 3975 720 4046 in
749 3973 938 4048 vindictam
965 3976 1099 4048 comitis
1126 3976 1255 4048 Gilredl
1284 3998 1388 4070 quem
1411 3975 1460 4048 illi
1489 3977 1535 4048 de
1561 3979 1704 4050 Laturre

277 4098 494 4172 occiderunt.
514 4098 684 4172 Dominus
703 4107 819 4170 autem
848 4100 967 4194 Napus
990 4101 1087 4173 venit
1109 4100 1156 4172 ad
1181 4121 1305 4172 manus
1324 4101 1501 4195 potestatis
1519 4101 1702 4178 Cumarum

277 4230 313 4295 et
326 4222 488 4295 liberavit
498 4245 520 4296 a
532 4231 641 4296 morte
652 4221 832 4296 domiuum
845 4224 1002 4319 Napum;
1015 4224 1290 4315 Carnelevarius,
1307 4223 1441 4314 Musca,
1452 4223 1598 4316 Hereoh,
1610 4225 1705 4296 Lom-

278 4345 431 4438 hardus,
451 4357 487 4418 et
504 4345 676 4420 Gnidotus
694 4345 788 4420 filius
807 4347 1005 4432 Francischi
1025 4336 1116 4443 capti
1141 4356 1224 4421 sunt
1242 4361 1276 4420 et
1292 4369 1362 4420 non
1383 4348 1553 4420 vulnerati
1570 4356 1604 4419 et
1622 4355 1705 4418 sunt

278 4467 399 4542 Cumis
423 4469 589 4563 assignati
610 4471 800 4544 communi.
826 4471 988 4544 Salvinus
1009 4471 1104 4546 venit
1128 4470 1173 4544 ad
1194 4493 1319 4544 manus
1341 4472 1594 4545 avunculorum
1618 4493 1705 4544 suo-

322 4629 365 4710 (a)
387 4631 444 4692 Hie
457 4631 603 4708 quaedum
618 4631 719 4693 deesse
733 4633 881 4694 ridentur.

323 4735 363 4816 (b)
382 4737 518 4799 Forsltun
532 4755 586 4816 pro
598 4737 761 4818 rartiocdo,
779 4742 836 4799 nlsl
849 4739 1006 4818 legendum
1022 4741 1060 4800 sit
1074 4739 1248 4817 simpliciter
1262 4737 1406 4801 colundo.
