4594 6066
602 643 660 706 rsa
715 619 718 625 ’
1072 642 1313 706 canonicor
1336 639 1389 704 nu
1409 641 1539 708 anans

599 779 844 872 Pergamenses
854 783 1028 872 ceperant.
1046 775 1090 850 m
1101 778 1183 852 inde
1195 788 1347 852 semotus
1358 802 1438 853 cum
1450 777 1614 852 omnibus
1627 778 1774 875 captivis
1787 789 1822 854 et
1836 781 2010 856 ossidibus

600 923 663 998 per
674 901 913 976 blombardoni
928 911 1061 978 montes
1077 901 1123 976 ad
1138 904 1313 978 civitatem
1327 905 1414 979 Pisis
1432 905 1586 980 accessit.
1602 905 1640 976 ln
1655 901 1778 980 itinere
1788 928 1931 1003 quoque
1947 931 2011 981 suo

600 1048 679 1099 oum
695 1035 780 1121 aput
801 1027 1056 1099 Pontrcmnlum
1080 1028 1279 1102 accessisset
1295 1038 1330 1102 et
1354 1027 1528 1102 dubitaret
1546 1027 1591 1102 de
1613 1027 1682 1120 eis,
1708 1031 1842 1125 aceepit
1868 1029 2010 1104 tortitu-

601 1149 700 1224 dines
716 1149 925 1222 Pontremuli
943 1157 977 1223 et
998 1151 1099 1248 plura
1125 1172 1244 1225 eorum
1268 1153 1406 1226 castella
1424 1151 1585 1246 guarnire
1603 1150 1696 1224 lecit.
1717 1151 1760 1224 Et
1776 1153 1949 1248 accipiens
1966 1154 2012 1227 de

601 1271 801 1344 melioribus
813 1272 1023 1344 Pontremuli
1041 1273 1100 1345 LX
1117 1273 1271 1363 oseidee,
1292 1275 1373 1348 iecit
1387 1295 1447 1348 eos
1462 1274 1592 1348 dooere
1604 1284 1683 1370 post
1696 1297 1747 1348 se.
1767 1275 1924 1350 Preterea
1941 1276 2013 1371 epi·

602 1417 746 1492 scopum
759 1395 856 1468 Lune
867 1395 1079 1470 vinculatum
1096 1396 1225 1472 ducere
1240 1397 1321 1470 iecit
1337 1407 1414 1494 post
1431 1419 1485 1490 se,
1506 1397 1719 1470 constituens
1736 1397 1900 1470 Ubertum
1919 1419 2013 1471 mar-

601 1520 759 1595 chionem
775 1518 1022 1592 Pellavioinum
1036 1541 1139 1592 suum
1161 1521 1329 1593 vicariurn
1348 1521 1384 1592 in
1397 1521 1588 1594 Lunexana
1611 1531 1646 1594 et
1665 1521 1951 1594 Poutremulensi.
1970 1521 2014 1594 Et

602 1642 661 1717 die
675 1643 757 1716 lune
771 1642 831 1716 Vll
844 1643 1009 1716 kalendas
1017 1643 1167 1735 januarii
1183 1645 1367 1740 imperator
1381 1645 1475 1740 ipsos
1483 1645 1639 1741 captivos
1651 1654 1687 1718 et
1697 1645 1831 1718 ossides
1843 1646 1906 1741 qni
1919 1656 2014 1719 eram

601 1767 693 1842 circa
713 1765 831 1858 CCCC,
849 1787 977 1862 ponere
990 1767 1071 1840 iecit
1095 1767 1130 1838 in
1150 1767 1258 1859 galeis
1273 1775 1308 1840 et
1324 1765 1505 1842 mandarit
1523 1789 1584 1842 eos
1604 1769 1801 1864 Neapolim,
1821 1767 2013 1842 dividendo

601 1912 661 1964 eos
683 1912 745 1986 per
771 1898 880 1962 totum
903 1911 1048 1984 regnum
1076 1888 1204 1986 Apulie
1226 1891 1263 1962 in
1289 1890 1466 1965 custodiis.
1494 1891 1538 1964 Et
1568 1891 1645 1987 ipse
1669 1893 1853 1987 imperator
1874 1891 2015 1964 intravit

604 2015 641 2087 in
659 2013 784 2088 vallem
798 2013 927 2108 Spoleti
942 2013 1109 2086 ethabuit
1120 2035 1210 2085 earn.
1229 2014 1267 2085 ln
1283 2014 1443 2110 proximo
1458 2035 1578 2088 mense
1595 2015 1761 2088 februarii
1779 2015 1903 2088 habuit
1921 2016 2015 2088 ciri-

602 2148 706 2212 tatem
723 2137 868 2211 Viterbii
880 2145 916 2209 et
927 2135 1209 2211 hloutefisconum
1227 2147 1263 2210 et
1281 2137 1350 2212 alia
1364 2139 1503 2210 castella
1517 2137 1681 2211 Ecclesia.
1701 2139 1835 2212 Interea
1853 2137 2015 2211 dominus

602 2284 693 2360 papa
711 2271 784 2336 erat
799 2261 835 2334 in
849 2261 940 2334 Urbe
962 2259 1010 2334 ad
1026 2283 1129 2356 quem
1151 2262 1337 2355 imperator
1353 2262 1479 2334 multos
1497 2263 1738 2334 embaxatores
1756 2261 1955 2353 mandavit,
1981 2269 2015 2334 et

602 2409 722 2461 omnes
735 2385 881 2460 Romani
899 2383 1094 2458 clamabant
1109 2409 1145 2454 :a
1155 2383 1291 2475 Veniat,
1306 2385 1425 2457 veniat
1436 2383 1621 2479 imperator
1635 2393 1671 2458 et
1683 2385 1830 2481 accipiat
1842 2381 2011 2457 Urbeml»

602 2511 702 2585 Unde
725 2531 816 2606 papa
840 2507 987 2581 audiens
1005 2507 1285 2582 vociferationem
1310 2527 1430 2579 eorum
1454 2506 1568 2579 timuit
1589 2507 1712 2600 valde,
1740 2517 1775 2580 et
1800 2507 2016 2602 congregatis

602 2633 767 2708 Romanis
784 2631 926 2705 extresit
942 2631 1033 2703 foras
1047 2629 1211 2724 reliquias
1222 2629 1272 2726 (cl
1283 2632 1466 2702 beatorum
1479 2628 1569 2702 Petri
1581 2639 1617 2702 et
1630 2631 1729 2703 Pauli
1739 2629 1880 2704 dicens:
1896 2655 1914 2700 a
1928 2631 2016 2702 Ecce

602 2757 748 2852 reliquie
765 2777 829 2850 pro
845 2755 975 2850 quibus
994 2753 1116 2826 civitas
1131 2762 1247 2826 vestra
1262 2762 1463 2842 veneratum
1483 2775 1550 2846 ego
1573 2763 1688 2828 eutem
1711 2776 1782 2827 uon
1797 2775 1937 2850 possum
1962 2755 2016 2826 ia-

604 2903 682 2955 cere
697 2879 809 2972 magis
825 2879 931 2950 altero
946 2877 1085 2949 homine
1105 2901 1123 2946 a
1143 2885 1178 2949 et
1194 2877 1261 2950 elia
1285 2877 1394 2950 verba
1417 2875 1625 2970 consimilia,
1650 2877 1836 2952 extrahens
1858 2899 2016 2952 coronam

604 3004 650 3079 de
668 3004 778 3099 capite
791 3024 856 3076 suo
870 3010 905 3074 et
922 3001 1085 3096 imposuit
1101 3021 1206 3096 super
1227 3001 1390 3096 reliquias
1405 3001 1525 3076 dicens
1541 3028 1551 3074 t
1568 3002 1680 3094 «vos,
1698 3002 1820 3094 sancti,
1842 3001 2018 3076 defendite

604 3130 746 3202 Romam
763 3127 793 3198 si
811 3125 969 3198 homines
986 3124 1131 3197 Romani
1151 3125 1286 3196 nollunt
1308 3123 1539 3216 defendere.»
1557 3126 1633 3211 Qua
1653 3133 1792 3222 propter
1815 3126 1925 3218 major
1940 3145 2018 3221 pars

604 3253 836 3325 Romanorum
865 3247 994 3321 ibidem
1024 3247 1248 3321 incontinenti
1276 3249 1480 3324 levaverunt
1512 3249 1652 3344 signum
1687 3249 1800 3323 crucis
1829 3249 1864 3320 in
1897 3249 2018 3322 defen·

605 3376 738 3448 sionem
756 3373 802 3471 (b)
821 3371 988 3444 Ecclesia.
1008 3371 1050 3443 Et
1074 3371 1200 3445 videns
1225 3371 1410 3467 imperator
1435 3373 1541 3446 nichil
1563 3373 1612 3446 ibi
1629 3395 1732 3469 posse
1754 3375 1885 3463 iacere,
1905 3383 2018 3446 motus

606 3499 735 3574 exinde
748 3496 917 3594 equitavit
929 3497 965 3567 in
974 3495 1150 3592 Apuliam,
1166 3493 1340 3570 dimittens
1358 3499 1519 3570 comitem
1536 3499 1711 3571 Simonem
1726 3519 1806 3570 cum
1816 3497 1915 3572 CCCC
1932 3499 2020 3570 mili·

606 3625 699 3698 tibus
715 3623 751 3694 in
769 3621 926 3695 custodia
945 3619 1102 3692 viterbii.
1122 3620 1255 3694 interea
1274 3621 1427 3695 marchio
1449 3621 1494 3694 de
1508 3621 1569 3694 Est
1585 3631 1621 3694 et
1637 3643 1752 3696 oomes
1773 3624 1883 3696 sancti
1904 3625 2019 3696 Bone-

607 3748 703 3838 iacii,
726 3745 908 3841 episcopus
932 3743 1101 3834 Ferrarie,
1128 3743 1257 3817 Paulus
1279 3745 1529 3820 intraversatus
1554 3769 1634 3819 cum
1655 3747 1829 3821 veneticis
1858 3757 1894 3820 et
1915 3747 2020 3820 lllan-

608 3870 722 3943 tnanis
739 3867 795 3964 (c),
808 3869 1058 3960 Raranetibns,
1071 3867 1357 3962 Bononiensibus,
1371 3879 1542 3943 venerunt
1553 3867 1600 3944 ad
1617 3871 1853 3946 ossiditionem
1867 3871 2020 3944 Ferraria

609 4017 689 4068 cnm
711 3994 864 4066 maximo
889 3993 1048 4086 navigio,
1065 3991 1242 4088 capientes
1257 3991 1453 4068 Bomdenos
1470 4003 1504 4068 et
1519 3995 1727 4087 Figarollum
1749 4005 1785 4070 et
1801 4005 1931 4069 turrem
1949 3992 2019 4094 [de]

609 4119 744 4191 Periuto
762 4113 813 4214 (d)
834 4125 868 4190 et
886 4113 1067 4188 cathenam
1085 4117 1229 4188 lerream
1249 4137 1319 4210 que
1341 4127 1415 4190 erat
1433 4117 1468 4194 iu
1484 4117 1578 4190 Pedo
1594 4117 1846 4193 detruncantes.
1866 4120 2020 4192 Preterea

610 4241 795 4336 Gregorius
817 4239 864 4313 do
880 4239 1099 4330 Moutelongo
1116 4239 1251 4333 legatus
1275 4262 1355 4313 oum
1376 4241 1425 4314 CC
1442 4241 1607 4315 militibus
1629 4241 1815 4318 Mediolani
1840 4243 2021 4339 adipsum

652 4429 694 4510 (a)
716 4433 751 4491 In
764 4429 864 4491 codice
877 4425 1021 4511 esquiliae.

654 4535 695 4616 (b)
717 4537 754 4596 In
766 4537 866 4597 codice
880 4535 1058 4617 desolemur.

654 4643 692 4722 (a)
718 4643 842 4721 Slc,sed
854 4645 1050 4706 verisimiliter
1063 4641 1272 4706 Mcrcdcraair:

653 4746 697 4829 (d)
716 4750 784 4814 Vox
801 4749 903 4812 dabla.
