4554 6080
619 641 682 704 290
1097 640 1336 706 CllllONlCON
1360 643 1413 704 DE
1438 641 1566 704 anuos

620 815 694 876 tum
709 827 864 878 suorum.
884 803 1191 880 Rooommcndavit
1206 804 1297 898 ipsos
1317 803 1459 877 domino
1475 803 1592 877 comiti
1610 802 1776 877 Ubertino
1793 803 1840 877 de
1853 803 1984 880 Audito
2004 819 2039 882 et

619 927 762 1001 domino
776 929 894 1002 Bossio
906 929 951 1003 de
970 929 1117 1001 bovaria
1130 939 1165 1000 et
1180 928 1266 1024 parti
1285 929 1450 1000 Cremona
1465 935 1499 999 et
1514 927 1603 1023 parti
1619 928 1792 1001 Placentia
1811 937 1847 1002 et
1861 933 2036 1004 communi

617 1051 722 1146 Papia
741 1063 775 1125 et
790 1053 879 1147 parti
898 1053 1032 1124 Parme.
1054 1051 1146 1122 Finis
1159 1051 1235 1142 ejus
1253 1051 1367 1122 bonus
1385 1051 1468 1142 tuit,
1488 1071 1569 1122 cum
1590 1050 1756 1122 ministris
1774 1051 1947 1146 Ecclesia,
1970 1055 2037 1129 lra-

617 1174 730 1246 tribus
743 1173 1018 1270 predicatoribus
1029 1184 1063 1246 et
1079 1174 1270 1246 minoribus
1284 1183 1320 1245 et
1332 1173 1474 1270 prelatis
1485 1173 1637 1246 Ecclesia
1651 1173 1768 1245 multis
1780 1177 1960 1248 consessus
1971 1178 2036 1250 luit

616 1306 758 1400 peccata
772 1320 849 1386 sua,
862 1298 1120 1371 absolucionem
1129 1305 1348 1392 peccatorum
1360 1297 1436 1388 ejus
1446 1295 1632 1392 recipiens,
1644 1297 1806 1369 etomniu
1820 1309 2034 1375 sacramenta

615 1420 768 1494 Ecclesia
793 1443 878 1493 sane
904 1420 1030 1492 mentis
1051 1441 1193 1515 compos
1212 1420 1341 1514 recepit
1359 1447 1369 1490 ε
1386 1439 1448 1514 pro
1463 1418 1594 1514 quibus
1608 1418 1761 1494 ereditur
1783 1421 1861 1512 ejus
1884 1422 2033 1496 animam

615 1543 662 1617 ad
680 1544 839 1616 celestem
855 1544 986 1617 curiam
1006 1543 1206 1638 pervenisse
1226 1541 1292 1639 (t).

664 1669 844 1739 Demense
860 1666 967 1740 madii
986 1665 1139 1739 marchio
1154 1665 1378 1740 lllontislerati
1392 1688 1473 1738 cum
1491 1675 1563 1740 tota
1582 1676 1685 1760 gente
1700 1689 1765 1740 sua
1780 1675 1815 1739 et
1829 1667 1855 1740 C
1867 1667 2035 1743 militibus

615 1791 773 1864 Terdone
793 1791 894 1882 cujus
919 1788 1080 1862 dominus
1101 1799 1173 1862 erat
1195 1799 1327 1862 etcum
1349 1793 1375 1861 L
1396 1789 1565 1862 militibus
1585 1790 1631 1864 da
1648 1799 1747 1886 parte
1764 1791 2034 1867 Fallabrinorum

613 1914 719 2012 Papia
732 1915 923 2010 quioorum
936 1913 1101 2010 expensis
1113 1935 1191 1986 cum
1204 1936 1246 1987 eo
1260 1915 1412 2006 iverunt,
1424 1915 1490 1988 ivit
1502 1935 1608 2010 super
1619 1913 1778 1988 homines
1785 1916 1899 1989 Ubree
1910 1919 2034 1991 voleus

612 2038 708 2132 ipsos
724 2059 788 2110 suo
807 2037 963 2111 dominio
980 2059 1145 2134 superare
1160 2045 1194 2109 et
1212 2037 1407 2132 subponere
1426 2035 1641 2111 devastando
1656 2039 1750 2132 ipsos
1769 2061 1832 2134 per
1845 2041 1979 2134 girum,
1999 2052 2033 2115 et

611 2161 705 2234 stetit
728 2161 777 2233 ibi
796 2183 859 2258 per
876 2163 909 2234 X
926 2161 983 2235 vel
1006 2161 1081 2234 Vlll
1098 2160 1174 2234 dies
1196 2169 1231 2232 et
1250 2159 1378 2234 redivit
1393 2169 1429 2234 et
1447 2161 1547 2232 multi
1566 2161 1611 2234 de
1631 2161 1905 2235 vercellensibus
1931 2173 1968 2235 et
1988 2163 2033 2238 de

612 2286 751 2359 civitate
769 2287 874 2382 Papie
888 2293 923 2359 et
937 2285 1136 2380 episcopatu
1153 2286 1190 2356 in
1208 2285 1343 2358 auxilio
1361 2285 1497 2358 illorum
1516 2285 1562 2358 de
1574 2285 1692 2358 Yvrea
1710 2287 1863 2358 luerunt.

680 2405 688 2504 Ι
708 2408 771 2480 Die
786 2410 905 2481 martis
922 2405 1098 2505 XXllll[l]
1118 2407 1244 2499 madii,
1266 2417 1417 2503 potestas
1434 2409 1542 2504 partis
1566 2409 1829 2481 Sumarivorum
1845 2409 1891 2484 da
1909 2412 2029 2485 Lauda

610 2553 690 2602 cum
713 2531 804 2604 bane
822 2531 872 2602 CC
898 2533 943 2605 de
966 2545 1063 2627 parte
1079 2533 1145 2620 ‚illa
1168 2530 1346 2605 discordes
1365 2555 1386 2605 a
1410 2533 1513 2605 Sucio
1534 2533 1581 2605 de
1601 2533 1784 2606 Vistadino
1803 2544 1876 2607 eta
1898 2538 2028 2630 populo

608 2653 729 2726 Laude
742 2655 930 2727 exiverunt
945 2653 989 2727 de
1004 2657 1142 2728 civitate
1152 2675 1167 2745 ;·
1178 2657 1236 2728 alii
1255 2657 1394 2728 iverunt
1412 2657 1661 2749 Mediolanum,
1673 2658 1732 2730 alii
1745 2658 1979 2732 Castalionum
1994 2670 2029 2734 et

608 2777 666 2850 alii
693 2798 757 2871 por
778 2779 845 2852 alia
869 2779 956 2852 loca.
990 2781 1146 2865 Quorum
1174 2781 1355 2854 occasione
1383 2791 1458 2854 orta
1480 2791 1533 2854 est
1558 2781 1732 2855 discordia
1759 2783 1916 2857 maxima
1938 2785 2028 2858 inter

607 2899 749 2973 Suzium
771 2899 816 2973 de
829 2901 1007 2975 Vistadino
1025 2913 1060 2976 et
1082 2905 1251 3000 populum
1270 2902 1391 2976 laude
1406 2925 1453 2977 ex
1478 2926 1549 2977 uua
1566 2913 1665 3001 parte
1680 2913 1716 2978 et
1731 2905 1964 3001 Napoleonam
1981 2906 2026 2980 da

607 3025 715 3097 Turre
725 3025 838 3097 civem
850 3025 1050 3119 Mediolani,
1066 3035 1267 3122 potestatem
1282 3027 1399 3100 Laude
1413 3029 1474 3122 qui
1488 3029 1581 3124 ipsos
1595 3028 1786 3120 adjuvabat
1796 3051 1844 3101 ex
1855 3029 1940 3122 alia,
1957 3053 2027 3126 que

607 3151 731 3224 crescit
744 3151 790 3224 de
810 3151 868 3224 die
892 3151 929 3221 in
955 3151 1061 3224 diem.
1082 3153 1144 3224 Die
1162 3152 1299 3224 veneris
1323 3153 1444 3226 ultimo
1462 3155 1592 3226 mensis
1607 3154 1715 3227 madii
1736 3177 1816 3226 cum
1835 3156 1905 3227 due
1931 3165 2027 3250 porte

607 3275 756 3348 militam
768 3273 935 3347 Cremona
947 3275 1077 3346 scilicet
1088 3287 1187 3370 porta
1199 3275 1327 3346 Natalis
1341 3285 1374 3346 et
1388 3284 1486 3369 porta
1505 3279 1621 3348 Sancti
1635 3278 1808 3348 laurentii
1822 3278 1967 3350 ivissent
1980 3277 2026 3350 ad

606 3399 758 3472 Roclram
770 3397 903 3470 domini
916 3399 1026 3471 Bossii
1044 3397 1089 3470 de
1099 3397 1249 3470 Dovaria
1265 3419 1369 3470 causa
1382 3397 1497 3470 standi
1512 3419 1616 3494 super
1629 3399 1840 3472 laboratores
1850 3399 1914 3494 qui
1930 3399 2026 3473 tode-

607 3524 691 3596 bant
707 3523 831 3594 circam
848 3543 953 3616 quam
970 3521 1144 3593 faciebant
1160 3520 1234 3593 fieri
1251 3521 1494 3594 Cremonenses
1507 3522 1684 3596 intrinseci
1698 3524 1802 3616 juxta
1818 3523 1972 3596 ltooham
1987 3533 2026 3596 ut

607 3647 719 3744 ipsam
735 3645 952 3738 assederant,
970 3653 1005 3718 et
1020 3665 1100 3717 cum
1115 3644 1151 3715 in
1166 3644 1251 3718 bora
1269 3665 1361 3717 noue
1382 3644 1507 3716 milites
1525 3647 1711 3718 assecurati
1731 3646 1782 3717 sic
1799 3653 1948 3738 starent,
1967 3647 2025 3718 ulii

608 3771 825 3847 dormiebant
841 3781 876 3844 et
892 3770 952 3843 alii
971 3770 1138 3843 ludebant
1160 3768 1206 3843 ad
1223 3770 1386 3862 umbras3
1406 3769 1566 3842 videntes
1581 3769 1650 3842 boc
1663 3769 1712 3841 illi
1731 3769 1777 3842 de
1794 3769 1910 3842 llooba
1926 3778 2025 3842 caute

608 3897 795 3970 exiverunt
813 3895 858 3968 de
874 3891 989 3967 Rocba
1012 3915 1092 3965 oum
1109 3891 1263 3966 maxima
1278 3889 1427 3965 audacia
1442 3899 1477 3964 ct
1491 3893 1659 3989 impetum
1675 3891 1834 3964 lecerunt
1850 3890 1888 3961 in
1909 3889 2021 3986 ipsos,

608 4023 656 4097 ita
674 4019 769 4118 quod
789 4019 883 4115 ipsos
905 4017 942 4088 in
968 4019 1086 4110 fugam
1106 4025 1277 4090 vertentes
1298 4005 1426 4088 multos
1442 4023 1610 4111 oeperunt
1628 4023 1662 4088 et
1680 4015 1807 4087 multos
1824 4013 2025 4086 occiderunt

609 4147 654 4221 de
670 4145 737 4217 illis
750 4143 796 4217 de
811 4141 967 4234 civitate,
988 4150 1024 4214 et
1040 4141 1178 4214 suerunt
1196 4141 1244 4212 illi
1264 4141 1310 4214 de
1326 4141 1443 4214 Rocha
1461 4161 1606 4212 numero
1624 4139 1720 4211 XXV
1735 4138 1862 4210 milites
1872 4147 1913 4211 et
1923 4137 2024 4210 multi

608 4269 743 4367 pedites
766 4277 800 4342 et
825 4266 1021 4358 ballistarii,
1045 4273 1079 4338 et
1103 4265 1230 4337 multos
1255 4265 1302 4338 de
1327 4263 1581 4337 laboratoribus
1608 4260 1810 4335 occiderunt
1833 4270 1868 4334 ct
1895 4260 2024 4334 reversi

610 4403 689 4468 sunt
704 4393 742 4465 in
756 4391 908 4465 Rocbam
922 4409 1001 4462 oum
1017 4409 1144 4482 magno
1162 4387 1305 4482 gaudio.

645 4703 682 4778 (1)
702 4703 772 4760 Tcut
783 4701 809 4758 la
822 4713 937 4773 passage
951 4695 1041 4756 relatis
1050 4694 1067 4753 a
1077 4694 1104 4752 la
1116 4699 1187 4752 mort
1201 4693 1234 4752 de
1248 4691 1407 4750 Pellavicino
1421 4707 1451 4749 se
1464 4696 1589 4748 retrouve
1599 4705 1716 4763 presque
1725 4690 1946 4749 mottmotdans
1955 4687 2022 4748 aean

609 4803 644 4861 da
659 4801 768 4861 blaesis.
