4554 6080
741 709 804 768 ·IN
827 706 970 768 tratre
995 705 1147 767 desole
1605 703 1666 766 293

245 843 386 914 civitate
403 843 547 916 Mantue
573 863 635 938 per
652 842 911 914 Plenamontem
934 851 970 914 et
991 850 1124 936 partem
1148 860 1247 913 suam
1260 839 1395 942 rediret
1410 839 1448 910 in
1465 839 1663 920 civitatem

245 986 362 1038 eomes
375 975 412 1038 et
431 967 505 1062 ipse
528 965 734 1038 Plenamons
753 973 789 1036 et
810 965 969 1038 Matbeus
992 965 1038 1038 de
1056 964 1193 1058 CorIgIo
1216 963 1433 1037 resistebant.
1456 962 1528 1048 Qui
1547 963 1666 1035 habito

246 1096 393 1160 bactatn
414 1089 536 1162 venire
558 1091 714 1162 lecerunt
734 1088 769 1162 in
796 1088 971 1162 civitatem
992 1089 1119 1162 milites
1141 1089 1263 1160 Parme
1284 1088 1375 1160 circa
1395 1085 1460 1176 CC,
1481 1096 1515 1159 et
1531 1087 1667 1181 incepto

247 1211 358 1307 prelio
382 1235 430 1285 ex
452 1215 460 1304 Ι
480 1212 605 1308 pulsus
621 1211 668 1285 de
688 1211 828 1286 civitate
849 1213 989 1284 blantne
1010 1212 1124 1284 dictus
1145 1211 1396 1284 marchionum
1419 1210 1582 1283 omnibns
1600 1209 1668 1284 illis
1701 1211 1866 1258 aarum.

245 1333 309 1430 qni
323 1342 577 1406 contenuerunt
593 1346 629 1408 et
648 1335 713 1408 ivit
734 1335 942 1424 Ferrariam,
962 1345 997 1408 et
1015 1335 1063 1406 ibi
1080 1335 1146 1406 luit
1166 1335 1202 1406 in
1227 1355 1346 1408 mense
1364 1333 1484 1428 aprilis
1508 1333 1668 1428 proximo

248 1459 426 1554 preterito.
441 1459 610 1532 Comeset
620 1459 825 1532 Plenamons
837 1469 872 1532 at
883 1481 965 1555 pars
980 1481 1100 1532 eornm
1111 1459 1267 1532 obtinent
1280 1457 1496 1531 dominatum
1511 1459 1664 1549 Mantua,

247 1591 283 1656 et
297 1583 460 1655 blarehos
478 1580 530 1678 (a)
548 1581 594 1656 de
617 1581 765 1676 Corugio
788 1582 876 1654 ciris
899 1582 1020 1656 Parme
1049 1583 1111 1676 qni
1136 1593 1210 1655 erat
1238 1593 1322 1654 tnnc
1351 1591 1503 1677 potestas
1526 1581 1669 1654 Mantua

249 1728 330 1779 cum
359 1707 411 1778 eis
440 1715 572 1800 partem
597 1727 718 1778 eorum
736 1706 887 1778 fovebat.

297 1829 430 1903 Eodem
446 1839 600 1926 tempore
615 1852 680 1902 rex
697 1831 848 1902 IIarqus
864 1829 1046 1904 essedebat
1062 1830 1246 1902 Nuceriam
1260 1850 1339 1900 cum
1362 1829 1515 1901 maxima
1529 1831 1668 1924 quanti·

248 1963 320 2026 tate
340 1954 489 2026 militum
513 1963 548 2026 at
576 1951 734 2048 peditum
758 1963 793 2026 et
823 1953 903 2026 lecit
930 1965 1078 2026 castrum
1104 1975 1214 2026 unum
1238 1952 1341 2024 valde
1369 1974 1533 2045 magnum
1563 1975 1669 2048 prope

248 2078 447 2152 Nuceriam.
467 2077 519 2150 IIIi
543 2077 589 2150 de
605 2077 753 2150 Nuceria
769 2078 901 2150 fortiter
916 2077 1121 2150 resistebant
1136 2076 1169 2150 ei
1181 2085 1216 2149 et
1231 2077 1340 2149 multa
1355 2077 1464 2172 prelia
1483 2078 1573 2150 lacta
1587 2085 1669 2149 sunt

249 2201 316 2286 ibi;
339 2201 390 2273 illi
409 2201 455 2274 de
470 2200 621 2274 Nuceria
638 2200 746 2272 nichil
765 2201 885 2272 tIment
900 2221 973 2272 ecs.

298 2322 432 2397 Eodem
460 2333 615 2418 tempore
644 2323 798 2396 maxima
830 2321 1002 2395 discordia
1034 2329 1108 2394 erat
1134 2321 1222 2394 inter
1253 2323 1445 2398 cardinales
1476 2325 1583 2397 Rome
1606 2325 1668 2420 qui

249 2457 349 2522 erant
366 2447 477 2536 XVII;
497 2447 545 2518 XI
562 2467 609 2520 ex
627 2445 711 2540 ipsIs
729 2446 861 2518 scilicet
878 2445 1039 2518 dominns
1057 2444 1225 2517 llicardus
1250 2445 1296 2519 de
1318 2447 1540 2540 Anibalibns,
1561 2447 1670 2521 domi·

249 2593 317 2644 nus
342 2570 572 2657 Octavianus,
600 2569 763 2642 domiuus
780 2570 928 2642 Ubertus
948 2568 994 2643 de
1012 2569 1200 2642 Coconaria
1224 2569 1333 2642 etalii
1352 2571 1515 2644 fovebant
1537 2580 1669 2666 partem

251 2695 412 2789 Imperii,
431 2695 488 2766 alii
510 2693 641 2766 scilicet
654 2693 817 2766 dominus
832 2691 1004 2766 Jobannes
1019 2693 1065 2764 de
1081 2691 1264 2788 Gaytanis,
1286 2691 1448 2766 dominus
1469 2694 1670 2768 Octobonus

251 2817 297 2890 de
309 2817 410 2889 Fiecc
426 2827 461 2888 et
476 2817 535 2887 alii
549 2816 715 2890 fovebant
730 2825 859 2910 partem
877 2813 996 2886 Karoli
1013 2824 1048 2888 et
1062 2825 1160 2888 erant
1177 2816 1214 2886 in
1231 2816 1384 2888 ViterbIo
1403 2819 1450 2889 ita
1466 2816 1665 2891 discordes:

250 2963 419 3038 unapars
436 2941 576 3014 volebat
589 2951 760 3036 pastorem
777 2939 822 3014 da
838 2939 1101 3012 ultramontanis
1117 2941 1291 3034 partibus,
1312 2941 1442 3014 scilicet
1453 2942 1510 3014 illa
1524 2944 1665 3036 Karuli‚

249 3067 318 3138 alia
337 3065 475 3138 volebat
489 3073 660 3160 pastorem
673 3064 846 3136 Ytalicum
862 3073 897 3136 et
915 3061 1154 3158 imperatorem
1172 3073 1211 3134 ut
1227 3086 1320 3136 unus
1335 3062 1372 3135 in
1387 3065 1624 3159 spiritualibus
1635 3077 1671 3140 et

250 3189 342 3262 alius
357 3188 393 3258 in
411 3188 660 3282 temporalibus
671 3187 856 3276 muudum,
871 3187 960 3258 sicut
970 3188 1028 3278 jus
1040 3186 1206 3280 postulat,
1221 3185 1443 3279 gubernaret.

301 3313 366 3385 Die
374 3313 467 3406 jovis
486 3313 560 3384 VIII
572 3311 700 3384 mensis
717 3310 878 3404 augusti,
900 3309 1174 3382 Mediolanenses
1193 3307 1240 3382 ad
1253 3309 1455 3382 instanciam
1470 3313 1670 3408 Napolionie

252 3437 299 3510 de
317 3437 444 3508 lature
467 3447 502 3507 et
521 3435 658 3508 illorum
682 3433 853 3508 dedomo
877 3454 942 3504 sna
967 3431 1028 3526 qui
1052 3430 1244 3504 dominium
1270 3433 1363 3504 illiue
1380 3433 1527 3506 civitatis
1550 3437 1669 3512 Laude

253 3559 477 3648 obtinebant,
491 3567 631 3654 propter
648 3557 744 3652 quod
761 3555 960 3630 laudenses
975 3554 1119 3628 monseti
1135 3553 1182 3650 (b)
1196 3556 1360 3630 nolebant
1375 3557 1567 3632 dominium
1584 3561 1668 3634 dicti

251 3684 452 3778 Napolionis
469 3685 548 3778 plus
569 3680 698 3754 habere
714 3679 811 3775 quod
829 3701 890 3774 per
909 3681 1036 3752 multos
1052 3701 1161 3752 annes
1177 3679 1399 3754 obtinuerant
1418 3693 1453 3754 et
1471 3685 1554 3778 quia
1569 3687 1669 3759 ride·

253 3805 339 3878 bant
360 3805 437 3876 illos
451 3803 497 3876 de
513 3806 639 3876 Lature
661 3815 780 3877 contra
797 3825 857 3876 ecs
873 3811 1003 3898 partem
1015 3803 1277 3876 Sumarivornm
1296 3826 1438 3878 suornm
1452 3807 1669 3884 inimicorum

253 3931 371 4002 lovere
396 3938 432 4000 et
458 3928 652 4002 substinere
679 3938 713 4002 et
735 3927 830 4023 ipsos
853 3929 943 4000 velle
968 3927 1106 4021 penitus
1132 3927 1326 4016 destruere,
1350 3949 1470 4001 eorum
1496 3933 1669 4006 carocium

252 4061 352 4126 extra
367 4051 541 4124 civitatem
556 4051 800 4125 conduxerunt
823 4052 915 4146 Ipsos
932 4049 1128 4123 diffidantes
1145 4052 1182 4122 in
1200 4051 1339 4146 publica
1352 4054 1527 4143 contione,
1545 4079 1671 4151 provo·

252 4185 372 4248 cantes
395 4195 516 4247 omnes
539 4175 670 4248 amicos
696 4198 778 4248 suos
801 4173 846 4248 de
870 4172 1077 4246 LombardIn
1098 4173 1145 4246 ad
1171 4175 1363 4246 exercitum
1386 4198 1466 4248 cnm
1490 4179 1541 4250 eis
1566 4201 1671 4274 super

253 4297 455 4372 Laodenees
469 4298 607 4388 uenirc3
623 4299 821 4372 Landeneee
834 4318 919 4371 vero
932 4307 1115 4392 preparant
1133 4319 1172 4370 se
1183 4298 1269 4370 tueri
1282 4298 1328 4372 ad
1346 4299 1476 4372 bellum
1489 4311 1524 4373 et
1541 4303 1671 4377 amicus

254 4424 453 4519 acquirere,
475 4421 650 4494 firmantes
675 4423 763 4494 inter
785 4444 823 4494 se
840 4422 937 4517 qnod
954 4443 1036 4517 pars
1050 4422 1334 4516 Ouergnagorunr
1351 4445 1421 4518 que
1438 4435 1537 4499 extra
1550 4427 1671 4500 civita·

254 4559 324 4622 tem
341 4545 460 4620 Laude
476 4555 614 4618 steterat
632 4567 694 4640 per
710 4547 819 4618 XVIII
838 4566 947 4618 annos
966 4543 1084 4618 veniat
1098 4545 1134 4616 in
1160 4545 1350 4637 civitatem3
1371 4547 1432 4642 qui
1451 4549 1670 4643 Overgnaghi

297 4707 340 4788 (a)
362 4709 430 4782 Sic,
445 4707 518 4768 dum
530 4723 620 4784 supra
631 4705 776 4768 marom.

299 4813 340 4894 (b)
367 4816 431 4892 sle,
450 4813 573 4872 fornltan
589 4813 749 4872 intrimccr'.
