4676 6066
745 661 987 730 cbaodtcort
1009 661 1310 730 PLAGENTINUM.
1695 661 1739 724 35

322 797 468 872 Romam
483 795 649 870 accedere
666 795 847 892 deberent,
869 809 904 876 et
916 809 1002 876 tnnc
1015 799 1203 874 Placentini
1226 801 1262 872 in
1284 798 1506 895 expeditione
1523 799 1648 874 milites
1671 805 1739 870 tre·
1772 789 1775 800 '

316 922 421 1017 ginta
441 921 608 1018 expensis
629 925 823 998 communie
841 934 1066 1021 perexerunt.
1089 923 1219 997 Eodem
1244 943 1337 997 anno
1356 923 1403 998 ds
1421 945 1540 998 mense
1559 923 1737 1016 januario,

321 1044 512 1118 Placentini
550 1045 731 1138 elegerunt
760 1047 800 1119 iu
828 1053 997 1144 potestate
1027 1045 1207 1122 dominum
1243 1048 1392 1118 Drutnm
1421 1047 1658 1122 Marcellinum
1696 1043 1742 1118 de

323 1168 533 1243 Mediolano.
553 1166 685 1242 meam
704 1190 810 1263 anno,
832 1170 893 1244 die
909 1170 1098 1262 dominico,
1119 1179 1245 1265 quarto
1264 1169 1394 1244 mensis
1411 1169 1564 1243 octubris
1580 1167 1740 1264 proximi,

325 1291 515 1366 indictione
540 1287 636 1384 Xlll,
668 1291 831 1368 dominos
848 1293 933 1369 otto
961 1296 1192 1368 Romanorum
1219 1295 1408 1388 imperator
1434 1312 1667 1388 magnacum
1692 1293 1743 1364 le·

324 1415 400 1490 titia
424 1415 603 1490 adomino
624 1415 824 1492 innocentio
842 1441 979 1492 summo
999 1415 1162 1514 pontifice
1185 1417 1221 1488 in
1244 1417 1398 1490 Romana
1420 1417 1561 1490 civitate
1591 1417 1658 1489 tuit
1685 1439 1745 1490 co·

324 1548 486 1632 rocetos,
503 1562 574 1635 qna
588 1562 715 1615 corona
733 1541 854 1616 habita
870 1553 906 1616 et
923 1551 1081 1636 accepta,
1105 1539 1200 1616 idem
1218 1542 1403 1637 imperator
1418 1542 1637 1637 perlongum
1652 1535 1746 1614 stetit

324 1673 464 1760 tempus
480 1685 544 1759 per
561 1663 722 1738 Tusciam
740 1673 774 1738 et
791 1665 1065 1758 llomagniolam.

373 1789 421 1861 Μ.
434 1786 553 1876 CC.X,
577 1809 697 1862 mense
713 1787 848 1884 aprilis,
869 1788 1058 1861 indictione
1075 1785 1170 1879 lllll,¹
1186 1785 1279 1859 idem
1300 1786 1487 1881 imperator
1509 1785 1615 1860 venit·
1630 1787 1747 1858 Bonc-

324 1911 420 1983 niam
428 1911 494 2007 (a),
504 1912 687 2003 Mutinam,
699 1910 845 2006 Regium
863 1920 972 2006 atque
983 1911 1159 2002 Parmam,
1173 1910 1209 1981 in
1220 1931 1289 2004 qua
1301 1909 1420 1982 statuit
1435 1909 1668 2004 colloquium,
1690 1909 1749 1984 dic

325 2055 410 2108 vero
421 2035 599 2127 mercurii,
610 2035 689 2108 Xlll
702 2035 833 2108 mensis
842 2034 962 2132 aprilis
971 2033 999 2127 (t
1008 2032 1035 2128 );
1050 2033 1162 2130 primo
1176 2034 1318 2112 intravit
1330 2033 1552 2124 Placentiam,
1562 2031 1682 2128 ibique
1694 2053 1749 2106 re·

324 2166 447 2252 ceptus
455 2157 521 2230 fnit
531 2179 659 2250 magna
672 2179 753 2230 cum
769 2155 1131 2230 tertiaedecimae
1144 2155 1502 2248 octavodieejusdem
1518 2155 1646 2228 mensis
1661 2155 1750 2252 apri-

324 2281 381 2371 lis,
397 2279 562 2353 dominus
586 2279 776 2354 Grimerins
790 2280 980 2376 episcopus
990 2279 1036 2352 de
1053 2279 1120 2350 boc
1132 2280 1249 2351 seculo
1267 2279 1440 2374 migravit.
1455 2277 1588 2352 Eodem
1606 2297 1699 2352 auno
1716 2289 1751 2352 et

324 2403 526 2500 supradicta
542 2404 793 2495 incarnatione,
815 2403 930 2478 dictus
943 2403 1106 2478 dominus
1120 2403 1211 2494 Otto,
1228 2401 1346 2475 habita
1360 2419 1499 2490 corona,
1517 2423 1579 2497 per
1592 2401 1751 2476 civitates

324 2527 532 2600 lombardie
547 2527 677 2622 petiita
692 2527 886 2602 rectoribus
899 2526 1176 2621 uniuscnjusque
1187 2525 1335 2598 civitatis
1344 2525 1517 2597 auxilium
1530 2525 1678 2598 militum
1689 2515 1751 2622 qui

324 2648 363 2720 in
372 2647 503 2745 Apulia
515 2651 671 2724 exercitu
679 2671 798 2727 secum
816 2648 988 2745 proficisci
1004 2648 1184 2742 deberent,
1196 2649 1258 2744 qni
1272 2647 1463 2721 mundum
1480 2649 1678 2722 faculatem
1692 2669 1752 2723 eo-

325 2780 405 2844 rum·
415 2774 449 2846 ei
459 2773 655 2848 subsidium
667 2773 815 2846 militnm
828 2773 1151 2868 pemmonis
1159 2793 1243 2846 vero
1256 2771 1375 2879 martis
1388 2771 1590 2865 tredecimo,
1601 2783 1753 2848 exeunte

325 2915 446 2970 mense
464 2895 542 2990 julii
558 2894 624 2991 (2),
639 2895 764 2991 viginti
792 2895 920 2970 milites
943 2897 1119 2970 Placentia
1146 2897 1310 2970 exierunt
1335 2896 1528 2986 civitatem,
1545 2897 1606 2992 qni
1622 2898 1660 2970 in
1676 2898 1753 2993 ipsc

324 3019 480 3094 exercitu
497 3019 545 3094 ad
566 3041 742 3117 expenm
765 3021 961 3094 communis
982 3043 1170 3118 perexere,
1192 3041 1343 3116 quorum
1367 3021 1609 3116 unnsquisque
1629 3021 1754 3095 babuit

323 3163 389 3238 pro
415 3143 581 3239 expensis
606 3165 671 3239 per
693 3165 759 3218 sex
775 3165 915 3218 menses
937 3155 1077 3218 centnm
1096 3143 1202 3218 libres
1224 3145 1467 3241 imperialium.
1489 3145 1621 3220 Eodem
1643 3165 1749 3238 anno,

323 3263 383 3338 die
401 3265 502 3357 lune,
520 3263 680 3340 secundo
698 3267 826 3340 mensis
848 3268 1009 3364 augusti,
1029 3269 1164 3342 levatos
1181 3269 1248 3342 soit
1265 3269 1532 3364 archipresbiter
1548 3270 1653 3343 Fulco
1671 3291 1751 3344 ma-

320 3386 407 3478 joris
424 3387 569 3460 ecclesie
583 3387 768 3484 episcopos
784 3389 976 3479 Placentiae
989 3389 1218 3484 prenominati
1236 3411 1321 3464 vero
1340 3390 1465 3464 milites
1487 3391 1658 3466 Placentia
1675 3393 1751 3466 im-

323 3518 519 3605 peratorem
536 3511 831 3586 Montelesconum
852 3511 1071 3586 obsidentem
1093 3512 1321 3606 invenerunt3
1337 3513 1471 3588 deinde
1493 3515 1558 3590 ivit
1587 3535 1650 3612 per
1674 3517 1751 3592 illas

323 3641 453 3728 partes,
469 3641 508 3706 et
520 3635 628 3707 multa
642 3634 718 3708 loca
733 3637 826 3732 cepit
837 3646 872 3710 et
888 3635 1073 3710 destruxit.
1085 3637 1209 3710 Postea
1224 3657 1366 3733 quoqne
1377 3637 1519 3712 intravit
1534 3639 1570 3710 ln
1585 3638 1748 3736 Apuliam

324 3766 360 3830 et
378 3755 579 3830 indefinitas
596 3757 777 3846 civitatee,
805 3759 881 3832 loca
909 3769 945 3832 et
971 3769 1082 3834 castra
1111 3759 1234 3856 partim
1264 3769 1403 3856 propter
1431 3783 1601 3856 amorem,
1623 3765 1747 3860 partim

323 3899 409 3952 vero
427 3889 568 3976 propter
580 3880 653 3952 vim
677 3890 713 3956 et
727 3881 946 3956 concordiam
964 3885 1055 3978 cepit
1070 3893 1105 3958 et
1122 3882 1262 3977 habuit,
1282 3892 1440 3958 ettotam
1457 3885 1619 3980 Apuliam
1637 3911 1747 3986 supe·

200 4017 205 4028 ·
323 4003 426 4076 ravit.
448 4003 549 4076 Stetit
565 4025 706 4100 quoqne
733 4005 770 4075 iu
800 4025 842 4078 ea
869 4007 1050 4100 provincia
1075 4008 1247 4101 usquein
1272 4009 1321 4082 Μ.
1336 4007 1398 4082 CC.
1412 4009 1474 4082 xl.
1492 4009 1611 4086 Mense
1628 4013 1745 4110 aprilis

365 4217 409 4298 (a)
430 4217 468 4280 In
480 4217 581 4280 codice
594 4217 731 4300 Bonum,
745 4221 863 4298 tuopte,
878 4219 951 4282 dum
968 4221 1017 4282 dle
1038 4235 1119 4282 nono
1139 4221 1240 4298 aprilis
1258 4221 1329 4283 Otto
1350 4221 1393 4288 1v
1414 4226 1575 4288 cerdeslme
1596 4227 1744 4292 meantes

323 4329 500 4387 moraretur.
515 4323 562 4387 (ll.
576 4326 743 4401 Βοιωιιιι,
759 4325 870 4409 repca
889 4325 1002 4404 otton,
1012 4343 1043 4406 p.
1060 4335 1111 4403 et,
1126 4336 1160 4388 n⁰
1174 4335 1224 4390 11.

868 4534 1485 4550 ιι--ι--ι--ι--ι--ω-ι-κ--ι-ιι-
1499 4543 1540 4550 ...-
1600 4544 1734 4554 ...mnan-..n-

359 4665 397 4742 (tl
415 4665 548 4740 Rutilo,
562 4665 589 4726 le
602 4669 637 4726 te
649 4667 718 4728 avril
729 4669 950 4730 dteitonnrardi.

203 4813 208 4820 .
361 4763 397 4838 (Ξ)
415 4765 453 4824 be
463 4765 550 4824 mardi
561 4769 596 4826 2⁰
607 4767 707 4842 inibat,
719 4771 753 4826 te
766 4773 847 4828 avant
858 4767 898 4826 les
908 4767 1037 4826 kalendas
1048 4768 1149 4827 d’aorlt.
