4554 6080
766 656 810 716 tlt
834 655 975 718 lustin
999 655 1150 718 dissuta
1603 653 1664 716 2¹13

248 794 457 868 babebimus
469 790 630 867 cariores.
655 787 819 885 Alioquin
832 792 868 864 in
880 792 1043 887 proximo
1056 801 1211 866 nostrum
1223 791 1411 885 expectetis
1423 789 1665 886 triumphalem

249 917 462 1006 adventum,
483 915 567 1010 qnia
586 913 754 988 militibus
777 923 813 986 et
832 915 1009 1009 peditibus
1026 915 1078 988 sic
1099 923 1250 988 vostram
1278 913 1326 1012 (a)
1350 913 1558 986 vallabimus
1576 915 1665 986 civi-

248 1049 354 1115 tatem
370 1040 468 1135 qnod
488 1038 538 1112 illi
559 1059 649 1134 quos
668 1037 836 1111 hactenus
857 1039 1048 1112 offendistis
1074 1039 1120 1112 de
1141 1039 1242 1113 vobis
1261 1048 1335 1112 tute
1352 1047 1513 1135 poterunt
1530 1059 1667 1110 sumere

247 1165 429 1238 ultionem.
454 1164 525 1238 Nec
547 1163 733 1258 quisquam
753 1173 906 1236 veebum
925 1163 1067 1236 miretur
1090 1164 1121 1236 si
1141 1185 1206 1236 vos
1230 1164 1267 1234 in
1292 1162 1460 1257 principio
1477 1161 1667 1234 litterarum

248 1297 444 1362 nostrarum
470 1308 541 1360 non
568 1287 810 1360 salutavimus.
833 1287 908 1359 Non
929 1295 982 1358 est
1004 1286 1127 1378 moris,
1156 1308 1266 1380 quum
1291 1286 1361 1358 buc
1388 1307 1499 1380 usque
1524 1285 1669 1359 rebelles

249 1413 363 1486 inistis
380 1410 533 1506 imperii;
552 1431 641 1504 qnos
657 1418 691 1483 et
707 1409 812 1482 hodie
825 1409 949 1484 eadem
967 1410 1044 1482 labe
1059 1411 1195 1504 palatos
1207 1408 1381 1482 credimus
1396 1409 1464 1482 nisi
1479 1430 1549 1503 qna
1566 1409 1669 1482 vobis

250 1535 406 1608 mitimus
428 1534 572 1608 faciatis.
598 1533 675 1606 Non
702 1533 808 1626 igitur
834 1553 855 1606 a
880 1554 964 1626 rege
989 1533 1130 1606 salutari
1148 1543 1298 1606 meretur
1322 1533 1384 1628 qui
1408 1541 1526 1606 contra
1551 1555 1668 1626 regem

250 1660 381 1732 tociens
405 1659 450 1732 sit
478 1658 629 1731 molitus.
659 1659 784 1730 Datum
799 1654 971 1745 Tridenti,
1000 1667 1032 1728 ct
1049 1667 1167 1730 cetera.
1193 1681 1211 1726 n
1231 1659 1358 1730 lterum
1382 1655 1475 1728 misit
1490 1658 1667 1752 potestati,

251 1783 397 1858 consilio
411 1791 447 1856 et
463 1779 638 1854 communi
652 1779 756 1874 Papie
772 1779 901 1852 litteras
919 1781 1131 1853 continentes
1147 1781 1218 1854 ita:

304 1930 323 1974 u
341 1905 522 1979 Conradns
535 1903 712 1978 secundus
730 1901 792 1975 Ilei
814 1903 926 1996 gratia
945 1904 1134 1976 Jerusalem
1152 1913 1187 1977 et
1201 1903 1315 1976 Sicilie
1330 1923 1416 1994 rex,
1433 1902 1509 1976 dun
1522 1905 1667 1992 Suevie,

251 2029 388 2104 dilectis
407 2027 528 2102 amicis
546 2027 619 2100 suis
641 2036 677 2100 et
692 2025 855 2100 fidelibus
874 2028 1052 2121 potestati,
1073 2027 1218 2098 consilio
1236 2035 1271 2098 et
1288 2028 1463 2100 communi
1487 2027 1592 2122 Papie
1611 2050 1668 2101 sa·

249 2155 357 2226 lutam
382 2162 418 2226 et
443 2153 534 2226 bone
556 2151 746 2224 voluntatis
771 2149 945 2223 allectum.
973 2149 1155 2223 Deuotioni
1175 2159 1291 2224 vestre
1313 2151 1532 2244 presentibus
1554 2151 1671 2226 decla·

249 2297 369 2350 ramus
384 2274 479 2370 quod
499 2297 563 2348 nos
585 2273 766 2348 desideriis
793 2281 987 2346 nostrorum
1013 2271 1167 2346 fidelium
1189 2283 1382 2346 annuentes
1400 2277 1473 2367 jum
1494 2275 1539 2348 dc
1560 2277 1672 2350 Theo-

250 2399 345 2472 tonie
374 2398 531 2494 partibus
559 2397 595 2468 in
626 2395 775 2468 Ytaliam
800 2395 962 2468 venimus
985 2404 1019 2468 et
1043 2395 1138 2489 apud
1162 2396 1347 2468 Bolzannm
1376 2418 1483 2491 prope
1500 2399 1670 2471 Veronam

250 2543 387 2596 sumus.
409 2519 549 2592 Abinde
561 2519 636 2592 sine
649 2540 744 2592 mora
763 2517 986 2590 venientibus
1001 2517 1217 2612 principibus
1233 2527 1268 2590 ct
1284 2517 1360 2590 aliis
1378 2519 1574 2613 potentibus
1587 2521 1671 2596 viris

250 2642 564 2720 innumerabilibus
577 2663 657 2714 cum
676 2639 898 2714 multitudine
916 2641 1071 2734 gentium
1090 2639 1226 2712 infinita
1244 2641 1306 2735 qui
1326 2649 1477 2714 nostram
1496 2645 1671 2716 excellen-

250 2772 334 2843 tiam
352 2765 494 2840 cottidie
508 2765 782 2858 subsequuntur,
801 2785 924 2838 versus
937 2763 1107 2836 Karulum
1121 2763 1301 2836 Provincie
1315 2764 1474 2838 comitem
1490 2766 1671 2840 inimicum

250 2903 407 2966 nostrum
426 2913 507 2964 cum
532 2901 603 2962 tam
619 2889 751 2982 ingenti
773 2888 928 2982 gentium
943 2894 1117 2982 potentatu
1137 2887 1320 2982 magnifice
1336 2889 1560 2984 procedimus
1575 2893 1671 2986 quod

251 3018 400 3090 iaciente
418 3017 491 3088 Deo
511 3013 615 3086 nobis
635 3033 705 3086 non
727 3011 930 3086 dubitamus
948 3011 1123 3084 ullatenus
1137 3011 1224 3106 quin
1247 3033 1328 3085 eum
1352 3013 1502 3086 totaliter
1526 3024 1670 3110 proster-

251 3162 376 3214 nemus
398 3141 434 3212 in
458 3148 584 3212 terram
610 3135 707 3231 quod
728 3135 767 3214 in
793 3143 999 3230 perpetuum
1021 3157 1090 3208 non
1116 3147 1292 3227 resurget,
1317 3135 1525 3210 adversariis
1545 3141 1671 3213 nostris

251 3271 288 3338 et
312 3263 500 3337 rebellibus
526 3261 658 3355 ubique
685 3259 816 3354 potenti
840 3257 983 3330 brachio
1008 3259 1235 3340 conculcatis;
1263 3261 1310 3332 ita
1334 3259 1430 3352 quod
1457 3261 1547 3333 sicut
1572 3261 1671 3338 firma

250 3396 368 3462 mente
394 3385 638 3482 proponimus,
665 3381 713 3458 ad
742 3382 907 3456 bonorem
930 3380 993 3454 Dei
1016 3402 1080 3477 par
1109 3381 1306 3456 universam
1326 3383 1474 3456 Ytaliam
1504 3385 1671 3458 iaciemus

251 3532 375 3610 pacem
401 3519 436 3583 st
459 3507 679 3582 concordiam
707 3506 915 3601 generalem.
942 3505 1012 3580 Vos
1036 3505 1143 3599 igitur
1165 3505 1286 3580 fideles
1309 3527 1355 3579 ex
1377 3507 1531 3582 adventu
1554 3519 1671 3584 nostro

251 3635 489 3732 potentissime
510 3631 630 3704 fideles
648 3638 782 3704 nostros
800 3630 954 3724 ipsarum
971 3630 1121 3724 partium
1142 3629 1349 3704 confortetis.
1369 3632 1494 3704 Datum
1516 3633 1667 3728 Bolzani,

251 3760 313 3832 llll
330 3757 459 3832 mensis
475 3755 644 3842 octubris,
665 3753 700 3826 X
717 3753 919 3828 indictione.
936 3779 955 3822 n

300 3882 434 3956 Ilodem
460 3891 615 3975 tempore
648 3899 764 3952 comes
794 3879 942 3952 Karolus
974 3877 1154 3950 Provincia
1184 3887 1333 3950 castrum
1363 3877 1459 3951 Podii
1486 3881 1605 3954 Bonizi
1634 3883 1672 3955 in

249 4005 377 4079 Tuscia
395 4004 579 4078 ossadebat
597 4023 676 4074 cum
701 4010 798 4095 porte
819 3999 1019 4075 Guelforum
1039 3980 1085 4074 de
1097 4001 1240 4094 Tuscia,
1257 4021 1388 4074 moram
1404 4003 1453 4074 ibi
1474 4004 1632 4078 iaciendo
1650 4026 1670 4077 a

250 4129 370 4204 medio
384 4129 464 4222 julii
479 4125 653 4222 usquead
671 4127 797 4198 testum
811 4125 927 4196 Sancti
944 4123 1082 4198 Andree
1096 4125 1260 4220 proximi.
1283 4126 1322 4196 ln
1342 4125 1545 4202 didensione
1569 4131 1624 4222 cuj
1630 4151 1670 4202 us

251 4255 319 4328 loci
338 4261 436 4326 orant
451 4251 540 4324 MCC
557 4250 685 4324 milites
698 4248 743 4321 dc
759 4257 858 4344 parto
876 4245 1120 4338 Gibilinorum,
1139 4257 1173 4322 et
1191 4251 1283 4322 facto
1299 4257 1417 4344 pacto,
1433 4252 1671 4348 interponente

251 4377 395 4453 domino
414 4375 603 4448 Octaviano
626 4372 810 4463 cardinali,
827 4391 949 4446 omnes
967 4371 1116 4446 forestall
1135 4393 1215 4444 com
1239 4374 1344 4446 armis
1362 4383 1397 4447 et
1423 4375 1528 4448 robus
1548 4397 1670 4450 eorum

253 4508 453 4574 evaserunt.
483 4497 546 4570 Cui
570 4497 698 4570 Karnlo
725 4494 983 4570 contradicebat
1005 4495 1180 4592 dompnus
1203 4494 1350 4570 Anticus
1379 4497 1481 4571 irater
1507 4501 1599 4594 regis
1625 4501 1682 4576 de

291 4767 334 4842 (a)
355 4765 392 4827 ln
406 4765 508 4828 codlcs
521 4769 666 4826 notram.

1472 4877 1509 4930 85
