<?xml version="1.0" encoding="UTF-8"?>
<!DOCTYPE html PUBLIC "-//W3C//DTD XHTML 1.0 Transitional//EN"
    "http://www.w3.org/TR/xhtml1/DTD/xhtml1-transitional.dtd">
<html xmlns="http://www.w3.org/1999/xhtml" xml:lang="en" lang="en">
 <head>
  <title>
</title>
<meta http-equiv="Content-Type" content="text/html;charset=utf-8" />
  <meta name='ocr-system' content='tesseract 3.04.00' />
  <meta name='ocr-capabilities' content='ocr_page ocr_carea ocr_par ocr_line ocrx_word'/>
</head>
<body>
  <div class='ocr_page' id='page_1' title='image "./chroniconplacen00huilgoog_0444.png"; bbox 0 0 4568 6064; ppageno 0'>
   <div class='ocr_carea' id='block_1_1' title="bbox 777 646 1689 709">
    <p class='ocr_par' dir='ltr' id='par_1_1' title="bbox 777 646 1689 709">
     <span class='ocr_line' id='line_1_1' title="bbox 777 646 1689 709; baseline 0 -1"><span class='ocrx_word' id='word_1_1' title='bbox 777 650 819 708; x_wconf 90' lang='lat' dir='ltr'><strong>llll</strong></span> <span class='ocrx_word' id='word_1_2' title='bbox 844 649 984 709; x_wconf 75' lang='lat' dir='ltr'><strong>trttltt</strong></span> <span class='ocrx_word' id='word_1_3' title='bbox 1010 646 1161 708; x_wconf 67' lang='lat' dir='ltr'><strong>trustis,</strong></span> <span class='ocrx_word' id='word_1_4' title='bbox 1628 647 1689 708; x_wconf 83' lang='lat'><strong>385</strong></span> 
     </span>
    </p>
   </div>
   <div class='ocr_carea' id='block_1_2' title="bbox 262 777 1738 4727">
    <p class='ocr_par' dir='ltr' id='par_1_2' title="bbox 266 777 1738 1622">
     <span class='ocr_line' id='line_1_2' title="bbox 266 777 1689 876; baseline 0.001 -24"><span class='ocrx_word' id='word_1_5' title='bbox 266 791 304 852; x_wconf 77' lang='lat' dir='ltr'><strong>et</strong></span> <span class='ocrx_word' id='word_1_6' title='bbox 321 780 400 874; x_wconf 89' lang='lat' dir='ltr'><strong>plus</strong></span> <span class='ocrx_word' id='word_1_7' title='bbox 421 785 455 850; x_wconf 86' lang='lat' dir='ltr'><strong>nt</strong></span> <span class='ocrx_word' id='word_1_8' title='bbox 472 777 563 850; x_wconf 84' lang='lat' dir='ltr'><strong>bana</strong></span> <span class='ocrx_word' id='word_1_9' title='bbox 586 778 687 850; x_wconf 88' lang='lat' dir='ltr'><strong>XXll</strong></span> <span class='ocrx_word' id='word_1_10' title='bbox 704 778 850 874; x_wconf 80' lang='lat' dir='ltr'><strong>pedites.</strong></span> <span class='ocrx_word' id='word_1_11' title='bbox 867 779 905 850; x_wconf 93' lang='lat' dir='ltr'><strong>ln</strong></span> <span class='ocrx_word' id='word_1_12' title='bbox 920 801 990 874; x_wconf 91' lang='lat' dir='ltr'><strong>quo</strong></span> <span class='ocrx_word' id='word_1_13' title='bbox 1004 786 1128 872; x_wconf 74' lang='lat' dir='ltr'><strong>guasto</strong></span> <span class='ocrx_word' id='word_1_14' title='bbox 1149 778 1242 849; x_wconf 86' lang='lat' dir='ltr'><strong>stetit</strong></span> <span class='ocrx_word' id='word_1_15' title='bbox 1259 799 1321 872; x_wconf 81' lang='lat' dir='ltr'><strong>per</strong></span> <span class='ocrx_word' id='word_1_16' title='bbox 1341 779 1406 850; x_wconf 92' lang='lat' dir='ltr'><strong>XX</strong></span> <span class='ocrx_word' id='word_1_17' title='bbox 1422 779 1496 852; x_wconf 75' lang='lat' dir='ltr'><strong>diss</strong></span> <span class='ocrx_word' id='word_1_18' title='bbox 1518 790 1554 854; x_wconf 84' lang='lat' dir='ltr'><strong>et</strong></span> <span class='ocrx_word' id='word_1_19' title='bbox 1570 789 1689 876; x_wconf 81' lang='lat' dir='ltr'><strong>postea</strong></span> 
     </span>
     <span class='ocr_line' id='line_1_3' title="bbox 267 903 1689 998; baseline 0.004 -25"><span class='ocrx_word' id='word_1_20' title='bbox 267 903 333 974; x_wconf 92' lang='lat' dir='ltr'><strong>ivit</strong></span> <span class='ocrx_word' id='word_1_21' title='bbox 345 925 425 975; x_wconf 88' lang='lat' dir='ltr'><strong>num</strong></span> <span class='ocrx_word' id='word_1_22' title='bbox 446 912 515 976; x_wconf 90' lang='lat' dir='ltr'><strong>toto</strong></span> <span class='ocrx_word' id='word_1_23' title='bbox 537 907 693 976; x_wconf 79' lang='lat' dir='ltr'><strong>exercitu</strong></span> <span class='ocrx_word' id='word_1_24' title='bbox 711 925 777 976; x_wconf 90' lang='lat' dir='ltr'><strong>suo</strong></span> <span class='ocrx_word' id='word_1_25' title='bbox 793 904 840 977; x_wconf 90' lang='lat' dir='ltr'><strong>ad</strong></span> <span class='ocrx_word' id='word_1_26' title='bbox 861 905 1095 998; x_wconf 81' lang='lat' dir='ltr'><strong>guastandum</strong></span> <span class='ocrx_word' id='word_1_27' title='bbox 1114 903 1285 976; x_wconf 90' lang='lat' dir='ltr'><strong>Bosnhum</strong></span> <span class='ocrx_word' id='word_1_28' title='bbox 1303 904 1339 974; x_wconf 91' lang='lat' dir='ltr'><strong>in</strong></span> <span class='ocrx_word' id='word_1_29' title='bbox 1365 926 1436 998; x_wconf 89' lang='lat' dir='ltr'><strong>quo</strong></span> <span class='ocrx_word' id='word_1_30' title='bbox 1454 915 1551 976; x_wconf 85' lang='lat' dir='ltr'><strong>arant</strong></span> <span class='ocrx_word' id='word_1_31' title='bbox 1574 906 1624 976; x_wconf 94' lang='lat' dir='ltr'><strong>illi</strong></span> <span class='ocrx_word' id='word_1_32' title='bbox 1643 907 1689 979; x_wconf 86' lang='lat' dir='ltr'><strong>da</strong></span> 
     </span>
     <span class='ocr_line' id='line_1_4' title="bbox 267 1026 1689 1122; baseline 0.003 -24"><span class='ocrx_word' id='word_1_33' title='bbox 267 1026 376 1098; x_wconf 82' lang='lat' dir='ltr'><strong>Puteo</strong></span> <span class='ocrx_word' id='word_1_34' title='bbox 399 1037 434 1098; x_wconf 86' lang='lat' dir='ltr'><strong>et</strong></span> <span class='ocrx_word' id='word_1_35' title='bbox 461 1049 540 1122; x_wconf 90' lang='lat' dir='ltr'><strong>pars</strong></span> <span class='ocrx_word' id='word_1_36' title='bbox 560 1028 755 1100; x_wconf 80' lang='lat' dir='ltr'><strong>extrinseca</strong></span> <span class='ocrx_word' id='word_1_37' title='bbox 780 1027 1004 1102; x_wconf 77' lang='lat' dir='ltr'><strong>Alexandria</strong></span> <span class='ocrx_word' id='word_1_38' title='bbox 1029 1029 1069 1098; x_wconf 95' lang='lat' dir='ltr'><strong>ln</strong></span> <span class='ocrx_word' id='word_1_39' title='bbox 1085 1049 1156 1121; x_wconf 93' lang='lat' dir='ltr'><strong>quo</strong></span> <span class='ocrx_word' id='word_1_40' title='bbox 1179 1029 1345 1118; x_wconf 33' lang='lat' dir='ltr'><strong>exercitu,</strong></span> <span class='ocrx_word' id='word_1_41' title='bbox 1361 1029 1517 1100; x_wconf 84' lang='lat' dir='ltr'><strong>Tardona</strong></span> <span class='ocrx_word' id='word_1_42' title='bbox 1536 1030 1689 1102; x_wconf 84' lang='lat' dir='ltr'><strong>marchio</strong></span> 
     </span>
     <span class='ocr_line' id='line_1_5' title="bbox 266 1148 1689 1249; baseline 0.004 -27"><span class='ocrx_word' id='word_1_43' title='bbox 266 1150 493 1222; x_wconf 86' lang='lat' dir='ltr'><strong>Montislarati</strong></span> <span class='ocrx_word' id='word_1_44' title='bbox 507 1151 696 1225; x_wconf 85' lang='lat' dir='ltr'><strong>nelnbravit</strong></span> <span class='ocrx_word' id='word_1_45' title='bbox 712 1153 909 1225; x_wconf 83' lang='lat' dir='ltr'><strong>societatem</strong></span> <span class='ocrx_word' id='word_1_46' title='bbox 928 1160 1105 1225; x_wconf 77' lang='lat' dir='ltr'><strong>tractatam</strong></span> <span class='ocrx_word' id='word_1_47' title='bbox 1122 1153 1210 1224; x_wconf 78' lang='lat' dir='ltr'><strong>inter</strong></span> <span class='ocrx_word' id='word_1_48' title='bbox 1225 1148 1289 1249; x_wconf 89' lang='lat' dir='ltr'><strong>[se]</strong></span> <span class='ocrx_word' id='word_1_49' title='bbox 1305 1174 1351 1224; x_wconf 82' lang='lat' dir='ltr'><strong>ex</strong></span> <span class='ocrx_word' id='word_1_50' title='bbox 1366 1175 1436 1225; x_wconf 87' lang='lat' dir='ltr'><strong>uua</strong></span> <span class='ocrx_word' id='word_1_51' title='bbox 1454 1163 1549 1247; x_wconf 83' lang='lat' dir='ltr'><strong>parte</strong></span> <span class='ocrx_word' id='word_1_52' title='bbox 1563 1164 1597 1225; x_wconf 87' lang='lat' dir='ltr'><strong>at</strong></span> <span class='ocrx_word' id='word_1_53' title='bbox 1613 1155 1689 1244; x_wconf 88' lang='lat' dir='ltr'><strong>illos</strong></span> 
     </span>
     <span class='ocr_line' id='line_1_6' title="bbox 267 1272 1738 1350; baseline 0.003 -4"><span class='ocrx_word' id='word_1_54' title='bbox 267 1272 450 1348; x_wconf 84' lang='lat' dir='ltr'><strong>daLature</strong></span> <span class='ocrx_word' id='word_1_55' title='bbox 465 1297 511 1348; x_wconf 84' lang='lat' dir='ltr'><strong>ex</strong></span> <span class='ocrx_word' id='word_1_56' title='bbox 526 1276 606 1348; x_wconf 90' lang='lat' dir='ltr'><strong>alia.</strong></span> <span class='ocrx_word' id='word_1_57' title='bbox 623 1278 672 1347; x_wconf 84' lang='lat' dir='ltr'><strong>De</strong></span> <span class='ocrx_word' id='word_1_58' title='bbox 685 1297 803 1349; x_wconf 81' lang='lat' dir='ltr'><strong>menso</strong></span> <span class='ocrx_word' id='word_1_59' title='bbox 816 1298 900 1349; x_wconf 84' lang='lat' dir='ltr'><strong>varo</strong></span> <span class='ocrx_word' id='word_1_60' title='bbox 920 1276 1025 1350; x_wconf 90' lang='lat' dir='ltr'><strong>madii</strong></span> <span class='ocrx_word' id='word_1_61' title='bbox 1046 1276 1080 1346; x_wconf 90' lang='lat' dir='ltr'><strong>in</strong></span> <span class='ocrx_word' id='word_1_62' title='bbox 1096 1273 1166 1348; x_wconf 84' lang='lat' dir='ltr'><strong>lina</strong></span> <span class='ocrx_word' id='word_1_63' title='bbox 1180 1279 1307 1347; x_wconf 79' lang='lat' dir='ltr'>mensis</span> <span class='ocrx_word' id='word_1_64' title='bbox 1320 1275 1484 1348; x_wconf 85' lang='lat' dir='ltr'><strong>dominus</strong></span> <span class='ocrx_word' id='word_1_65' title='bbox 1500 1299 1564 1348; x_wconf 82' lang='lat' dir='ltr'><strong>rex</strong></span> <span class='ocrx_word' id='word_1_66' title='bbox 1582 1277 1691 1350; x_wconf 90' lang='lat' dir='ltr'><strong>Karo·</strong></span> <span class='ocrx_word' id='word_1_67' title='bbox 1734 1301 1738 1309; x_wconf 87' lang='lat'><strong>·</strong></span> 
     </span>
     <span class='ocr_line' id='line_1_7' title="bbox 266 1399 1700 1495; baseline 0.003 -25"><span class='ocrx_word' id='word_1_68' title='bbox 266 1399 323 1471; x_wconf 89' lang='lat' dir='ltr'><strong>lus</strong></span> <span class='ocrx_word' id='word_1_69' title='bbox 336 1422 418 1473; x_wconf 88' lang='lat' dir='ltr'><strong>num</strong></span> <span class='ocrx_word' id='word_1_70' title='bbox 431 1402 457 1471; x_wconf 90' lang='lat' dir='ltr'>L</span> <span class='ocrx_word' id='word_1_71' title='bbox 471 1402 578 1492; x_wconf 79' lang='lat' dir='ltr'><strong>galeis</strong></span> <span class='ocrx_word' id='word_1_72' title='bbox 596 1411 630 1474; x_wconf 84' lang='lat' dir='ltr'><strong>et</strong></span> <span class='ocrx_word' id='word_1_73' title='bbox 645 1402 783 1476; x_wconf 89' lang='lat' dir='ltr'><strong>duabus</strong></span> <span class='ocrx_word' id='word_1_74' title='bbox 801 1402 951 1476; x_wconf 84' lang='lat' dir='ltr'><strong>navibus</strong></span> <span class='ocrx_word' id='word_1_75' title='bbox 964 1401 1100 1495; x_wconf 81' lang='lat' dir='ltr'><strong>maguis</strong></span> <span class='ocrx_word' id='word_1_76' title='bbox 1115 1401 1254 1472; x_wconf 87' lang='lat' dir='ltr'><strong>armatis</strong></span> <span class='ocrx_word' id='word_1_77' title='bbox 1269 1422 1331 1495; x_wconf 83' lang='lat' dir='ltr'><strong>per</strong></span> <span class='ocrx_word' id='word_1_78' title='bbox 1342 1423 1438 1474; x_wconf 83' lang='lat' dir='ltr'><strong>mara</strong></span> <span class='ocrx_word' id='word_1_79' title='bbox 1453 1403 1563 1474; x_wconf 85' lang='lat' dir='ltr'><strong>lanua</strong></span> <span class='ocrx_word' id='word_1_80' title='bbox 1577 1403 1640 1476; x_wconf 88' lang='lat' dir='ltr'><strong>ivit</strong></span> <span class='ocrx_word' id='word_1_81' title='bbox 1652 1403 1700 1486; x_wconf 90' lang='lat' dir='ltr'><strong>in</strong></span> 
     </span>
     <span class='ocr_line' id='line_1_8' title="bbox 266 1524 964 1622; baseline 0.006 -26"><span class='ocrx_word' id='word_1_82' title='bbox 266 1524 428 1620; x_wconf 84' lang='lat' dir='ltr'><strong>Apuliam</strong></span> <span class='ocrx_word' id='word_1_83' title='bbox 449 1547 512 1620; x_wconf 90' lang='lat' dir='ltr'><strong>pro</strong></span> <span class='ocrx_word' id='word_1_84' title='bbox 529 1527 765 1622; x_wconf 86' lang='lat' dir='ltr'><strong>recuperando</strong></span> <span class='ocrx_word' id='word_1_85' title='bbox 780 1527 964 1601; x_wconf 84' lang='lat' dir='ltr'><strong>Sciniliam.</strong></span> 
     </span>
    </p>

    <p class='ocr_par' dir='ltr' id='par_1_3' title="bbox 262 1649 1728 3865">
     <span class='ocr_line' id='line_1_9' title="bbox 318 1649 1699 1746; baseline 0.002 -26"><span class='ocrx_word' id='word_1_86' title='bbox 318 1649 380 1722; x_wconf 86' lang='lat' dir='ltr'><strong>Dia</strong></span> <span class='ocrx_word' id='word_1_87' title='bbox 399 1651 519 1722; x_wconf 87' lang='lat' dir='ltr'><strong>lunnV</strong></span> <span class='ocrx_word' id='word_1_88' title='bbox 529 1651 658 1722; x_wconf 86' lang='lat' dir='ltr'><strong>mensis</strong></span> <span class='ocrx_word' id='word_1_89' title='bbox 667 1651 759 1742; x_wconf 90' lang='lat' dir='ltr'><strong>junii</strong></span> <span class='ocrx_word' id='word_1_90' title='bbox 774 1653 878 1724; x_wconf 83' lang='lat' dir='ltr'><strong>irater</strong></span> <span class='ocrx_word' id='word_1_91' title='bbox 892 1653 1058 1724; x_wconf 90' lang='lat' dir='ltr'><strong>naturalis</strong></span> <span class='ocrx_word' id='word_1_92' title='bbox 1076 1652 1167 1746; x_wconf 82' lang='lat' dir='ltr'><strong>regis</strong></span> <span class='ocrx_word' id='word_1_93' title='bbox 1179 1650 1414 1744; x_wconf 81' lang='lat' dir='ltr'><strong>Aragnnensis</strong></span> <span class='ocrx_word' id='word_1_94' title='bbox 1428 1650 1490 1743; x_wconf 92' lang='lat' dir='ltr'><strong>qui</strong></span> <span class='ocrx_word' id='word_1_95' title='bbox 1507 1650 1541 1720; x_wconf 93' lang='lat' dir='ltr'><strong>in</strong></span> <span class='ocrx_word' id='word_1_96' title='bbox 1553 1650 1699 1736; x_wconf 55' lang='lat' dir='ltr'><strong>Snicilia,</strong></span> 
     </span>
     <span class='ocr_line' id='line_1_10' title="bbox 266 1751 1687 1868; baseline 0.001 -24"><span class='ocrx_word' id='word_1_97' title='bbox 266 1795 332 1868; x_wconf 92' lang='lat' dir='ltr'><strong>pro</strong></span> <span class='ocrx_word' id='word_1_98' title='bbox 352 1774 427 1868; x_wconf 91' lang='lat' dir='ltr'><strong>ipso</strong></span> <span class='ocrx_word' id='word_1_99' title='bbox 447 1797 531 1866; x_wconf 80' lang='lat' dir='ltr'><strong>rega</strong></span> <span class='ocrx_word' id='word_1_100' title='bbox 546 1774 745 1847; x_wconf 81' lang='lat' dir='ltr'><strong>dominatur</strong></span> <span class='ocrx_word' id='word_1_101' title='bbox 762 1797 843 1848; x_wconf 86' lang='lat' dir='ltr'><strong>cum</strong></span> <span class='ocrx_word' id='word_1_102' title='bbox 861 1775 1063 1848; x_wconf 91' lang='lat' dir='ltr'><strong>homiuibus</strong></span> <span class='ocrx_word' id='word_1_103' title='bbox 1079 1775 1211 1848; x_wconf 82' lang='lat' dir='ltr'><strong>Mixina</strong></span> <span class='ocrx_word' id='word_1_104' title='bbox 1230 1783 1265 1846; x_wconf 86' lang='lat' dir='ltr'><strong>et</strong></span> <span class='ocrx_word' id='word_1_105' title='bbox 1279 1751 1429 1863; x_wconf 66' lang='lat' dir='ltr'><strong>scibitis,</strong></span> <span class='ocrx_word' id='word_1_106' title='bbox 1448 1775 1588 1844; x_wconf 88' lang='lat' dir='ltr'><strong>armatis</strong></span> <span class='ocrx_word' id='word_1_107' title='bbox 1607 1796 1687 1846; x_wconf 92' lang='lat' dir='ltr'><strong>om·</strong></span> 
     </span>
     <span class='ocr_line' id='line_1_11' title="bbox 266 1899 1695 1996; baseline 0 -26"><span class='ocrx_word' id='word_1_108' title='bbox 266 1899 373 1970; x_wconf 91' lang='lat' dir='ltr'>nibus</span> <span class='ocrx_word' id='word_1_109' title='bbox 390 1899 499 1990; x_wconf 83' lang='lat' dir='ltr'><strong>galeis</strong></span> <span class='ocrx_word' id='word_1_110' title='bbox 521 1907 556 1972; x_wconf 84' lang='lat' dir='ltr'><strong>et</strong></span> <span class='ocrx_word' id='word_1_111' title='bbox 573 1901 676 1992; x_wconf 79' lang='lat' dir='ltr'><strong>lignis</strong></span> <span class='ocrx_word' id='word_1_112' title='bbox 696 1901 788 1974; x_wconf 84' lang='lat' dir='ltr'><strong>sicut</strong></span> <span class='ocrx_word' id='word_1_113' title='bbox 804 1903 884 1995; x_wconf 93' lang='lat' dir='ltr'><strong>plus</strong></span> <span class='ocrx_word' id='word_1_114' title='bbox 902 1911 1050 1996; x_wconf 85' lang='lat' dir='ltr'><strong>poterat,</strong></span> <span class='ocrx_word' id='word_1_115' title='bbox 1073 1911 1109 1972; x_wconf 86' lang='lat' dir='ltr'><strong>at</strong></span> <span class='ocrx_word' id='word_1_116' title='bbox 1123 1903 1261 1972; x_wconf 82' lang='lat' dir='ltr'><strong>fuerunt</strong></span> <span class='ocrx_word' id='word_1_117' title='bbox 1278 1901 1377 1994; x_wconf 80' lang='lat' dir='ltr'>galee</span> <span class='ocrx_word' id='word_1_118' title='bbox 1395 1919 1543 1971; x_wconf 86' lang='lat' dir='ltr'><strong>numero</strong></span> <span class='ocrx_word' id='word_1_119' title='bbox 1561 1899 1631 1989; x_wconf 90' lang='lat' dir='ltr'><strong>Lll,</strong></span> <span class='ocrx_word' id='word_1_120' title='bbox 1654 1909 1695 1984; x_wconf 32' lang='lat' dir='ltr'><strong>at·</strong></span> 
     </span>
     <span class='ocr_line' id='line_1_12' title="bbox 268 2023 1684 2120; baseline 0 -26"><span class='ocrx_word' id='word_1_121' title='bbox 268 2044 350 2095; x_wconf 85' lang='lat' dir='ltr'><strong>cum</strong></span> <span class='ocrx_word' id='word_1_122' title='bbox 378 2025 455 2095; x_wconf 91' lang='lat' dir='ltr'><strong>aliis</strong></span> <span class='ocrx_word' id='word_1_123' title='bbox 478 2025 629 2096; x_wconf 89' lang='lat' dir='ltr'><strong>navibus</strong></span> <span class='ocrx_word' id='word_1_124' title='bbox 654 2025 752 2096; x_wconf 79' lang='lat' dir='ltr'><strong>venit</strong></span> <span class='ocrx_word' id='word_1_125' title='bbox 775 2027 878 2117; x_wconf 79' lang='lat' dir='ltr'><strong>juxta</strong></span> <span class='ocrx_word' id='word_1_126' title='bbox 905 2027 1078 2098; x_wconf 81' lang='lat' dir='ltr'><strong>civitatem</strong></span> <span class='ocrx_word' id='word_1_127' title='bbox 1104 2028 1149 2099; x_wconf 85' lang='lat' dir='ltr'><strong>da</strong></span> <span class='ocrx_word' id='word_1_128' title='bbox 1177 2026 1303 2120; x_wconf 91' lang='lat' dir='ltr'><strong>Napuli</strong></span> <span class='ocrx_word' id='word_1_129' title='bbox 1329 2047 1391 2120; x_wconf 84' lang='lat' dir='ltr'><strong>par</strong></span> <span class='ocrx_word' id='word_1_130' title='bbox 1419 2024 1484 2096; x_wconf 91' lang='lat' dir='ltr'><strong>tria</strong></span> <span class='ocrx_word' id='word_1_131' title='bbox 1512 2023 1684 2094; x_wconf 87' lang='lat' dir='ltr'><strong>milliaria.</strong></span> 
     </span>
     <span class='ocr_line' id='line_1_13' title="bbox 269 2147 1684 2244; baseline -0.001 -26"><span class='ocrx_word' id='word_1_132' title='bbox 269 2147 347 2232; x_wconf 87' lang='lat' dir='ltr'><strong>Quo</strong></span> <span class='ocrx_word' id='word_1_133' title='bbox 364 2147 505 2240; x_wconf 79' lang='lat' dir='ltr'><strong>cognito</strong></span> <span class='ocrx_word' id='word_1_134' title='bbox 522 2159 557 2220; x_wconf 86' lang='lat' dir='ltr'><strong>et</strong></span> <span class='ocrx_word' id='word_1_135' title='bbox 575 2148 661 2220; x_wconf 87' lang='lat' dir='ltr'><strong>scito</strong></span> <span class='ocrx_word' id='word_1_136' title='bbox 683 2171 747 2243; x_wconf 87' lang='lat' dir='ltr'><strong>per</strong></span> <span class='ocrx_word' id='word_1_137' title='bbox 765 2148 947 2221; x_wconf 91' lang='lat' dir='ltr'><strong>dominum</strong></span> <span class='ocrx_word' id='word_1_138' title='bbox 965 2150 1158 2244; x_wconf 81' lang='lat' dir='ltr'><strong>principem</strong></span> <span class='ocrx_word' id='word_1_139' title='bbox 1172 2149 1281 2221; x_wconf 87' lang='lat' dir='ltr'><strong>lilium</strong></span> <span class='ocrx_word' id='word_1_140' title='bbox 1295 2147 1429 2221; x_wconf 92' lang='lat' dir='ltr'><strong>domini</strong></span> <span class='ocrx_word' id='word_1_141' title='bbox 1447 2148 1539 2240; x_wconf 77' lang='lat' dir='ltr'><strong>regis</strong></span> <span class='ocrx_word' id='word_1_142' title='bbox 1552 2147 1684 2236; x_wconf 75' lang='lat' dir='ltr'><strong>Karou,</strong></span> 
     </span>
     <span class='ocr_line' id='line_1_14' title="bbox 267 2271 1728 2370; baseline -0.001 -24"><span class='ocrx_word' id='word_1_143' title='bbox 267 2271 461 2346; x_wconf 77' lang='lat' dir='ltr'><strong>deliberato</strong></span> <span class='ocrx_word' id='word_1_144' title='bbox 481 2273 645 2346; x_wconf 84' lang='lat' dir='ltr'><strong>conscilio</strong></span> <span class='ocrx_word' id='word_1_145' title='bbox 669 2295 748 2344; x_wconf 85' lang='lat' dir='ltr'><strong>num</strong></span> <span class='ocrx_word' id='word_1_146' title='bbox 777 2274 851 2346; x_wconf 88' lang='lat' dir='ltr'><strong>suis</strong></span> <span class='ocrx_word' id='word_1_147' title='bbox 880 2273 1074 2346; x_wconf 83' lang='lat' dir='ltr'>baronibus</span> <span class='ocrx_word' id='word_1_148' title='bbox 1102 2284 1137 2348; x_wconf 82' lang='lat' dir='ltr'><strong>nt</strong></span> <span class='ocrx_word' id='word_1_149' title='bbox 1163 2273 1398 2370; x_wconf 81' lang='lat' dir='ltr'>sapientibus,</span> <span class='ocrx_word' id='word_1_150' title='bbox 1420 2271 1540 2344; x_wconf 87' lang='lat' dir='ltr'><strong>statuit</strong></span> <span class='ocrx_word' id='word_1_151' title='bbox 1566 2272 1616 2344; x_wconf 89' lang='lat' dir='ltr'><strong>irn</strong></span> <span class='ocrx_word' id='word_1_152' title='bbox 1641 2271 1687 2344; x_wconf 92' lang='lat' dir='ltr'><strong>ad</strong></span> <span class='ocrx_word' id='word_1_153' title='bbox 1724 2283 1728 2292; x_wconf 86' lang='lat'><em>&#39;</em></span> 
     </span>
     <span class='ocr_line' id='line_1_15' title="bbox 266 2396 1689 2496; baseline -0.001 -24"><span class='ocrx_word' id='word_1_154' title='bbox 266 2401 417 2496; x_wconf 89' lang='lat' dir='ltr'><strong>pralium</strong></span> <span class='ocrx_word' id='word_1_155' title='bbox 439 2408 659 2494; x_wconf 81' lang='lat' dir='ltr'><strong>pugnaturus</strong></span> <span class='ocrx_word' id='word_1_156' title='bbox 685 2399 856 2470; x_wconf 86' lang='lat' dir='ltr'><strong>cumillis</strong></span> <span class='ocrx_word' id='word_1_157' title='bbox 879 2396 1099 2489; x_wconf 83' lang='lat' dir='ltr'><strong>dsSnicilia,</strong></span> <span class='ocrx_word' id='word_1_158' title='bbox 1127 2407 1161 2472; x_wconf 84' lang='lat' dir='ltr'><strong>et</strong></span> <span class='ocrx_word' id='word_1_159' title='bbox 1185 2398 1324 2470; x_wconf 87' lang='lat' dir='ltr'><strong>armatis</strong></span> <span class='ocrx_word' id='word_1_160' title='bbox 1351 2397 1493 2469; x_wconf 84' lang='lat' dir='ltr'>XXXVI</span> <span class='ocrx_word' id='word_1_161' title='bbox 1517 2397 1627 2490; x_wconf 80' lang='lat' dir='ltr'><strong>galeis</strong></span> <span class='ocrx_word' id='word_1_162' title='bbox 1653 2407 1689 2470; x_wconf 86' lang='lat' dir='ltr'><strong>at</strong></span> 
     </span>
     <span class='ocr_line' id='line_1_16' title="bbox 267 2521 1686 2620; baseline -0.002 -21"><span class='ocrx_word' id='word_1_163' title='bbox 267 2527 343 2599; x_wconf 89' lang='lat' dir='ltr'><strong>aliis</strong></span> <span class='ocrx_word' id='word_1_164' title='bbox 366 2524 469 2620; x_wconf 80' lang='lat' dir='ltr'><strong>lignis</strong></span> <span class='ocrx_word' id='word_1_165' title='bbox 491 2523 582 2596; x_wconf 85' lang='lat' dir='ltr'><strong>sicut</strong></span> <span class='ocrx_word' id='word_1_166' title='bbox 605 2521 872 2616; x_wconf 89' lang='lat' dir='ltr'><strong>maliuspntuit‚</strong></span> <span class='ocrx_word' id='word_1_167' title='bbox 898 2524 1044 2618; x_wconf 83' lang='lat' dir='ltr'><strong>ipsemet</strong></span> <span class='ocrx_word' id='word_1_168' title='bbox 1068 2523 1229 2618; x_wconf 81' lang='lat' dir='ltr'><strong>princeps</strong></span> <span class='ocrx_word' id='word_1_169' title='bbox 1254 2543 1336 2594; x_wconf 88' lang='lat' dir='ltr'><strong>num</strong></span> <span class='ocrx_word' id='word_1_170' title='bbox 1360 2521 1523 2595; x_wconf 90' lang='lat' dir='ltr'><strong>omnibus</strong></span> <span class='ocrx_word' id='word_1_171' title='bbox 1546 2523 1686 2596; x_wconf 83' lang='lat' dir='ltr'><strong>Franci·</strong></span> 
     </span>
     <span class='ocr_line' id='line_1_17' title="bbox 267 2647 1689 2744; baseline -0.003 -22"><span class='ocrx_word' id='word_1_172' title='bbox 267 2651 367 2744; x_wconf 83' lang='lat' dir='ltr'>genis</span> <span class='ocrx_word' id='word_1_173' title='bbox 396 2649 563 2720; x_wconf 88' lang='lat' dir='ltr'><strong>militibus</strong></span> <span class='ocrx_word' id='word_1_174' title='bbox 591 2647 653 2740; x_wconf 92' lang='lat' dir='ltr'><strong>qui</strong></span> <span class='ocrx_word' id='word_1_175' title='bbox 676 2668 798 2720; x_wconf 86' lang='lat' dir='ltr'><strong>sanum</strong></span> <span class='ocrx_word' id='word_1_176' title='bbox 823 2657 923 2720; x_wconf 83' lang='lat' dir='ltr'><strong>arant</strong></span> <span class='ocrx_word' id='word_1_177' title='bbox 947 2649 1090 2721; x_wconf 92' lang='lat' dir='ltr'><strong>intravit</strong></span> <span class='ocrx_word' id='word_1_178' title='bbox 1113 2648 1147 2718; x_wconf 94' lang='lat' dir='ltr'><strong>in</strong></span> <span class='ocrx_word' id='word_1_179' title='bbox 1176 2648 1269 2742; x_wconf 90' lang='lat' dir='ltr'><strong>ipsas</strong></span> <span class='ocrx_word' id='word_1_180' title='bbox 1293 2648 1428 2741; x_wconf 78' lang='lat' dir='ltr'><strong>galaas3</strong></span> <span class='ocrx_word' id='word_1_181' title='bbox 1456 2649 1518 2742; x_wconf 93' lang='lat' dir='ltr'><strong>qui</strong></span> <span class='ocrx_word' id='word_1_182' title='bbox 1546 2648 1689 2721; x_wconf 83' lang='lat' dir='ltr'><strong>suerunt</strong></span> 
     </span>
     <span class='ocr_line' id='line_1_18' title="bbox 266 2771 1687 2860; baseline -0.004 -11"><span class='ocrx_word' id='word_1_183' title='bbox 266 2775 341 2848; x_wconf 88' lang='lat' dir='ltr'><strong>CCC</strong></span> <span class='ocrx_word' id='word_1_184' title='bbox 360 2773 490 2846; x_wconf 86' lang='lat' dir='ltr'><strong>milites</strong></span> <span class='ocrx_word' id='word_1_185' title='bbox 517 2772 608 2844; x_wconf 85' lang='lat' dir='ltr'><strong>bena</strong></span> <span class='ocrx_word' id='word_1_186' title='bbox 626 2771 765 2860; x_wconf 89' lang='lat' dir='ltr'><strong>armati,</strong></span> <span class='ocrx_word' id='word_1_187' title='bbox 786 2781 821 2843; x_wconf 83' lang='lat' dir='ltr'><strong>nt</strong></span> <span class='ocrx_word' id='word_1_188' title='bbox 847 2773 990 2843; x_wconf 82' lang='lat' dir='ltr'><strong>suerunt</strong></span> <span class='ocrx_word' id='word_1_189' title='bbox 1016 2794 1080 2844; x_wconf 84' lang='lat' dir='ltr'><strong>sua</strong></span> <span class='ocrx_word' id='word_1_190' title='bbox 1101 2787 1137 2844; x_wconf 85' lang='lat' dir='ltr'><strong>et</strong></span> <span class='ocrx_word' id='word_1_191' title='bbox 1164 2772 1339 2844; x_wconf 84' lang='lat' dir='ltr'><strong>dictorum</strong></span> <span class='ocrx_word' id='word_1_192' title='bbox 1363 2771 1512 2842; x_wconf 93' lang='lat' dir='ltr'><strong>militum</strong></span> <span class='ocrx_word' id='word_1_193' title='bbox 1538 2793 1687 2844; x_wconf 79' lang='lat' dir='ltr'><strong>numero</strong></span> 
     </span>
     <span class='ocr_line' id='line_1_19' title="bbox 265 2895 1684 2992; baseline -0.002 -21"><span class='ocrx_word' id='word_1_194' title='bbox 265 2899 357 2971; x_wconf 86' lang='lat' dir='ltr'><strong>vlttl</strong></span> <span class='ocrx_word' id='word_1_195' title='bbox 376 2899 490 2992; x_wconf 79' lang='lat' dir='ltr'><strong>galee,</strong></span> <span class='ocrx_word' id='word_1_196' title='bbox 508 2899 570 2990; x_wconf 93' lang='lat' dir='ltr'><strong>qui</strong></span> <span class='ocrx_word' id='word_1_197' title='bbox 587 2895 702 2991; x_wconf 90' lang='lat' dir='ltr'><strong>primo</strong></span> <span class='ocrx_word' id='word_1_198' title='bbox 717 2896 781 2970; x_wconf 89' lang='lat' dir='ltr'><strong>ivit</strong></span> <span class='ocrx_word' id='word_1_199' title='bbox 798 2906 879 2970; x_wconf 86' lang='lat' dir='ltr'><strong>anta</strong></span> <span class='ocrx_word' id='word_1_200' title='bbox 898 2896 985 2968; x_wconf 88' lang='lat' dir='ltr'><strong>alios</strong></span> <span class='ocrx_word' id='word_1_201' title='bbox 1002 2905 1037 2966; x_wconf 89' lang='lat' dir='ltr'><strong>nt</strong></span> <span class='ocrx_word' id='word_1_202' title='bbox 1054 2895 1123 2968; x_wconf 83' lang='lat' dir='ltr'><strong>alis</strong></span> <span class='ocrx_word' id='word_1_203' title='bbox 1136 2897 1236 2988; x_wconf 79' lang='lat' dir='ltr'><strong>galea</strong></span> <span class='ocrx_word' id='word_1_204' title='bbox 1251 2905 1286 2970; x_wconf 85' lang='lat' dir='ltr'><strong>at</strong></span> <span class='ocrx_word' id='word_1_205' title='bbox 1300 2917 1410 2968; x_wconf 86' lang='lat' dir='ltr'><strong>naves</strong></span> <span class='ocrx_word' id='word_1_206' title='bbox 1428 2895 1684 2990; x_wconf 77' lang='lat' dir='ltr'><strong>sequebantur3</strong></span> 
     </span>
     <span class='ocr_line' id='line_1_20' title="bbox 264 3019 1686 3117; baseline -0.002 -20"><span class='ocrx_word' id='word_1_207' title='bbox 264 3033 300 3098; x_wconf 87' lang='lat' dir='ltr'><strong>et</strong></span> <span class='ocrx_word' id='word_1_208' title='bbox 321 3024 373 3096; x_wconf 85' lang='lat' dir='ltr'><strong>sic</strong></span> <span class='ocrx_word' id='word_1_209' title='bbox 396 3023 473 3117; x_wconf 89' lang='lat' dir='ltr'><strong>ipsa</strong></span> <span class='ocrx_word' id='word_1_210' title='bbox 497 3019 663 3093; x_wconf 89' lang='lat' dir='ltr'><strong>dominus</strong></span> <span class='ocrx_word' id='word_1_211' title='bbox 687 3021 851 3116; x_wconf 84' lang='lat' dir='ltr'><strong>princeps</strong></span> <span class='ocrx_word' id='word_1_212' title='bbox 874 3021 967 3094; x_wconf 86' lang='lat' dir='ltr'><strong>sicut</strong></span> <span class='ocrx_word' id='word_1_213' title='bbox 988 3020 1121 3116; x_wconf 90' lang='lat' dir='ltr'><strong>probus</strong></span> <span class='ocrx_word' id='word_1_214' title='bbox 1147 3027 1182 3092; x_wconf 80' lang='lat' dir='ltr'><strong>et</strong></span> <span class='ocrx_word' id='word_1_215' title='bbox 1208 3021 1330 3092; x_wconf 85' lang='lat' dir='ltr'><strong>valens</strong></span> <span class='ocrx_word' id='word_1_216' title='bbox 1353 3021 1521 3092; x_wconf 88' lang='lat' dir='ltr'><strong>insultum</strong></span> <span class='ocrx_word' id='word_1_217' title='bbox 1542 3021 1625 3095; x_wconf 85' lang='lat' dir='ltr'><strong>lenit</strong></span> <span class='ocrx_word' id='word_1_218' title='bbox 1650 3021 1686 3094; x_wconf 94' lang='lat' dir='ltr'><strong>in</strong></span> 
     </span>
     <span class='ocr_line' id='line_1_21' title="bbox 266 3143 1685 3240; baseline -0.002 -18"><span class='ocrx_word' id='word_1_219' title='bbox 266 3171 329 3223; x_wconf 83' lang='lat' dir='ltr'><strong>nos</strong></span> <span class='ocrx_word' id='word_1_220' title='bbox 344 3148 490 3221; x_wconf 83' lang='lat' dir='ltr'><strong>viriliter</strong></span> <span class='ocrx_word' id='word_1_221' title='bbox 509 3154 544 3218; x_wconf 85' lang='lat' dir='ltr'><strong>et</strong></span> <span class='ocrx_word' id='word_1_222' title='bbox 565 3153 740 3240; x_wconf 79' lang='lat' dir='ltr'><strong>potenter,</strong></span> <span class='ocrx_word' id='word_1_223' title='bbox 763 3153 799 3216; x_wconf 83' lang='lat' dir='ltr'><strong>nt</strong></span> <span class='ocrx_word' id='word_1_224' title='bbox 816 3143 865 3214; x_wconf 94' lang='lat' dir='ltr'><strong>illi</strong></span> <span class='ocrx_word' id='word_1_225' title='bbox 884 3164 924 3216; x_wconf 87' lang='lat' dir='ltr'><strong>sa</strong></span> <span class='ocrx_word' id='word_1_226' title='bbox 944 3143 1146 3237; x_wconf 80' lang='lat' dir='ltr'><strong>aperierunt</strong></span> <span class='ocrx_word' id='word_1_227' title='bbox 1162 3152 1197 3215; x_wconf 86' lang='lat' dir='ltr'><strong>et</strong></span> <span class='ocrx_word' id='word_1_228' title='bbox 1215 3145 1417 3216; x_wconf 81' lang='lat' dir='ltr'><strong>clauserunt</strong></span> <span class='ocrx_word' id='word_1_229' title='bbox 1438 3144 1529 3217; x_wconf 83' lang='lat' dir='ltr'><strong>infra</strong></span> <span class='ocrx_word' id='word_1_230' title='bbox 1551 3167 1590 3219; x_wconf 87' lang='lat' dir='ltr'><strong>sa</strong></span> <span class='ocrx_word' id='word_1_231' title='bbox 1609 3145 1685 3218; x_wconf 89' lang='lat' dir='ltr'><strong>dic·</strong></span> 
     </span>
     <span class='ocr_line' id='line_1_22' title="bbox 264 3267 1685 3365; baseline 0 -21"><span class='ocrx_word' id='word_1_232' title='bbox 264 3285 341 3344; x_wconf 94' lang='lat' dir='ltr'><strong>tum</strong></span> <span class='ocrx_word' id='word_1_233' title='bbox 358 3272 542 3346; x_wconf 91' lang='lat' dir='ltr'><strong>dominum</strong></span> <span class='ocrx_word' id='word_1_234' title='bbox 559 3269 753 3365; x_wconf 84' lang='lat' dir='ltr'><strong>principem</strong></span> <span class='ocrx_word' id='word_1_235' title='bbox 779 3275 814 3338; x_wconf 86' lang='lat' dir='ltr'><strong>et</strong></span> <span class='ocrx_word' id='word_1_236' title='bbox 836 3287 958 3339; x_wconf 85' lang='lat' dir='ltr'><strong>omnes</strong></span> <span class='ocrx_word' id='word_1_237' title='bbox 981 3267 1027 3340; x_wconf 88' lang='lat' dir='ltr'><strong>da</strong></span> <span class='ocrx_word' id='word_1_238' title='bbox 1052 3267 1154 3338; x_wconf 90' lang='lat' dir='ltr'><strong>dictis</strong></span> <span class='ocrx_word' id='word_1_239' title='bbox 1180 3267 1291 3360; x_wconf 77' lang='lat' dir='ltr'><strong>galeis</strong></span> <span class='ocrx_word' id='word_1_240' title='bbox 1316 3289 1406 3362; x_wconf 91' lang='lat' dir='ltr'><strong>quos</strong></span> <span class='ocrx_word' id='word_1_241' title='bbox 1431 3290 1554 3342; x_wconf 84' lang='lat' dir='ltr'><strong>omnus</strong></span> <span class='ocrx_word' id='word_1_242' title='bbox 1580 3291 1685 3365; x_wconf 84' lang='lat' dir='ltr'><strong>nepa·</strong></span> 
     </span>
     <span class='ocr_line' id='line_1_23' title="bbox 262 3389 1687 3490; baseline 0.001 -23"><span class='ocrx_word' id='word_1_243' title='bbox 262 3393 462 3467; x_wconf 86' lang='lat' dir='ltr'><strong>runtUnda</strong></span> <span class='ocrx_word' id='word_1_244' title='bbox 474 3393 559 3464; x_wconf 90' lang='lat' dir='ltr'>visis</span> <span class='ocrx_word' id='word_1_245' title='bbox 573 3391 658 3487; x_wconf 85' lang='lat' dir='ltr'><strong>ipsis</strong></span> <span class='ocrx_word' id='word_1_246' title='bbox 671 3391 781 3485; x_wconf 83' lang='lat' dir='ltr'><strong>captis</strong></span> <span class='ocrx_word' id='word_1_247' title='bbox 798 3390 950 3483; x_wconf 80' lang='lat' dir='ltr'><strong>perillus</strong></span> <span class='ocrx_word' id='word_1_248' title='bbox 963 3389 1008 3462; x_wconf 88' lang='lat' dir='ltr'><strong>da</strong></span> <span class='ocrx_word' id='word_1_249' title='bbox 1022 3391 1165 3485; x_wconf 89' lang='lat' dir='ltr'><strong>Napoli,</strong></span> <span class='ocrx_word' id='word_1_250' title='bbox 1185 3391 1420 3464; x_wconf 79' lang='lat' dir='ltr'><strong>incontinenta</strong></span> <span class='ocrx_word' id='word_1_251' title='bbox 1435 3393 1484 3463; x_wconf 95' lang='lat' dir='ltr'><strong>illi</strong></span> <span class='ocrx_word' id='word_1_252' title='bbox 1499 3393 1544 3466; x_wconf 84' lang='lat' dir='ltr'><strong>da</strong></span> <span class='ocrx_word' id='word_1_253' title='bbox 1560 3395 1687 3490; x_wconf 89' lang='lat' dir='ltr'><strong>Napuli</strong></span> 
     </span>
     <span class='ocr_line' id='line_1_24' title="bbox 263 3514 1683 3614; baseline -0.001 -23"><span class='ocrx_word' id='word_1_254' title='bbox 263 3530 363 3614; x_wconf 76' lang='lat' dir='ltr'><strong>targa</strong></span> <span class='ocrx_word' id='word_1_255' title='bbox 375 3527 553 3593; x_wconf 83' lang='lat' dir='ltr'><strong>vertentes</strong></span> <span class='ocrx_word' id='word_1_256' title='bbox 567 3518 687 3610; x_wconf 81' lang='lat' dir='ltr'><strong>lugam</strong></span> <span class='ocrx_word' id='word_1_257' title='bbox 701 3515 876 3608; x_wconf 81' lang='lat' dir='ltr'><strong>petierunt</strong></span> <span class='ocrx_word' id='word_1_258' title='bbox 891 3523 927 3586; x_wconf 87' lang='lat' dir='ltr'><strong>nt</strong></span> <span class='ocrx_word' id='word_1_259' title='bbox 937 3514 1002 3608; x_wconf 92' lang='lat' dir='ltr'><strong>ipsi</strong></span> <span class='ocrx_word' id='word_1_260' title='bbox 1018 3514 1064 3587; x_wconf 83' lang='lat' dir='ltr'><strong>dn</strong></span> <span class='ocrx_word' id='word_1_261' title='bbox 1078 3515 1216 3587; x_wconf 84' lang='lat' dir='ltr'><strong>Scicilia</strong></span> <span class='ocrx_word' id='word_1_262' title='bbox 1226 3537 1307 3587; x_wconf 87' lang='lat' dir='ltr'><strong>cum</strong></span> <span class='ocrx_word' id='word_1_263' title='bbox 1321 3516 1431 3610; x_wconf 86' lang='lat' dir='ltr'><strong>captis</strong></span> <span class='ocrx_word' id='word_1_264' title='bbox 1445 3529 1683 3609; x_wconf 81' lang='lat' dir='ltr'><strong>recesserunt,</strong></span> 
     </span>
     <span class='ocr_line' id='line_1_25' title="bbox 265 3639 1686 3740; baseline -0.001 -22"><span class='ocrx_word' id='word_1_265' title='bbox 265 3655 300 3718; x_wconf 86' lang='lat' dir='ltr'><strong>at</strong></span> <span class='ocrx_word' id='word_1_266' title='bbox 323 3655 402 3740; x_wconf 92' lang='lat' dir='ltr'><strong>post</strong></span> <span class='ocrx_word' id='word_1_267' title='bbox 424 3663 557 3738; x_wconf 86' lang='lat' dir='ltr'><strong>paucos</strong></span> <span class='ocrx_word' id='word_1_268' title='bbox 581 3641 657 3714; x_wconf 86' lang='lat' dir='ltr'><strong>dias</strong></span> <span class='ocrx_word' id='word_1_269' title='bbox 684 3639 849 3712; x_wconf 90' lang='lat' dir='ltr'><strong>dominus</strong></span> <span class='ocrx_word' id='word_1_270' title='bbox 866 3661 933 3710; x_wconf 82' lang='lat' dir='ltr'><strong>rex</strong></span> <span class='ocrx_word' id='word_1_271' title='bbox 948 3639 1097 3712; x_wconf 82' lang='lat' dir='ltr'><strong>Karalus</strong></span> <span class='ocrx_word' id='word_1_272' title='bbox 1117 3661 1198 3710; x_wconf 89' lang='lat' dir='ltr'><strong>cum</strong></span> <span class='ocrx_word' id='word_1_273' title='bbox 1223 3640 1332 3732; x_wconf 81' lang='lat' dir='ltr'><strong>galeis</strong></span> <span class='ocrx_word' id='word_1_274' title='bbox 1356 3652 1392 3714; x_wconf 86' lang='lat' dir='ltr'><strong>at</strong></span> <span class='ocrx_word' id='word_1_275' title='bbox 1415 3641 1517 3734; x_wconf 83' lang='lat' dir='ltr'><strong>lignis</strong></span> <span class='ocrx_word' id='word_1_276' title='bbox 1544 3643 1686 3716; x_wconf 86' lang='lat' dir='ltr'><strong>armatis</strong></span> 
     </span>
     <span class='ocr_line' id='line_1_26' title="bbox 263 3763 1574 3865; baseline -0.003 -23"><span class='ocrx_word' id='word_1_277' title='bbox 263 3770 432 3865; x_wconf 85' lang='lat' dir='ltr'><strong>applicuit</strong></span> <span class='ocrx_word' id='word_1_278' title='bbox 453 3768 490 3839; x_wconf 93' lang='lat' dir='ltr'><strong>in</strong></span> <span class='ocrx_word' id='word_1_279' title='bbox 508 3767 685 3841; x_wconf 79' lang='lat' dir='ltr'><strong>civitatum</strong></span> <span class='ocrx_word' id='word_1_280' title='bbox 702 3764 826 3858; x_wconf 86' lang='lat' dir='ltr'><strong>Napuli</strong></span> <span class='ocrx_word' id='word_1_281' title='bbox 843 3763 903 3834; x_wconf 96' lang='lat' dir='ltr'><strong>ubi</strong></span> <span class='ocrx_word' id='word_1_282' title='bbox 923 3771 1084 3856; x_wconf 78' lang='lat' dir='ltr'><strong>recaptus</strong></span> <span class='ocrx_word' id='word_1_283' title='bbox 1103 3764 1169 3834; x_wconf 85' lang='lat' dir='ltr'><strong>suit</strong></span> <span class='ocrx_word' id='word_1_284' title='bbox 1182 3785 1264 3836; x_wconf 84' lang='lat' dir='ltr'><strong>num</strong></span> <span class='ocrx_word' id='word_1_285' title='bbox 1277 3786 1406 3857; x_wconf 82' lang='lat' dir='ltr'><strong>magno</strong></span> <span class='ocrx_word' id='word_1_286' title='bbox 1425 3765 1574 3838; x_wconf 84' lang='lat' dir='ltr'><strong>honora.</strong></span> 
     </span>
    </p>

    <p class='ocr_par' dir='ltr' id='par_1_4' title="bbox 263 3887 1687 4607">
     <span class='ocr_line' id='line_1_27' title="bbox 314 3887 1687 3982; baseline -0.001 -18"><span class='ocrx_word' id='word_1_287' title='bbox 314 3895 366 3964; x_wconf 89' lang='lat' dir='ltr'><strong>Da</strong></span> <span class='ocrx_word' id='word_1_288' title='bbox 383 3913 505 3964; x_wconf 86' lang='lat' dir='ltr'><strong>mensa</strong></span> <span class='ocrx_word' id='word_1_289' title='bbox 521 3911 608 3963; x_wconf 85' lang='lat' dir='ltr'><strong>varo</strong></span> <span class='ocrx_word' id='word_1_290' title='bbox 633 3889 771 3982; x_wconf 81' lang='lat' dir='ltr'><strong>augusti</strong></span> <span class='ocrx_word' id='word_1_291' title='bbox 792 3887 953 3960; x_wconf 87' lang='lat' dir='ltr'><strong>homines</strong></span> <span class='ocrx_word' id='word_1_292' title='bbox 969 3887 1126 3960; x_wconf 91' lang='lat' dir='ltr'><strong>Pisarum</strong></span> <span class='ocrx_word' id='word_1_293' title='bbox 1150 3908 1231 3958; x_wconf 89' lang='lat' dir='ltr'><strong>cum</strong></span> <span class='ocrx_word' id='word_1_294' title='bbox 1249 3889 1339 3960; x_wconf 91' lang='lat' dir='ltr'><strong>CXX</strong></span> <span class='ocrx_word' id='word_1_295' title='bbox 1359 3889 1462 3982; x_wconf 82' lang='lat' dir='ltr'><strong>lignis</strong></span> <span class='ocrx_word' id='word_1_296' title='bbox 1481 3891 1623 3963; x_wconf 87' lang='lat' dir='ltr'><strong>armatis</strong></span> <span class='ocrx_word' id='word_1_297' title='bbox 1641 3890 1687 3964; x_wconf 86' lang='lat' dir='ltr'><strong>da</strong></span> 
     </span>
     <span class='ocr_line' id='line_1_28' title="bbox 265 4011 1686 4108; baseline 0 -20"><span class='ocrx_word' id='word_1_298' title='bbox 265 4017 359 4088; x_wconf 90' lang='lat' dir='ltr'><strong>bona</strong></span> <span class='ocrx_word' id='word_1_299' title='bbox 383 4025 488 4108; x_wconf 81' lang='lat' dir='ltr'><strong>gente</strong></span> <span class='ocrx_word' id='word_1_300' title='bbox 511 4015 716 4087; x_wconf 90' lang='lat' dir='ltr'><strong>Pisanorum</strong></span> <span class='ocrx_word' id='word_1_301' title='bbox 744 4021 916 4084; x_wconf 84' lang='lat' dir='ltr'><strong>venerunt</strong></span> <span class='ocrx_word' id='word_1_302' title='bbox 940 4033 1047 4106; x_wconf 79' lang='lat' dir='ltr'><strong>snper</strong></span> <span class='ocrx_word' id='word_1_303' title='bbox 1074 4032 1170 4082; x_wconf 89' lang='lat' dir='ltr'><strong>mara</strong></span> <span class='ocrx_word' id='word_1_304' title='bbox 1197 4011 1309 4083; x_wconf 87' lang='lat' dir='ltr'><strong>lanua</strong></span> <span class='ocrx_word' id='word_1_305' title='bbox 1335 4021 1370 4084; x_wconf 86' lang='lat' dir='ltr'><strong>et</strong></span> <span class='ocrx_word' id='word_1_306' title='bbox 1394 4013 1536 4084; x_wconf 86' lang='lat' dir='ltr'><strong>iverunt</strong></span> <span class='ocrx_word' id='word_1_307' title='bbox 1561 4015 1686 4090; x_wconf 83' lang='lat' dir='ltr'><strong>Albur-</strong></span> 
     </span>
     <span class='ocr_line' id='line_1_29' title="bbox 264 4134 1687 4238; baseline 0.001 -27"><span class='ocrx_word' id='word_1_308' title='bbox 264 4161 391 4234; x_wconf 79' lang='lat' dir='ltr'><strong>ganam</strong></span> <span class='ocrx_word' id='word_1_309' title='bbox 413 4149 448 4212; x_wconf 84' lang='lat' dir='ltr'><strong>et</strong></span> <span class='ocrx_word' id='word_1_310' title='bbox 465 4139 617 4210; x_wconf 89' lang='lat' dir='ltr'><strong>Sannam</strong></span> <span class='ocrx_word' id='word_1_311' title='bbox 635 4147 669 4210; x_wconf 85' lang='lat' dir='ltr'><strong>nt</strong></span> <span class='ocrx_word' id='word_1_312' title='bbox 685 4159 754 4238; x_wconf 86' lang='lat' dir='ltr'><strong>per</strong></span> <span class='ocrx_word' id='word_1_313' title='bbox 773 4137 849 4210; x_wconf 92' lang='lat' dir='ltr'><strong>illas</strong></span> <span class='ocrx_word' id='word_1_314' title='bbox 867 4145 1061 4210; x_wconf 82' lang='lat' dir='ltr'><strong>contractas</strong></span> <span class='ocrx_word' id='word_1_315' title='bbox 1087 4134 1245 4208; x_wconf 83' lang='lat' dir='ltr'><strong>ardendo</strong></span> <span class='ocrx_word' id='word_1_316' title='bbox 1266 4145 1301 4208; x_wconf 86' lang='lat' dir='ltr'><strong>nt</strong></span> <span class='ocrx_word' id='word_1_317' title='bbox 1318 4135 1535 4210; x_wconf 79' lang='lat' dir='ltr'><strong>devastando</strong></span> <span class='ocrx_word' id='word_1_318' title='bbox 1554 4139 1633 4212; x_wconf 87' lang='lat' dir='ltr'><strong>loca</strong></span> <span class='ocrx_word' id='word_1_319' title='bbox 1652 4150 1687 4214; x_wconf 86' lang='lat' dir='ltr'><strong>at</strong></span> 
     </span>
     <span class='ocr_line' id='line_1_30' title="bbox 264 4259 1686 4354; baseline 0.001 -19"><span class='ocrx_word' id='word_1_320' title='bbox 264 4263 367 4336; x_wconf 89' lang='lat' dir='ltr'><strong>villas</strong></span> <span class='ocrx_word' id='word_1_321' title='bbox 385 4261 582 4334; x_wconf 90' lang='lat' dir='ltr'><strong>communis</strong></span> <span class='ocrx_word' id='word_1_322' title='bbox 595 4261 725 4351; x_wconf 84' lang='lat' dir='ltr'><strong>lanua,</strong></span> <span class='ocrx_word' id='word_1_323' title='bbox 743 4260 804 4332; x_wconf 92' lang='lat' dir='ltr'><strong>ubi</strong></span> <span class='ocrx_word' id='word_1_324' title='bbox 823 4267 995 4332; x_wconf 84' lang='lat' dir='ltr'><strong>steterunt</strong></span> <span class='ocrx_word' id='word_1_325' title='bbox 1012 4281 1076 4354; x_wconf 87' lang='lat' dir='ltr'><strong>per</strong></span> <span class='ocrx_word' id='word_1_326' title='bbox 1093 4259 1221 4332; x_wconf 87' lang='lat' dir='ltr'><strong>multos</strong></span> <span class='ocrx_word' id='word_1_327' title='bbox 1240 4259 1332 4350; x_wconf 81' lang='lat' dir='ltr'><strong>dias,</strong></span> <span class='ocrx_word' id='word_1_328' title='bbox 1351 4268 1386 4332; x_wconf 83' lang='lat' dir='ltr'><strong>at</strong></span> <span class='ocrx_word' id='word_1_329' title='bbox 1402 4261 1562 4334; x_wconf 83' lang='lat' dir='ltr'><strong>homines</strong></span> <span class='ocrx_word' id='word_1_330' title='bbox 1574 4264 1686 4336; x_wconf 86' lang='lat' dir='ltr'><strong>lanua</strong></span> 
     </span>
     <span class='ocr_line' id='line_1_31' title="bbox 263 4383 1687 4482; baseline 0.001 -24"><span class='ocrx_word' id='word_1_331' title='bbox 263 4409 334 4460; x_wconf 90' lang='lat' dir='ltr'><strong>non</strong></span> <span class='ocrx_word' id='word_1_332' title='bbox 352 4393 543 4482; x_wconf 80' lang='lat' dir='ltr'><strong>potuerunt</strong></span> <span class='ocrx_word' id='word_1_333' title='bbox 563 4384 615 4456; x_wconf 86' lang='lat' dir='ltr'><strong>ais</strong></span> <span class='ocrx_word' id='word_1_334' title='bbox 633 4383 793 4456; x_wconf 82' lang='lat' dir='ltr'><strong>rasistnra</strong></span> <span class='ocrx_word' id='word_1_335' title='bbox 811 4384 896 4478; x_wconf 88' lang='lat' dir='ltr'><strong>quia</strong></span> <span class='ocrx_word' id='word_1_336' title='bbox 918 4405 990 4456; x_wconf 91' lang='lat' dir='ltr'><strong>non</strong></span> <span class='ocrx_word' id='word_1_337' title='bbox 1009 4383 1188 4456; x_wconf 83' lang='lat' dir='ltr'><strong>habebant</strong></span> <span class='ocrx_word' id='word_1_338' title='bbox 1209 4392 1421 4458; x_wconf 91' lang='lat' dir='ltr'><strong>armaturam</strong></span> <span class='ocrx_word' id='word_1_339' title='bbox 1439 4385 1583 4458; x_wconf 90' lang='lat' dir='ltr'><strong>navium</strong></span> <span class='ocrx_word' id='word_1_340' title='bbox 1606 4407 1687 4482; x_wconf 86' lang='lat' dir='ltr'><strong>pra·</strong></span> 
     </span>
     <span class='ocr_line' id='line_1_32' title="bbox 264 4519 435 4607; baseline -0.018 -23"><span class='ocrx_word' id='word_1_341' title='bbox 264 4519 435 4607; x_wconf 86' lang='lat' dir='ltr'><strong>paratam.</strong></span> 
     </span>
    </p>

    <p class='ocr_par' dir='ltr' id='par_1_5' title="bbox 313 4633 1687 4727">
     <span class='ocr_line' id='line_1_33' title="bbox 313 4633 1687 4727; baseline 0.001 -21"><span class='ocrx_word' id='word_1_342' title='bbox 313 4635 365 4706; x_wconf 85' lang='lat' dir='ltr'><strong>Da</strong></span> <span class='ocrx_word' id='word_1_343' title='bbox 380 4653 502 4708; x_wconf 84' lang='lat' dir='ltr'><strong>mansa</strong></span> <span class='ocrx_word' id='word_1_344' title='bbox 520 4655 606 4708; x_wconf 85' lang='lat' dir='ltr'><strong>varo</strong></span> <span class='ocrx_word' id='word_1_345' title='bbox 631 4633 770 4727; x_wconf 77' lang='lat' dir='ltr'><strong>augusti</strong></span> <span class='ocrx_word' id='word_1_346' title='bbox 793 4633 843 4704; x_wconf 96' lang='lat' dir='ltr'><strong>illi</strong></span> <span class='ocrx_word' id='word_1_347' title='bbox 867 4633 912 4706; x_wconf 87' lang='lat' dir='ltr'><strong>da</strong></span> <span class='ocrx_word' id='word_1_348' title='bbox 933 4633 1123 4726; x_wconf 82' lang='lat' dir='ltr'><strong>Savigiono</strong></span> <span class='ocrx_word' id='word_1_349' title='bbox 1145 4641 1181 4704; x_wconf 85' lang='lat' dir='ltr'><strong>et</strong></span> <span class='ocrx_word' id='word_1_350' title='bbox 1206 4633 1256 4704; x_wconf 94' lang='lat' dir='ltr'><strong>illi</strong></span> <span class='ocrx_word' id='word_1_351' title='bbox 1282 4633 1328 4705; x_wconf 84' lang='lat' dir='ltr'><strong>dn</strong></span> <span class='ocrx_word' id='word_1_352' title='bbox 1351 4634 1481 4705; x_wconf 85' lang='lat' dir='ltr'><strong>Saxolo</strong></span> <span class='ocrx_word' id='word_1_353' title='bbox 1505 4655 1587 4706; x_wconf 88' lang='lat' dir='ltr'><strong>cum</strong></span> <span class='ocrx_word' id='word_1_354' title='bbox 1610 4635 1687 4708; x_wconf 89' lang='lat' dir='ltr'><strong>aliis</strong></span> 
     </span>
    </p>
   </div>
   <div class='ocr_carea' id='block_1_3' title="bbox 265 4757 1689 4941">
    <p class='ocr_par' dir='ltr' id='par_1_6' title="bbox 265 4757 1689 4941">
     <span class='ocr_line' id='line_1_34' title="bbox 265 4757 1689 4853; baseline 0.003 -23"><span class='ocrx_word' id='word_1_355' title='bbox 265 4779 387 4831; x_wconf 84' lang='lat' dir='ltr'><strong>eorum</strong></span> <span class='ocrx_word' id='word_1_356' title='bbox 407 4759 528 4832; x_wconf 86' lang='lat' dir='ltr'><strong>amicis</strong></span> <span class='ocrx_word' id='word_1_357' title='bbox 547 4767 646 4831; x_wconf 80' lang='lat' dir='ltr'><strong>extra</strong></span> <span class='ocrx_word' id='word_1_358' title='bbox 670 4759 845 4832; x_wconf 82' lang='lat' dir='ltr'><strong>civitatem</strong></span> <span class='ocrx_word' id='word_1_359' title='bbox 865 4759 998 4832; x_wconf 87' lang='lat' dir='ltr'><strong>Mutina</strong></span> <span class='ocrx_word' id='word_1_360' title='bbox 1023 4758 1188 4832; x_wconf 82' lang='lat' dir='ltr'><strong>exierunt</strong></span> <span class='ocrx_word' id='word_1_361' title='bbox 1206 4757 1374 4830; x_wconf 85' lang='lat' dir='ltr'><strong>intrantes</strong></span> <span class='ocrx_word' id='word_1_362' title='bbox 1393 4759 1428 4828; x_wconf 94' lang='lat' dir='ltr'><strong>in</strong></span> <span class='ocrx_word' id='word_1_363' title='bbox 1447 4760 1549 4853; x_wconf 91' lang='lat' dir='ltr'><strong>plura</strong></span> <span class='ocrx_word' id='word_1_364' title='bbox 1574 4768 1689 4834; x_wconf 79' lang='lat' dir='ltr'><strong>castra</strong></span> 
     </span>
     <span class='ocr_line' id='line_1_35' title="bbox 1486 4879 1527 4941; baseline 0 0"><span class='ocrx_word' id='word_1_365' title='bbox 1486 4879 1527 4941; x_wconf 83' lang='grc'><strong>49</strong></span> 
     </span>
    </p>
   </div>
   <div class='ocr_carea' id='block_1_4' title="bbox 0 0 2288 6064">
    <p class='ocr_par' dir='ltr' id='par_1_7' title="bbox 0 0 2288 6064">
     <span class='ocr_line' id='line_1_36' title="bbox 0 0 2288 6064; baseline 0 0"><span class='ocrx_word' id='word_1_366' title='bbox 0 0 2288 6064; x_wconf 95' lang='lat' dir='ltr'><strong> </strong></span> 
     </span>
    </p>
   </div>
  </div>
 </body>
</html>
