4594 6066
607 631 668 694 soc
1082 631 1323 696 canonicor
1347 635 1400 696 us
1419 619 1552 696 ‘ussus

606 763 777 861 capiendo
804 763 1023 838 fortitudines
1053 767 1213 840 cintatis.
1245 769 1461 865 Quapropter
1495 768 1609 842 statim
1644 765 1839 840 bernardus
1874 767 2018 842 ltolandi

606 888 734 980 Rubei,
753 885 950 961 Bernartius
977 887 1024 962 de
1045 887 1261 983 Comatam,
1283 891 1384 964 Mons
1407 889 1455 988 (a)
1479 900 1513 965 et
1528 888 1641 965 Guido
1658 897 1693 962 et
1713 890 1891 963 llolandus
1903 891 2021 965 babes

606 1013 695 1110 Lupi
712 1021 747 1086 et
761 1009 927 1084 Girardus
945 1010 991 1084 de
1009 1011 1162 1106 Corrigio
1178 1014 1304 1088 milites
1319 1015 1476 1109 quedem
1501 1012 1649 1087 civitatis
1670 1012 1891 1086 absentantes
1907 1033 2019 1087 vene-

607 1143 689 1210 runt
712 1135 921 1209 Placentiam
945 1135 1008 1206 ubi
1031 1137 1161 1232 recepti
1187 1137 1328 1210 luerunt
1353 1161 1433 1211 cum
1456 1157 1585 1233 magno
1608 1136 1751 1210 honore.
1767 1135 1900 1210 Eodem
1926 1147 2018 1210 tem-

607 1280 711 1356 pore,
729 1257 882 1332 marchio
897 1259 1023 1332 lancia
1038 1281 1117 1331 cum
1137 1260 1258 1354 maiori
1276 1271 1373 1357 parte
1389 1261 1517 1335 milicie
1531 1261 1651 1333 Brixia
1675 1260 1863 1334 intraverat
1887 1261 2021 1336 Monte·

607 1385 751 1475 clarum,
761 1380 989 1456 rehediiicaus
1003 1382 1104 1474 illud,
1114 1393 1150 1456 et
1164 1384 1328 1458 tenebant
1337 1385 1405 1482 ipsi
1416 1385 1542 1459 milites
1556 1382 1830 1478 Pontemvicum,
1845 1384 2016 1481 Soulgam,

606 1505 813 1581 Mosulenim
830 1503 874 1602 (l)
891 1506 1008 1580 etalio
1024 1507 1163 1580 castella
1180 1507 1311 1581 Brixia.

656 1632 695 1704 lu
714 1630 873 1726 proximo
898 1651 1017 1702 mense
1043 1630 1265 1725 septembris,
1294 1631 1479 1727 imperator
1509 1631 1727 1726 congregatis
1755 1631 1829 1704 suis
1857 1631 2020 1706 militibus

607 1753 842 1844 Theotouicis,
858 1753 979 1825 Tuscis
996 1773 1037 1825 ac
1054 1750 1180 1848 Apulia
1195 1763 1229 1828 et
1245 1753 1295 1827 CC
1310 1755 1479 1828 militibus
1493 1755 1616 1828 Parme
1634 1763 1669 1828 et
1690 1753 1745 1826 DC
1758 1755 1925 1828 militibus
1936 1754 2023 1830 Cre-

608 1898 712 1951 mone
730 1885 765 1950 et
782 1877 808 1947 L
823 1877 990 1948 militibus
1008 1875 1126 1950 Laude
1145 1885 1179 1949 et
1203 1877 1254 1949 CC
1273 1877 1438 1950 militibus
1452 1877 1608 1973 Pergami
1628 1879 1797 1972 equitavit
1811 1878 1965 1974 Papiam.
1980 1879 2024 1952 Et

608 2003 692 2076 iude
707 2009 860 2076 semotus
878 2000 937 2075 die
952 2001 985 2073 X
1001 2001 1130 2074 mensis
1149 2001 1302 2074 octubris
1317 2002 1469 2097 proximi
1486 2023 1566 2075 cum
1593 2003 1756 2076 omnibus
1771 2001 1937 2099 predictis
1954 2003 2023 2076 mi-

607 2127 728 2200 litibus
758 2135 793 2199 et
819 2125 1047 2221 Papieusibus
1074 2144 1154 2197 oum
1177 2125 1325 2215 camelo,
1351 2123 1648 2215 'l'erdoneusibus‚
1672 2122 2020 2218 Alexandrieusibus,

606 2249 827 2340 vallentinis,
845 2247 1062 2338 deensibus,
1083 2245 1283 2320 marchione
1302 2248 1534 2341 Moutifferati,
1546 2247 1699 2343 Opizone
1712 2247 1902 2344 Malaspina
1919 2257 2023 2344 atque

607 2375 805 2448 marchione
828 2371 953 2446 Lancia
971 2369 1067 2466 apud
1084 2370 1284 2443 'liciuellum
1310 2371 1517 2467 inpartibus
1542 2371 1667 2444 Abiate
1682 2372 1806 2445 Grasse
1825 2393 1891 2444 sua
1914 2379 2022 2445 castra

609 2499 735 2594 posuit.
756 2496 876 2569 Statim
897 2492 1170 2568 Mediolanenses
1187 2515 1249 2588 pro
1268 2495 1443 2568 communi
1470 2516 1549 2566 curn
1571 2493 1623 2567 CC
1647 2495 1815 2568 militibus
1842 2495 1961 2570 Brixia
1990 2505 2025 2569 et

608 2621 659 2693 CC
675 2619 842 2692 militibus
859 2616 1030 2690 Placentia
1047 2627 1082 2688 et
1107 2615 1132 2687 C
1155 2617 1323 2690 militibus
1345 2616 1510 2690 Cremoue
1537 2638 1643 2712 supra
1664 2617 1865 2691 Ticiuellum
1888 2617 1934 2690 ab
1958 2618 2023 2692 alia

609 2753 706 2840 parte
732 2763 795 2838 per
821 2740 975 2814 medium
998 2735 1148 2838 [versus]
1165 2749 1276 2813 castra
1303 2741 1517 2838 imperatoris
1540 2761 1662 2813 eorum
1686 2742 1869 2836 temptoria
1893 2739 2023 2816 infixe-

608 2877 703 2940 runt.
721 2867 776 2939 Ex
800 2865 907 2937 altero
931 2884 1017 2936 vero
1038 2863 1145 2936 latere
1168 2863 1389 2959 episcopatus
1403 2863 1605 2956 Mediolani,
1627 2885 1692 2936 rex
1713 2865 1864 2937 Heuoius
1881 2887 2024 2961 cougre-

609 2991 701 3088 gatis
727 2985 1014 3062 Cremonensibus
1041 3007 1121 3058 cum
1148 2987 1295 3078 carocio,
1320 2985 1579 3080 Parmensibus,
1606 2987 1912 3082 Pergamensihus,
1935 2989 2024 3062 Lau·

609 3113 794 3203 domibus,
813 3119 1071 3184 castrametatus
1100 3117 1153 3182 est
1180 3132 1287 3206 prope
1318 3109 1448 3183 clusam
1470 3108 1599 3184 Addue
1623 3131 1730 3205 quarn
1752 3110 2024 3184 Mediolanenses

610 3239 774 3312 fecerant.
793 3236 832 3307 ln
863 3235 962 3326 cnjus
991 3235 1086 3306 cluse
1112 3231 1161 3329 (b)
1189 3233 1346 3308 custodia
1372 3231 1646 3306 Mediolanenses
1670 3233 1834 3306 miserant
1862 3235 2023 3308 miliciam

610 3361 758 3434 duarum
777 3367 952 3454 portarum
970 3357 1119 3430 civitatis
1137 3365 1172 3430 et
1188 3377 1308 3430 omnes
1323 3355 1480 3430 homiues
1505 3355 1550 3429 de
1572 3355 1660 3452 llipa
1684 3353 1815 3429 Addue
1839 3367 1874 3430 et
1896 3359 2024 3455 Syme-

609 3505 688 3558 nem
712 3481 757 3556 de
772 3481 913 3554 lucano
930 3487 966 3553 et
987 3478 1039 3550 CL
1055 3477 1257 3552 ballisterios
1274 3479 1396 3552 lanne.
1413 3479 1456 3552 Et
1481 3477 1539 3552 die
1561 3477 1695 3550 sabbati
1722 3477 1783 3550 llll
1809 3481 1938 3554 mensis
1961 3502 2023 3554 uo·

608 3605 764 3680 vembris
783 3603 950 3701 proximi,
968 3623 1032 3674 rex
1049 3601 1200 3675 liencius
1213 3622 1293 3675 cum
1309 3601 1383 3674 suis
1397 3601 1565 3674 militibus
1589 3622 1726 3674 summo
1741 3623 1844 3676 mane
1868 3603 2025 3676 transivit

608 3751 672 3827 per
696 3726 828 3804 uadum
848 3726 977 3798 flumen
992 3723 1120 3798 Addua
1147 3723 1183 3796 iu
1211 3724 1368 3820 partibus
1391 3722 1437 3798 de
1457 3723 1597 3797 Cuxano
1619 3735 1655 3798 et
1681 3724 1807 3798 milites
1832 3733 1868 3798 et
1892 3723 2024 3822 pedites

609 3851 919 3928 Mediolanensium
936 3848 999 3943 qui
1020 3845 1152 3920 ibidem
1173 3847 1209 3918 iu
1231 3846 1388 3921 custodia
1411 3846 1508 3921 cluse
1531 3843 1674 3921 aderaut
1700 3868 1814 3944 usque
1840 3847 1887 3922 ud
1911 3849 2024 3922 locum

609 3971 848 4069 Grongunzole
879 3970 1015 4064 ingerit
1043 3977 1149 4063 atque
1179 3967 1307 4043 Addua
1333 3971 1465 4043 clusum
1493 3969 1679 4044 destruxit.
1706 3969 1753 4045 lit
1780 3969 1840 4046 die
1865 3973 2026 4046 mamurii

420 4124 585 4174 ruram.
610 4099 762 4198 proximi
788 4096 882 4172 idem
907 4115 971 4168 rex
993 4094 1177 4180 transivit!
1198 4092 1468 4168 cavumdddue
1491 4115 1596 4190 quem
1619 4094 1810 4168 sciceverat
1835 4095 2026 4191 equitando

611 4245 723 4319 usque
740 4220 1010 4316 Grougonzolam
1029 4219 1065 4290 in
1085 4239 1156 4313 quo
1173 4217 1248 4290 loco
1263 4217 1538 4292 Mediolanenses
1554 4217 1730 4314 fugerunt,
1748 4219 1928 4315 preliaudo
1943 4241 2024 4294 curn

610 4349 661 4424 eis
686 4347 722 4420 in
739 4347 854 4458 ipsum
878 4345 993 4417 locum
1016 4341 1169 4416 intravit.
1186 4341 1428 4439 ceperuntque
1444 4341 1571 4417 milites
1596 4343 1689 4439 regis
1715 4343 1805 4417 inter
1827 4343 1963 4442 pedites
1989 4355 2027 4419 et

654 4627 695 4709 (a)
716 4629 831 4692 Nomen
843 4627 1011 4704 proprium,
1025 4623 1107 4702 quod
1118 4621 1343 4702 lnlrutungttnr
1355 4621 1438 4704 Lupo
1450 4622 1506 4686 sub
1518 4621 1576 4686 bne
1587 4623 1684 4686 torma
1695 4623 1781 4688 Mons
1792 4625 1903 4707 tepor.

654 4734 694 4815 (l)
716 4735 752 4795 In
765 4733 866 4794 codice
877 4727 997 4792 clemen
