4534 6074
604 607 646 668 54
987 667 991 674 ,
1026 602 1269 666 cunculcort
1291 602 1595 668 Ptacuuuluult.

604 740 728 816 semoti
749 739 842 812 circa
868 741 981 812 locum
1009 739 1055 813 dc
1078 743 1264 814 Sarturaua
1279 763 1343 814 sua
1361 741 1471 814 fixere
1488 741 1650 832 tentoria3
1668 761 1772 834 quem
1786 741 1903 814 locum
1921 743 2020 846 obri-

605 868 732 941 derunt
755 877 789 938 et
808 875 1122 961 expugnaverunt,
1142 863 1180 936 in
1205 866 1306 958 cujus
1330 864 1514 939 obsidione
1539 873 1710 938 steterunt
1734 885 1796 961 per
1821 865 2018 961 quindecim

605 991 680 1064 dies
698 1001 732 1062 et
746 989 838 1084 plus.
856 989 941 1060 Cum
956 997 1071 1060 autem
1088 988 1257 1062 vidissent
1271 997 1307 1062 et
1323 990 1568 1083 cognovissent
1588 989 1719 1064 dictum
1741 990 1857 1062 locum
1872 991 2019 1087 pervim

606 1113 725 1186 baberi
740 1111 881 1184 minime
895 1132 1014 1206 posse,
1032 1111 1077 1183 ab
1095 1111 1188 1184 illiue
1202 1111 1269 1184 loci
1287 1112 1469 1186 obsidione
1483 1121 1710 1186 secesserunt.

654 1239 700 1310 Μ.
721 1237 783 1308 CC.
801 1236 899 1325 XVI,
917 1236 977 1306 Vll
994 1234 1159 1308 kalendas
1179 1236 1385 1330 septembris
1399 1235 1467 1333 (l),
1493 1237 1736 1310 Cremonenses
1759 1237 1886 1311 milites
1905 1247 1939 1310 et
1957 1259 2021 1333 pe-

607 1363 697 1436 dites
713 1383 791 1432 cum
808 1359 903 1431 omni
920 1369 1022 1454 gente
1039 1369 1074 1432 ct
1090 1360 1196 1432 torcia
1211 1380 1331 1432 eorum
1355 1368 1390 1432 et
1410 1381 1490 1432 cum
1518 1361 1654 1432 cariolis
1676 1361 1844 1434 desubtus
1865 1385 1887 1436 a
1904 1363 2020 1436 Castro

605 1489 704 1560 Novo
720 1487 756 1558 in
774 1484 947 1557 Sermonis
961 1484 1123 1581 hospitati
1139 1485 1291 1558 luerunt.
1313 1485 1430 1558 Altera
1448 1507 1532 1558 uero
1547 1485 1606 1558 die
1623 1486 1828 1558 Parmexani
1847 1485 1974 1558 milites
1988 1494 2022 1558 et

607 1611 742 1706 pedites
758 1631 837 1680 cum
852 1609 988 1681 cariolis
1004 1617 1134 1681 etcum
1152 1609 1246 1680 omni
1260 1618 1363 1699 gente
1379 1631 1500 1684 eornm
1514 1619 1549 1682 et
1565 1609 1777 1682 Mutinenses
1793 1619 1830 1682 et
1845 1611 2022 1682 Mantuani

607 1735 669 1830 qui
686 1736 723 1804 in
740 1753 858 1806 eorum
886 1742 1052 1806 venerant
1080 1754 1300 1824 succursum,
1318 1755 1362 1807 ea
1389 1733 1507 1806 disin
1531 1735 1607 1829 ipsa
1630 1735 1844 1806 intrauerunt
1873 1734 2023 1829 expedi-

608 1860 713 1931 tione.
733 1857 796 1930 Die
823 1877 905 1928 vero
925 1854 1098 1928 dominica
1114 1857 1275 1930 veniente
1292 1858 1321 1928 V
1339 1857 1504 1930 kalendas
1526 1857 1730 1952 septembris
1746 1855 1818 1952 (Ω),
1838 1857 1961 1928 armati
1989 1865 2023 1929 et

608 1982 763 2057 asclerati
781 2002 859 2052 cum
878 1980 1014 2052 cariolis
1029 1989 1157 2052 etcum
1176 1981 1340 2054 universo
1358 1982 1513 2054 exercitu
1538 1981 1689 2074 desuper
1709 1981 1940 2052 Florcnzolam
1964 2000 2025 2072 per

609 2108 718 2204 ipsius
735 2105 801 2178 loci
819 2125 1043 2199 carnpaneam
1062 2115 1255 2198 pergentes,
1272 2105 1408 2176 Clozam
1425 2114 1460 2177 et
1476 2104 1663 2177 Clavenam
1682 2111 1899 2176 transeuntes
1912 2109 1947 2174 et
1961 2123 2024 2176 ex-

610 2233 802 2326 planantes,
824 2229 940 2301 villam
959 2229 1116 2301 Ursaorie
1133 2241 1168 2300 et
1189 2228 1323 2302 Ceriani
1338 2236 1444 2323 atque
1459 2227 1639 2323 Carpeneti
1654 2237 1690 2298 et
1705 2225 1895 2300 Placentini
1922 2233 2028 2320 atque

610 2352 812 2426 Trabaciaui
828 2353 1092 2441 combuserunt‚
1113 2366 1148 2422 et
1164 2351 1224 2424 die
1241 2355 1324 2426 lune
1339 2352 1427 2424 inter
1441 2351 1668 2446 Carpanetum
1685 2359 1720 2422 ct
1734 2349 1916 2422 Curianum
1943 2350 2025 2420 lue-

612 2485 692 2547 runt
706 2473 1019 2546 castrametati.Dic
1033 2475 1115 2546 lune
1132 2475 1290 2568 sequenti
1303 2475 1424 2546 armati
1438 2483 1473 2546 et
1486 2474 1642 2546 asclerati
1654 2495 1734 2545 cam
1749 2472 1887 2544 cariolis
1899 2481 2024 2544 etcum

612 2601 776 2672 universo
792 2598 947 2670 exercitu
965 2619 1086 2670 versus
1102 2599 1298 2672 Ponterium
1317 2597 1395 2693 (sic)
1414 2599 1611 2686 venientes,
1629 2599 1749 2672 villam
1773 2597 1978 2670 blontenarii
1992 2607 2029 2670 et

613 2724 695 2797 Zoni
714 2731 818 2817 atque
832 2721 989 2794 Paderne
1003 2731 1038 2794 et
1052 2721 1231 2794 Albonasii
1250 2723 1331 2816 igne
1345 2731 1596 2814 cremaverunt,
1613 2731 1649 2795 et
1664 2743 1705 2794 ea
1722 2721 1780 2796 die
1797 2723 1886 2794 inter
1901 2722 2025 2793 Ponte·

613 2847 753 2920 nurium
769 2855 803 2918 et
817 2845 937 2918 Caeam
951 2847 1013 2919 Dei
1023 2847 1125 2939 juxta
1136 2855 1276 2919 stratam
1289 2847 1457 2920 Romeam
1470 2868 1534 2920 sua
1549 2845 1657 2919 fixere
1668 2846 1826 2920 tentmia.
1842 2845 2026 2918 Placentini

519 3053 524 3062 ,
612 2981 727 3046 autem
746 2970 872 3042 milites
885 2978 920 3041 et
934 2969 1069 3064 pedites
1082 2993 1124 3043 ea
1144 2970 1202 3044 die
1215 2992 1351 3044 summo
1366 2992 1470 3043 mane
1485 2990 1597 3064 usque
1612 2971 1660 3044 ad
1673 2971 1814 3044 blortale
1829 2969 2026 3064 equitavere

614 3095 817 3188 ibidemque
832 3115 945 3188 usque
960 3092 1006 3166 ad
1023 3094 1142 3167 boram
1163 3117 1254 3168 none
1269 3117 1399 3167 moram
1415 3097 1582 3168 fecerunt.
1598 3093 1763 3168 Videutss
1777 3095 1914 3166 interim
1936 3097 2026 3188 ejus-

615 3219 694 3292 dem
713 3218 863 3292 civitatis
881 3225 1028 3290 rectores
1043 3219 1157 3291 locum
1174 3219 1372 3292 Pontenurii
1390 3219 1532 3292 minime
1545 3218 1734 3292 delendam
1749 3240 1862 3314 posse,
1874 3219 1921 3291 ad
1932 3218 2026 3289 illum

616 3343 818 3417 accedentes
838 3343 950 3414 locum
980 3343 1103 3417 milites
1123 3353 1158 3414 et
1178 3343 1312 3437 pedites
1327 3365 1448 3416 omnes
1463 3345 1526 3440 qui
1541 3365 1605 3439 pro
1630 3344 1739 3439 ipsius
1755 3345 1823 3416 loci
1840 3343 2028 3416 munitione

616 3469 654 3540 in
672 3469 748 3564 ipso
763 3467 988 3558 intraverant,
1003 3465 1049 3540 de
1066 3487 1109 3540 eo
1122 3468 1331 3562 expulerunt
1348 3469 1438 3541 loco.
1455 3468 1683 3564 Percipientcs
1696 3489 1779 3542 uero
1795 3469 1843 3540 illi
1859 3467 1906 3540 de
1919 3477 2028 3540 castro

617 3594 769 3685 Arquato
781 3598 816 3662 et
831 3589 985 3682 sagitarii
1002 3589 1102 3662 vallis
1117 3590 1207 3662 Tarii
1221 3601 1257 3662 et
1271 3591 1353 3663 Zeni
1368 3591 1482 3664 locum
1508 3591 1707 3664 Pontenurii
1722 3591 1797 3663 lore
1813 3589 2026 3680 derelictum,

618 3717 654 3786 in
680 3715 756 3810 ipso
779 3715 995 3786 intraverunt
1012 3713 1100 3786 loco.
1118 3713 1280 3786 Similiter
1298 3715 1522 3809 quamplures
1540 3725 1655 3787 nostre
1679 3713 1831 3788 civitatis
1848 3713 1972 3784 milites
1997 3721 2031 3785 ct

619 3839 753 3933 pedites
770 3859 850 3908 cum
867 3837 934 3908 illis
951 3837 999 3910 ad
1017 3837 1115 3908 illum
1132 3845 1351 3910 uocauerunt
1366 3838 1493 3926 lucum,
1510 3837 1692 3910 credentes
1704 3847 1740 3910 et
1749 3845 1926 3933 sperantes
1952 3836 2030 3909 dic-

620 3971 693 4034 tum
712 3962 826 4033 locum
842 3959 887 4031 ab
905 3959 1053 4032 inimicis
1076 3961 1214 4054 egregie
1231 3981 1332 4056 posse
1348 3961 1456 4051 tueri;
1476 3971 1510 4034 ct
1532 3962 1580 4034 ita
1598 3983 1709 4055 usque
1727 3959 1774 4034 ad
1798 3960 1919 4033 boram
1942 3981 2030 4032 none

619 4083 715 4178 apud
738 4083 880 4155 Mortale
901 4077 907 4180 1
928 4090 1179 4175 permanentes,
1194 4082 1315 4155 audito
1332 4083 1429 4178 quod
1447 4083 1721 4161 Mediolanenses
1742 4085 1779 4156 iu
1798 4091 1948 4156 nostram
1975 4083 2030 4156 ci-

619 4207 761 4279 vitatem
775 4205 811 4276 in
829 4205 961 4277 auxilio
980 4215 1096 4278 nostro
1111 4205 1276 4280 accedere
1290 4207 1496 4281 festinabant
1511 4206 1574 4306 (c),
1588 4205 1708 4307 illic[o]
1726 4207 1898 4280 Placentie
1913 4207 2032 4280 militia

661 4369 703 4450 (a)
725 4371 761 4430 n
774 4367 1061 4449 comessuram.

657 4633 692 4708 (l)
712 4634 747 4691 26
759 4631 832 4689 aodt.

659 4729 694 4804 (ἓ)
712 4729 749 4786 bs
760 4725 902 4784 dimanobe
914 4727 949 4786 28
964 4725 1036 4784 aollt.
1048 4727 1115 4786 bau
1126 4731 1229 4786 exacte.
