4594 6066
585 669 647 732 232
1068 671 1309 734 canonicos
1334 671 1387 732 DE
1409 672 1537 734 REBUS

584 816 620 880 et
636 804 747 880 fidelis
772 805 880 878 nostri
898 805 935 878 iu
954 807 1168 902 reparatione
1191 805 1304 904 ipsius
1327 807 1471 881 ecclesis
1493 805 1700 901 erogandas.
1718 806 1874 880 Prediota
1889 817 2005 882 autem

584 930 791 1025 omniaque
811 938 886 1002 acta
912 939 993 1003 sunt
1018 932 1055 1003 iu
1071 931 1246 1028 presentia
1268 929 1352 1004 dicti
1369 931 1639 1027 archiepiscopi,
1661 930 1838 1004 Bertboldi
1864 932 1911 1006 de
1933 931 2004 1006 llo·

583 1053 757 1148 hamburg
777 1053 893 1127 dilecti
917 1057 1166 1151 consanguinei
1180 1065 1215 1130 et
1230 1056 1408 1128 familiaris
1423 1056 1548 1147 nostri,
1565 1054 1723 1129 lliccardi
1738 1055 1873 1129 comitis
1890 1053 2007 1129 Caseu-

584 1179 648 1250 tini
663 1178 781 1253 dilecti
802 1179 919 1272 generi
945 1181 1071 1272 nostri,
1096 1181 1187 1254 Petri
1214 1181 1304 1253 Rulli
1329 1179 1375 1253 de
1393 1179 1548 1253 Calabria
1570 1181 1764 1254 marestalle
1789 1189 1907 1254 nostre
1931 1201 2005 1254 ma·

584 1302 701 1398 gistri,
725 1301 861 1374 Ricardi
884 1300 929 1375 de
951 1303 1169 1398 llontsnigro
1193 1303 1289 1377 curie
1314 1311 1428 1377 nostre
1446 1303 1600 1398 magistri
1621 1303 1824 1396 justiciarii,
1851 1301 2005 1398 magistri

583 1425 750 1499 lobannis
773 1425 818 1500 de
835 1427 980 1498 Ytrontu
998 1426 1103 1499 nostri
1124 1427 1268 1519 notarii,
1289 1427 1450 1500 Fnleonis
1470 1427 1579 1517 Ruffi,
1598 1427 1755 1521 magistri
1776 1427 1942 1500 lobannis
1959 1425 2005 1500 de

583 1549 715 1624 Prodea
732 1548 796 1647 (a),
814 1551 967 1644 magistri
981 1551 1121 1623 liuberti
1137 1550 1183 1624 de
1198 1551 1353 1624 Palarmo
1370 1551 1508 1648 imperii
1530 1560 1565 1624 et
1580 1551 1678 1644 regni
1694 1549 1810 1624 Sicilie
1828 1559 1865 1623 et
1881 1571 2005 1644 magne

584 1676 680 1749 curie
702 1685 817 1748 nostre
837 1674 986 1766 judicis,
1015 1674 1169 1766 magistri
1191 1673 1347 1748 Nicholai
1379 1673 1425 1748 de
1448 1673 1639 1748 Brundutiu
1666 1674 1795 1770 publici
1821 1673 2006 1747 tabelionis

584 1799 720 1896 imperii
742 1809 776 1872 et
792 1799 891 1892 regui
909 1799 1024 1870 Sicilie
1041 1808 1076 1871 et
1095 1797 1191 1871 curie
1206 1808 1322 1872 nostre
1339 1799 1484 1891 notarii,
1503 1807 1699 1872 nostrorum
1716 1795 1892 1889 fidelium,
1918 1818 2007 1891 quus

584 1922 735 2018 presenti
762 1921 980 2017 dispositioni
1007 1930 1123 1992 nostre
1141 1920 1386 1994 mandavimus
1410 1922 1595 2010 interesse,
1614 1943 1675 2018 per
1696 1919 1891 2016 predictum
1913 1920 2007 1992 Con·

583 2046 709 2118 radum
738 2043 849 2117 filium
882 2054 1036 2116 nostrum
1059 2052 1093 2116 et
1119 2043 1283 2118 heredem
1308 2055 1344 2116 ct
1369 2045 1455 2118 alius
1479 2047 1676 2120 successive
1702 2045 1769 2118 sub
1795 2065 1886 2141 pena
1901 2044 2006 2118 bene·

584 2167 746 2244 dictionis
776 2177 893 2241 nostre
918 2168 1136 2264 disponimus
1162 2169 1351 2242 observari.
1385 2167 1548 2264 Alioquin
1579 2168 1770 2242 hereditate
1794 2177 1911 2242 nostra
1937 2189 2005 2240 nun

584 2294 771 2388 gaudeant
798 2293 894 2365 ldem
913 2301 1029 2365 autem
1049 2293 1221 2364 universis
1244 2291 1406 2365 fidelibus
1429 2294 1554 2365 uostris
1580 2293 1798 2386 presentibus
1819 2302 1855 2366 et
1882 2291 2007 2364 futuris

584 2415 652 2488 sub
671 2424 884 2489 sacramento
901 2413 1076 2486 fidelitatis
1091 2435 1162 2510 quo
1178 2415 1279 2486 nobis
1298 2424 1333 2488 ct
1346 2415 1535 2488 heredibus
1553 2415 1677 2488 nostris
1696 2425 1869 2505 tenentur,
1886 2415 2006 2509 injun-

584 2541 701 2632 gimus
728 2551 768 2612 nt
792 2539 948 2636 predicta
975 2541 1092 2612 omnia
1118 2539 1250 2613 illibata
1274 2551 1413 2614 teneant
1435 2551 1471 2614 et
1496 2541 1695 2614 observent.
1720 2541 1865 2613 Presens
1891 2549 2004 2612 antem

585 2671 827 2737 testamentum
850 2671 1004 2736 nostrum
1023 2673 1057 2736 et
1074 2664 1230 2736 ultimam
1254 2665 1468 2738 voluntatem
1493 2687 1599 2759 quam
1620 2666 1727 2738 robur
1749 2663 1920 2736 firmitatis
1941 2684 2004 2736 vc·

585 2787 703 2860 lumus
725 2787 898 2878 obtinere,
922 2807 984 2882 per
1006 2787 1208 2880 magistrum
1231 2787 1436 2860 Nicholaum
1456 2789 1501 2862 ds
1524 2787 1718 2861 Brundntio
1733 2788 1838 2860 scribi
1856 2796 1892 2860 et
1908 2787 2006 2880 siguo

587 2921 705 2984 sancte
723 2911 835 2982 crucis
855 2909 991 3004 pmprie
1008 2931 1133 2980 manus
1154 2919 1270 2984 nostre
1293 2921 1328 2983 et
1346 2911 1459 3003 sigillo
1484 2919 1601 2984 nostro
1619 2921 1654 2985 et
1671 2910 1906 3008 predictorum
1924 2911 2007 2983 sub·

588 3033 863 3130 scriptionibus
850 3033 1018 3126 jussimus
1034 3033 1250 3105 communiri.

637 3159 763 3231 Actum
782 3158 877 3254 apud
895 3157 1159 3231 Florentinum
1149 3180 1185 3228 ιιι
1204 3157 1430 3251 Capitauiata,
1450 3179 1543 3232 annu
1551 3179 1712 3248 ,mense
1733 3157 1804 3249 die,
1821 3157 2007 3232 indictione

589 3281 765 3378 predicta,
786 3302 877 3354 annu
896 3281 1032 3376 imperii
1050 3279 1156 3353 nostri
1179 3281 1306 3352 XXXll
1317 3280 1452 3374 ,regui
1475 3281 1664 3354 Jerusalem
1685 3281 1824 3353 XXVlll
1849 3290 1885 3354 et
1910 3279 2006 3374 regni

590 3405 705 3478 Sicilie
726 3402 816 3492 Ll†.
1231 3444 1238 3452 -

638 3527 665 3620 †
683 3527 757 3622 Ego
772 3527 941 3600 Robertus
960 3525 1006 3599 de
1023 3525 1209 3619 Panormo,
1224 3526 1351 3619 judex.

639 3649 666 3740 i
685 3651 758 3745 Ego
776 3649 1007 3745 Bertcldns(l
1009 3649 1193 3743 lmarchiu
1209 3649 1254 3722 de
1270 3649 1501 3744 llobenburgo
1515 3649 1584 3723 hiis
1598 3650 1738 3723 interlui
1756 3661 1792 3722 et
1804 3649 2005 3746 subscripsi.

639 3771 666 3860 †
685 3773 760 3867 Ego
775 3770 964 3845 Riccardus
983 3791 1097 3842 comcs
1116 3771 1253 3843 Caserte
1271 3771 1339 3844 biis
1355 3771 1492 3842 interlui
1510 3780 1545 3844 et
1559 3773 1762 3868 subscripsi.

641 3897 667 3988 †
685 3897 759 3990 Ego
776 3895 896 3968 Petrus
909 3892 1031 3966 Rullus
1048 3893 1094 3966 de
1112 3893 1266 3966 Calabria
1287 3893 1477 3988 imperialis
1494 3895 1657 3988 magister
1672 3894 1874 3988 subscripsi.

642 4019 668 4108 's
687 4021 762 4113 Ego
777 4015 967 4090 Riccardus
984 4015 1255 4110 deMouteuigro
1274 4015 1462 4112 imperialis
1475 4018 1570 4090 curie
1581 4017 1796 4110 justiciarius
1807 4015 2008 4112 subscripsi.

642 4146 668 4237 †
686 4145 761 4236 Ego
779 4141 952 4214 lohannes
972 4139 1017 4213 de
1033 4138 1178 4213 Pmcida
1197 4139 1399 4236 subscripsi.

642 4266 669 4356 †
687 4267 761 4362 Ego
780 4265 948 4338 liebertus
965 4263 1011 4335 de
1028 4263 1139 4336 Russo
1158 4261 1205 4359 (c)
1223 4263 1425 4359 subscripsi.

637 4464 681 4546 (a)
701 4463 872 4542 Legendum
886 4459 921 4522 da
934 4459 1069 4523 Procido.

638 4571 679 4652 (le)
701 4573 737 4631 In
750 4570 849 4631 codice
862 4566 1042 4630 churdus.

638 4676 675 4758 (c)
702 4675 812 4738 Mende
833 4675 971 4750 evidens,
994 4675 1117 4736 lorsltan
1141 4671 1285 4736 Fubouas
1304 4669 1417 4754 linffro.
1433 4673 1561 4736 Nomina
1581 4673 1666 4736 foede
1683 4680 1836 4752 corrupta,
1850 4679 1887 4734 nt
1906 4671 2014 4733 meum

598 4787 760 4865 potuimus,
774 4783 968 4844 eumcxlmus
