4534 6074
619 657 676 720 102
1035 657 1273 720 cnuoulcou
1300 657 1602 720 PbllGllbl'l'lNllll.

616 801 792 883 taverunt,
818 814 925 887 quam
949 792 1066 866 villam
1084 801 1120 866 et
1144 803 1277 886 segetes
1302 793 1383 890 igne
1405 803 1656 869 cremavemnt.
1676 795 1738 868 llie
1757 795 1892 869 sabbati
1917 798 2026 893 primo

616 917 745 989 mensis
757 916 836 1009 julii
852 915 905 1011 (l)
919 915 1112 1010 equitantes
1130 916 1299 989 desubtus
1318 927 1353 990 et
1372 941 1476 1013 supra
1493 941 1554 1013 per
1568 941 1792 1013 campanaam
1807 920 1979 994 Placentia
1993 929 2026 994 et

616 1061 728 1132 usque
747 1039 784 1109 in
802 1039 979 1129 Treviam,
997 1039 1119 1112 domos
1133 1047 1169 1112 et
1184 1051 1320 1134 segetes
1341 1053 1376 1114 et
1389 1043 1508 1113 fenum
1531 1053 1566 1114 at
1583 1042 1670 1114 alias
1692 1063 1747 1114 ras
1764 1043 1834 1116 lere
1853 1065 1965 1138 usqne
1981 1043 2026 1116 ad

617 1163 791 1234 civitatem
821 1163 1068 1235 combuserunt
1097 1172 1132 1234 et
1162 1162 1361 1259 depopulati
1390 1165 1539 1236 luerunt.
1573 1164 1636 1236 Die
1665 1163 1841 1238 dominico
1874 1165 2026 1240 secundo

617 1285 745 1358 mensis
755 1285 834 1377 julii
848 1285 898 1378 (o)
910 1286 1036 1358 milites
1051 1295 1086 1358 et
1104 1285 1255 1382 pedites,
1273 1287 1438 1380 sagittarii
1453 1298 1488 1360 et
1502 1287 1692 1375 balaslarii,
1708 1291 1895 1363 existentes
1912 1291 1947 1362 in
1962 1292 2026 1363 lli-

618 1409 791 1504 valgario,
816 1409 881 1482 iter
894 1431 1013 1481 eorum
1034 1408 1081 1481 ad
1101 1419 1228 1482 turrem
1243 1409 1288 1482 de
1303 1409 1455 1504 Septima
1470 1412 1741 1507 expugnandam
1765 1421 1801 1485 et
1823 1413 2026 1487 diruendum

619 1534 838 1624 direxerunt,
859 1554 929 1626 que
947 1532 1128 1604 tenebatur
1145 1543 1180 1605 et
1195 1533 1377 1628 diligenter
1393 1555 1414 1605 a
1432 1534 1657 1630 popularibus
1672 1535 1843 1610 Placentia
1857 1536 2028 1610 custodie-

618 1657 720 1729 batur
738 1665 772 1728 et
793 1677 863 1749 que
887 1655 1130 1728 detrimentum
1155 1656 1322 1728 militibus
1341 1657 1531 1751 plurimum
1557 1656 1743 1741 inierebat;
1771 1680 1877 1751 quam
1902 1669 2027 1732 turrem

620 1782 695 1876 ipsa
710 1779 768 1853 die
786 1779 929 1850 viriliter
943 1788 1244 1873 expugnaverunt.
1263 1779 1390 1852 Varum
1406 1780 1489 1874 quia
1507 1779 1581 1874 ipsa
1595 1781 1671 1852 dies
1685 1781 1859 1853 sufficiens
1876 1803 1947 1853 non
1967 1782 2028 1853 luit

620 1904 666 1976 ad
681 1901 769 1976 illud
784 1922 871 1996 opus
884 1901 1148 1996 perficiendum,
1169 1901 1227 1974 dia
1239 1903 1322 1974 lune
1331 1902 1483 1974 venienti
1499 1901 1546 1973 ad
1560 1903 1668 1996 ipsam
1687 1913 1814 1974 turrem
1831 1904 2027 1977 fodiendam

619 2037 654 2098 et
673 2025 878 2098 diruendam
897 2035 1126 2096 accesserunt.
1147 2025 1257 2109 Quam
1279 2025 1416 2119 penitus
1436 2025 1681 2098 destruxerunt
1698 2037 1733 2098 et
1752 2027 1951 2115 diruerunt,
1969 2049 2028 2123 pn·

620 2151 796 2248 puleribus
819 2149 990 2222 Placentia
1011 2149 1106 2244 apud
1131 2151 1294 2222 Sanctum
1320 2149 1490 2222 Bunieum
1515 2149 1744 2223 existentibus
1765 2162 1800 2224 et
1827 2149 1895 2224 boc
1920 2151 2029 2224 soien-

620 2277 711 2348 tibus
728 2272 990 2348 stridentibus.

669 2402 715 2471 ll.
732 2399 793 2470 CC.
808 2397 984 2485 XXXllll,
1007 2395 1063 2468 dia
1088 2396 1225 2468 venaris
1240 2396 1303 2468 Xll
1325 2395 1489 2468 kalendas
1511 2397 1650 2488 augusti
1670 2397 1732 2490 (2),
1752 2401 1934 2490 populares
1950 2399 2029 2470 Pla-

620 2523 732 2596 centia
753 2543 833 2593 cum
852 2519 987 2592 carocio
1004 2529 1038 2590 et
1052 2518 1247 2607 trabucbis,
1274 2519 1453 2608 manganis
1468 2526 1502 2588 et
1517 2517 1699 2612 predariis,
1719 2538 1787 2588 una
1804 2539 1881 2588 cum
1897 2516 2030 2588 Cremo-

622 2646 789 2718 nensibus
817 2641 1042 2738 popularibus
1064 2651 1099 2713 el
1122 2641 1289 2711 militibus
1316 2641 1436 2734 quiin
1465 2661 1585 2712 aarum
1610 2654 1780 2713 venerunt
1809 2661 2027 2730 succursum,

623 2769 795 2840 civitatem
820 2765 992 2836 Placentia
1013 2764 1175 2836 exierunt
1192 2784 1313 2835 versus
1331 2763 1564 2856 llivalgarium
1591 2763 1655 2836 iter
1679 2785 1798 2835 eornm
1823 2761 2029 2857 dirigentes,

622 2903 657 2964 et
675 2913 716 2964 ea
736 2889 795 2962 die
810 2888 970 2983 hospitati
988 2889 1125 2959 inerunt
1136 2889 1237 2978 juxta
1253 2887 1411 2958 Treviam
1428 2909 1490 2981 per
1507 2885 1661 2960 medium
1677 2887 1864 2982 Ripaltam,
1881 2889 2033 2960 volentes

623 3037 732 3109 aquas
750 3013 871 3085 Trevie
894 3010 940 3083 ad
957 3011 1129 3082 civitatem
1148 3009 1320 3083 derivare.
1340 3011 1403 3082 Die
1422 3011 1556 3082 sabbati
1579 3021 1689 3083 eastra
1713 3023 1890 3084 moventes
1914 3034 2032 3084 versus

623 3137 855 3231 Rivalgarium
882 3141 1110 3228 perexerunt,
1132 3133 1304 3206 carooium
1328 3155 1470 3227 quoque
1492 3134 1581 3205 inter
1606 3135 1742 3227 plebem
1759 3135 1910 3204 Duliarie
1932 3143 1967 3205 et
1986 3136 2034 3205 lo·

624 3285 703 3338 cum
733 3259 916 3352 Rivalgarii
948 3279 1035 3352 posu
1057 3254 1064 3354 1
1085 3265 1187 3329 erunt
1215 3265 1249 3327 et
1277 3256 1505 3327 castrametati
1525 3257 1666 3327 luerunt
1687 3257 1723 3328 in
1746 3256 1821 3352 ipsa
1850 3279 2035 3352 campanea

624 3386 786 3482 usquein
802 3381 974 3454 Treviam.
990 3381 1054 3453 Die
1066 3379 1238 3453 dominico
1251 3387 1286 3451 al
1299 3377 1357 3451 die
1371 3379 1465 3470 lune,
1483 3379 1703 3469 trabuebum,
1718 3401 1943 3474 mauganum‚
1960 3403 2036 3476 pra·

626 3511 741 3586 darius
759 3519 793 3582 et
811 3507 880 3580 alia
899 3503 1039 3577 artificia
1060 3501 1107 3576 ad
1129 3503 1241 3575 locum
1265 3501 1451 3596 Rivalgarii
1473 3502 1750 3598 expugnandum
1774 3514 1809 3576 et
1829 3505 2037 3600 capiendum

626 3640 905 3734 preparaverunt.
936 3630 999 3701 Dia
1031 3627 1150 3700 martis
1173 3625 1273 3720 [lllll]
1301 3625 1470 3698 kalendas
1495 3626 1635 3720 augusti
1662 3624 1712 3724 (3)
1737 3627 1825 3700 inter
1849 3649 1977 3701 nonam
2005 3638 2038 3702 et

626 3779 789 3854 vesperas
803 3755 925 3826 militia
942 3751 1116 3824 Placentia
1134 3749 1327 3822 extrinseca
1347 3747 1501 3822 existens
1524 3747 1560 3820 in
1578 3749 1774 3843 Rivalgario
1791 3751 1939 3846 prelium
1959 3773 2037 3824 cum

628 3883 795 3956 militibus
812 3879 977 3952 Cremona
993 3886 1028 3948 et
1043 3875 1163 3971 populi
1176 3873 1347 3946 Placentia
1366 3873 1402 3944 in
1417 3871 1572 3967 quodam
1593 3874 1699 3969 podio
1719 3876 1814 3970 apud
1833 3877 2037 3968 Malgarium

629 4005 798 4080 commisit
815 4013 850 4076 et
864 4001 1010 4095 incepit,
1028 3999 1064 4070 in
1080 4019 1151 4093 qno
1165 3997 1255 4092 capti
1270 3999 1409 4070 luerunt
1426 3999 1649 4093 quamplures
1668 3997 1713 4072 de
1725 3999 1854 4095 populo
1870 4001 2038 4076 Placentia

630 4141 665 4202 et
680 4128 844 4202 Cremona
863 4133 899 4197 et
915 4121 1037 4196 retenti
1054 4129 1089 4194 el
1111 4121 1147 4191 in
1171 4119 1366 4193 carceribus
1383 4120 1499 4216 positi.
1525 4121 1567 4192 lit
1587 4120 1672 4194 dum
1693 4121 1758 4195 bec
1775 4133 1959 4218 agerentur
1975 4147 2039 4221 po-

673 4305 716 4386 (n)
737 4307 773 4368 ln
785 4303 887 4365 codice
899 4315 1050 4380 perperam
1056 4296 1152 4380 junii.

670 4593 706 4668 lt)
725 4594 792 4650 Data
803 4591 922 4648 inaxaata
936 4605 1005 4663 pour
1018 4589 1088 4648 ⁴2³2
1099 4603 1135 4647 ou
1146 4589 1226 4658 tata,
1238 4585 1304 4644 mais
1316 4591 1409 4644 exacta
1420 4601 1490 4660 pour
1501 4585 1581 4644 titt.

671 4693 708 4766 (2)
726 4693 763 4749 La
775 4689 902 4747 vendradi
913 4690 943 4746 2t
957 4687 1052 4760 juillet.

673 4789 709 4862 la)
729 4789 765 4846 la
777 4785 861 4843 mardi
873 4787 908 4842 25
919 4783 1013 4858 juillet.
1025 4783 1101 4840 Nous
1113 4781 1259 4856 suppleons
1269 4780 1295 4838 le
1305 4779 1470 4853 abillae,qui
1481 4785 1525 4838 ast
1534 4779 1604 4839 omis
1615 4779 1683 4839 dms
1694 4779 1720 4838 le
1731 4779 1884 4840 manuscrit.
