4676 6066
710 659 952 722 CHROMlCON
976 659 1280 722 PLAGENTINUM.
1656 655 1697 718 25

281 798 482 874 novembris
497 792 564 894 (l),
582 802 732 867 uestrum
749 795 888 867 Pontuli
903 795 969 867 luit
982 804 1121 890 captum
1139 816 1160 866 a
1176 793 1393 885 Placentinis,
1407 792 1589 866 tenebatur
1601 789 1695 863 enim

281 944 304 996 a
320 921 577 996 Parmeneibus.

332 1047 380 1119 Μ.
395 1041 668 1133 C.LXXXX1X,
690 1040 878 1114 indictione
898 1041 960 1126 111,
984 1039 1041 1112 die
1063 1037 1174 1132 j0vis‚
1199 1049 1322 1132 quarto
1343 1039 1471 1112 mensis
1491 1036 1599 1110 madii
1624 1034 1692 1133 (2),

282 1167 560 1242 Mediolanenses
575 1187 654 1238 curn
668 1163 804 1235 earoeio
814 1174 849 1235 et
864 1185 944 1234 oum
962 1162 1057 1236 omni
1075 1163 1202 1234 virtute
1219 1184 1338 1234 eorum
1351 1163 1488 1234 iverunt
1503 1159 1549 1232 ad
1567 1169 1695 1231 turrem

283 1289 331 1362 de
358 1291 511 1382 Besago‚
540 1295 576 1359 et
601 1285 833 1358 castrametati
859 1285 999 1357 inerunt
1026 1285 1117 1358 eirea
1142 1286 1251 1379 ipsam
1277 1297 1413 1358 turrem-
1433 1285 1509 1357 sine
1534 1281 1697 1354 omnibns
1801 1275 1804 1285 '

283 1433 402 1484 eorum
425 1411 566 1500 amieis,
587 1417 622 1480 et
644 1429 722 1480 eam
744 1407 948 1480 obsiderunt
968 1416 1003 1480 et
1020 1409 1315 1501 mangan'averunt
1336 1417 1454 1481 eontra
1485 1407 1611 1479 malam
1629 1427 1698 1478 vo-

283 1537 447 1608 lunlatem
478 1533 718 1628 Pupiensium3
746 1531 804 1604 die
830 1532 992 1604 mercurii
1020 1533 1181 1627 proximo
1210 1534 1403 1627 sequentis,
1430 1534 1541 1628 ipsam
1567 1541 1696 1603 turrem

283 1681 411 1754 magna
425 1661 460 1730 vi
479 1667 661 1753 oeperunt,
679 1665 713 1727 et
731 1655 928 1727 babuerunt
944 1655 979 1726 in
993 1675 1034 1726 ea
1051 1663 1145 1726 turre
1160 1666 1299 1729 rentum
1314 1655 1470 1729 homines
1487 1656 1590 1750 Papie
1608 1656 1697 1728 bene

284 1793 452 1873 umatus,
472 1802 562 1876 quos
586 1801 704 1852 secum
728 1777 963 1850 Mediolanum
987 1778 1096 1852 vietos
1117 1779 1294 1852 duxeruut
1315 1789 1351 1852 et
1372 1781 1408 1850 in
1430 1798 1567 1852 caruere
1584 1779 1696 1850 reolu-

284 1913 417 1977 eeruut.
443 1905 506 1976 Die
529 1903 646 1975 martis
672 1902 739 1996 (3),
764 1901 809 1972 lll
837 1899 1003 1972 kalendas
1025 1901 1115 1991 junii
1133 1902 1284 1996 proximi
1306 1903 1499 1996 sequentis,
1518 1901 1643 1974 milites
1663 1911 1698 1974 et

285 2027 420 2122 pedites
439 2025 485 2098 de
502 2026 614 2097 tribus
631 2024 738 2119 portis
758 2022 945 2096 Mediolani
964 2045 1044 2094 cum
1062 2025 1196 2096 earoeio
1218 2037 1253 2098 et
1270 2046 1351 2098 enm
1369 2025 1568 2098 hominibus
1586 2025 1696 2120 Seprii

285 2157 321 2221 et
336 2149 538 2222 Martexane
554 2148 770 2220 intraverunt
791 2157 873 2220 tune
894 2147 930 2218 in
951 2155 1075 2220 terram
1093 2147 1269 2239 Pergami,
1295 2158 1330 2221 et
1352 2157 1435 2220 lune
1451 2147 1699 2222 destruxerunt

287 2271 478 2365 Cologium‚
490 2273 623 2358 Risum,
640 2280 676 2342 et
688 2271 756 2344 elia
769 2292 874 2365 qnam
888 2270 1035 2366 plurima
1049 2271 1123 2342 loea
1135 2271 1430 2363 lagenensium,
1446 2272 1574 2346 deinde
1587 2293 1700 2346 vene·

286 2403 369 2466 runt
387 2395 424 2467 in
442 2395 598 2488 partibus
616 2393 729 2466 Curtis
742 2395 840 2465 Nove
860 2402 895 2464 et
914 2391 1088 2481 Guisalbe,
1107 2401 1142 2464 et
1155 2401 1237 2464 lune
1252 2393 1450 2466 Brixienses
1466 2415 1547 2466 curn
1565 2396 1699 2468 earoeio

287 2526 323 2589 et
339 2539 420 2590 eum
448 2519 543 2590 omni
564 2518 694 2590 virtute
725 2538 845 2590 eorum
866 2515 1076 2589 transierunt
1097 2515 1222 2608 Ogium
1243 2513 1289 2589 de
1308 2525 1414 2610 ponte
1431 2516 1477 2589 de
1495 2517 1697 2610 Rudiliano,

287 2649 323 2713 et
339 2640 385 2714 ad
403 2641 590 2735 quemdum
616 2645 755 2735 pontem
781 2661 889 2734 quem
916 2639 1067 2711 fenerant
1089 2639 1179 2712 inter
1209 2639 1348 2712 Ursinm
1373 2649 1409 2712 et
1431 2641 1640 2728 Soneinnm‚
1668 2653 1702 2715 et

287 2761 605 2835 intraverunt·eum
625 2761 941 2836 Mediolanensibus
960 2762 997 2834 in
1018 2763 1180 2835 comitutu
1205 2762 1388 2850 Cremona,
1414 2773 1449 2834 et
1475 2767 1702 2836 castrametati

288 2885 430 2958 inerunt
458 2886 550 2958 cirea
566 2885 779 2958 'Sunoinum
803 2887 866 2959 Die
889 2895 1005 2959 autem
1029 2887 1180 2978 veneris,
1207 2907 1299 2960 nono
1328 2887 1456 2960 mensis
1480 2887 1588 2979 junii,
1614 2888 1701 2962 illud

288 3017 439 3081 oestrum
465 3007 713 3082 destruxerunt
737 3019 773 3082 et
789 3009 1052 3100 oombuserunt‚
1073 3021 1108 3084 et
1127 3009 1213 3084 illud
1234 3033 1315 3083 oum
1332 3011 1443 3083 tribus
1465 3010 1646 3104 manganis
1667 3021 1702 3083 et

288 3129 461 3226 predariis
476 3131 633 3225 quinque
654 3142 968 3225 manganaverunt‚
989 3141 1024 3206 et
1041 3133 1196 3206 feserunt
1217 3131 1267 3206 ibi
1287 3131 1362 3206 fieri
1379 3133 1550 3207 mirabilia
1574 3134 1700 3206 instro·

288 3262 404 3326 manta
421 3273 501 3324 eum
522 3253 653 3346 quibus
670 3254 800 3327 dietum
819 3264 969 3326 uestrum
988 3255 1117 3328 habere
1134 3257 1330 3350 sperabant.
1350 3255 1394 3328 nt
1415 3256 1499 3330 dum
1519 3257 1584 3330 hee
1606 3256 1701 3350 apud

289 3374 482 3446 Sunoinum
506 3385 687 3468 geruntur,
708 3375 896 3446 Placentini
919 3376 1164 3448 eombuserunt
1189 3379 1350 3450 Soeroam
1368 3387 1404 3450 et
1419 3379 1595 3451 castellum
1619 3379 1703 3450 Bus-

290 3495 380 3588 oedi,
399 3506 434 3570 et
454 3497 563 3570 multa
590 3497 657 3569 alia
684 3497 760 3570 looa
785 3496 1077 3571 Cremonensium.
1096 3500 1178 3572 Viso
1199 3509 1233 3572 et
1252 3501 1390 3593 cognito
1416 3522 1438 3573 a
1463 3500 1702 3575 brixiensibus

289 3628 324 3692 et
341 3619 658 3694 Mediolanensibus
684 3619 781 3714 quod
807 3619 999 3715 predictum
1025 3622 1139 3694 locum
1166 3644 1228 3717 per
1258 3623 1329 3694 vim
1360 3643 1429 3696 non
1454 3634 1608 3718 poterant
1631 3626 1701 3698 ha-

282 3741 390 3832 ·bere,
410 3765 432 3816 a
449 3743 607 3837 prediolo
625 3743 719 3834 loeo,
745 3742 805 3818 die
826 3745 978 3836 veneris,
999 3765 1091 3818 nono
1114 3745 1277 3820 kalendas
1297 3747 1376 3840 julii
1394 3745 1445 3842 (l)
1468 3757 1698 3841 secesserunt,

290 3874 326 3936 et
350 3876 435 3938 tune
457 3865 705 3940 Cremonenses
733 3869 961 3940 castrametati
987 3877 1085 3940 erant
1104 3870 1208 3962 juxta
1234 3879 1383 3942 oestrum
1406 3872 1596 3946 Zoveuoldi
1621 3895 1701 3946 enm

291 3988 425 4060 euroeio
440 3998 475 4060 et
491 4011 571 4061 uum
587 3990 684 4062 omni
702 3991 827 4064 virtute
845 4011 980 4080 eorum,
1001 3999 1036 4064 et
1056 4011 1138 4064 eum
1157 3993 1323 4066 militibus
1339 4003 1375 4068 et
1388 3995 1564 4090 peditibus
1581 3997 1702 4069 Parme

291 4119 327 4184 et
343 4131 423 4183 eum
444 4111 540 4182 omni
559 4112 686 4184 virtute
707 4124 844 4205 eorum,
869 4123 904 4186 et
924 4134 1003 4184 eum
1024 4113 1191 4188 militibus
1207 4116 1340 4190 Mutine
1357 4127 1392 4190 et
1414 4117 1525 4213 Regii.
1544 4119 1702 4194 Predieta

327 4355 364 4430 (l)
381 4357 420 4416 Le
431 4359 534 4420 semodi
547 4363 581 4419 30
594 4359 713 4420 octobre.

311 4453 370 4608 ἐξ
383 4454 452 4512 Date
463 4461 572 4528 exuta,
583 4457 652 4515 mais
665 4473 734 4532 pour
747 4456 851 4517 l’anuee
865 4461 946 4532 ⁴2⁰0,
959 4459 1005 4534 qui
1019 4459 1090 4519 n’est
1100 4475 1151 4534 pas
1159 4460 1285 4538 indiquee
1295 4463 1364 4524 dens
1382 4463 1408 4522 le
1419 4465 1518 4525 tested
1530 4483 1561 4526 sa
1572 4468 1702 4528 veritable

293 4564 312 4622 p
371 4589 380 4607 .

327 4645 365 4718 (a)
383 4645 726 4711 nemausensem.

328 4739 367 4814 (r)
385 4741 424 4802 nu
435 4739 563 4804 venum
575 4747 687 4821 sarm.
