4568 6064
808 677 850 736 ΙΝ
875 676 1016 738 turtula
1040 676 1193 738 GESTlS.
1653 674 1714 734 373

292 813 460 888 Adduam
476 813 521 887 de
537 813 613 888 loco
628 834 693 886 sno
712 821 748 884 et
764 813 873 908 ipsam
893 813 1052 886 derivare
1068 814 1105 884 iu
1118 813 1266 884 fluvium
1279 811 1417 884 Lambri
1434 819 1469 882 et
1486 808 1649 882 claudere
1664 812 1715 880 sic

295 938 532 1035 episcopatum
555 959 658 1008 suum
681 958 726 1008 ne
742 936 940 1010 laudenses
954 948 1131 1010 currerent
1146 945 1181 1009 et
1199 936 1390 1031 dampnum
1410 937 1560 1008 lacerent
1584 935 1619 1004 in
1641 934 1715 1028 epi-

294 1072 439 1158 scopatu
458 1059 658 1133 Mediolani.
678 1061 716 1131 ln
733 1061 905 1132 auxilinm
920 1082 1003 1132 vero
1017 1059 1248 1132 Laudensinm
1278 1059 1324 1131 de
1342 1080 1460 1132 mensa
1478 1057 1617 1150 angusti
1634 1056 1717 1128 ive'-

296 1194 377 1256 runt
392 1184 656 1274 Cremonenses,
674 1183 822 1278 populus
840 1193 874 1256 et
891 1183 1021 1255 milicia
1036 1193 1070 1254 et
1088 1205 1190 1255 cerna
1207 1183 1354 1254 militum
1370 1193 1405 1253 et
1422 1179 1577 1275 peditum
1597 1181 1717 1251 Parme

296 1317 331 1382 ct
342 1308 442 1402 liegii
454 1317 488 1382 et
497 1308 639 1382 Mutine.
650 1308 689 1378 ln
701 1307 874 1379 auxilinm
885 1306 1068 1378 Mediolani
1083 1315 1254 1378 venerunt
1265 1307 1462 1400 Papienses,
1473 1305 1714 1392 Novarienses,

295 1431 544 1520 vercellenses,
565 1429 724 1518 Cumani,
740 1429 914 1519 Astanses,
938 1429 1192 1514 Terdonenses‚
1212 1427 1443 1500 Alexandrini
1467 1439 1501 1498 et
1525 1427 1668 1500 comites
1683 1437 1718 1497 et

295 1554 449 1626 marchio
464 1554 509 1626 de
522 1555 684 1627 Pemonte
701 1563 736 1625 et
756 1553 822 1625 alie
839 1561 960 1646 gentes
974 1562 1007 1624 et
1022 1552 1284 1624 communitates
1298 1575 1319 1624 a
1336 1553 1442 1646 Papia
1455 1573 1572 1647 snpra.

344 1679 430 1750 ltem
443 1679 492 1751 M.
512 1677 574 1750 CC.
595 1677 786 1757 LXXVIlll,
806 1675 851 1748 de
869 1697 988 1748 mense
1003 1695 1086 1748 vero
1098 1675 1264 1766 octubris,
1281 1675 1461 1748 Conradns
1479 1676 1524 1748 de
1540 1675 1718 1747 Casteiono

296 1801 384 1874 civis
404 1811 440 1874 ot
458 1811 610 1897 potestas
628 1801 812 1874 Mediolani
830 1823 911 1872 cum
931 1798 1074 1872 domino
1091 1799 1217 1870 Uberto
1236 1799 1283 1872 de
1303 1799 1386 1870 Ozio
1405 1801 1642 1894 expulsi-sunt
1657 1821 1720 1894 per

297 1923 478 1998 dominum
509 1922 741 1996 marchionem
769 1923 992 1998 Montislerati
1021 1921 1066 1995 de
1090 1923 1224 1994 civitate
1249 1923 1437 1994 Mediolani
1464 1935 1499 1994 et
1529 1924 1607 1994 lacti
1636 1934 1719 1995 sunt

295 2048 398 2120 amici
414 2059 449 2120 et
464 2047 510 2120 de
530 2057 628 2142 parte
645 2049 783 2120 illorum
804 2049 849 2120 de
864 2048 1022 2138 Laturre,
1042 2057 1075 2118 et
1097 2067 1217 2117 eorum
1238 2047 1328 2118 bona
1345 2047 1520 2140 publicata
1541 2047 1717 2120 communi

298 2169 497 2244 Mediolani.

346 2297 398 2366 De
416 2315 534 2366 mense
555 2313 641 2366 vero
664 2293 858 2366 decembris
877 2297 980 2388 juxta
1002 2296 1216 2367 nativitatem
1238 2295 1376 2366 Domini
1400 2305 1473 2367 orta
1492 2295 1662 2368 discordia
1682 2297 1717 2366 in

297 2417 438 2490 civitate
451 2417 605 2490 Bononio
620 2417 754 2510 preliati
767 2418 891 2507 simul,
913 2440 991 2512 pars
1011 2419 1056 2490 de
1073 2419 1315 2490 Lambertaoiis
1330 2419 1392 2512 qui
1411 2420 1446 2488 in
1466 2419 1639 2490 civitatem
1656 2442 1719 2489 nu·

298 2562 360 2634 per
387 2541 600 2612 intraverant
615 2540 660 2612 de
682 2540 822 2612 civitate
842 2541 990 2634 expulsa
1004 2551 1074 2629 est,
1099 2543 1147 2614 ita
1165 2542 1260 2636 quod
1279 2543 1381 2613 multi
1407 2544 1533 2614 mortui
1554 2551 1646 2614 sunt.
1669 2543 1719 2614 Do

297 2684 370 2757 quo
384 2664 474 2734 lacto
493 2662 656 2735 dominus
673 2684 763 2757 papa
778 2663 980 2756 indignatus
999 2676 1050 2736 est
1066 2675 1184 2737 contra
1200 2663 1403 2738 Gereminos
1422 2666 1466 2738 dc
1484 2666 1650 2738 Bononia.

344 2789 396 2859 De
412 2785 535 2860 eodem
554 2807 673 2858 mense
686 2785 844 2858 homines
861 2787 906 2858 de
922 2787 1118 2861 Mediolano
1132 2790 1312 2882 elegerunt
1328 2791 1364 2859 in
1383 2810 1503 2860 eorum
1518 2799 1718 2883 potestatem

296 2922 333 2985 et
342 2919 507 2984 rectorem
524 2911 705 2984 dominnm
716 2909 880 2982 Cabrium
892 2910 937 2983 de
946 2911 1071 2984 Tranio
1088 2913 1200 2984 civem
1219 2913 1352 2985 Laude.
1365 2913 1432 2997 Qui
1447 2913 1590 2986 Cabrius
1602 2925 1718 2986 contra

296 3035 510 3106 voluntatem
529 3033 724 3106 communis
744 3033 865 3106 Laude
891 3033 954 3105 ivit
973 3035 1018 3106 ad
1040 3037 1194 3126 regimen
1218 3037 1310 3108 dicte
1336 3036 1486 3108 civitatis
1509 3037 1715 3128 Mediolani,

295 3157 549 3253 propterquod
571 3157 769 3230 Laudenses
786 3155 958 3230 dederunt
979 3159 1012 3229 ei
1034 3169 1069 3232 et
1090 3161 1164 3231 suis
1181 3161 1388 3254 sequacibus
1414 3161 1568 3233 bannum
1590 3173 1625 3233 et
1645 3165 1718 3256 ipse

295 3265 629 3353 rebelavit'casrrnm
646 3279 692 3352 de
712 3281 837 3352 Sancto
857 3283 999 3354 llorano
1021 3284 1195 3354 communi
1218 3281 1225 3380 Ι
1248 3282 1380 3356 Laude.
1403 3285 1502 3357 Unde
1520 3285 1718 3360 laudenses
1744 3292 1794 3336 1²⁰¹·
1807 3293 1833 3336 ⁹¹
1846 3298 1914 3336 m.

297 3413 466 3476 venerunt
485 3403 666 3476 demensa
690 3403 808 3476 marcii
830 3406 867 3475 in
888 3403 1152 3478 obsciditionem
1170 3407 1253 3478 dicti
1272 3408 1340 3479 loci
1369 3431 1449 3479 cum
1474 3410 1662 3502 trabuobis,
1684 3425 1718 3486 et

296 3535 427 3599 stantes
443 3527 492 3600 ibi
512 3549 572 3622 per
583 3527 645 3598 XV
660 3526 736 3600 dies
754 3526 953 3600 habuerunt
970 3529 1057 3602 illud
1070 3530 1168 3624 quod
1184 3532 1324 3626 penitus
1339 3532 1551 3607 dirrnerunt.

345 3651 392 3724 M.
410 3649 474 3722 CC.
489 3652 626 3740 LXXX,
645 3651 690 3724 de
708 3673 827 3724 mense
845 3650 953 3724 madii
969 3653 1121 3726 marobio
1136 3655 1359 3728 Montislerati
1372 3679 1453 3728 cum
1466 3658 1530 3730 iret
1548 3661 1584 3730 in
1600 3662 1732 3758 Yspa-·

296 3774 389 3846 niam
407 3797 486 3846 oum
501 3796 611 3848 uxore
624 3787 659 3847 et
672 3775 818 3848 filiasue
832 3798 938 3870 quam
954 3777 1129 3872 copulavit
1143 3779 1179 3849 in
1197 3801 1343 3852 uxorem
1360 3781 1431 3854 lilio
1446 3784 1538 3876 re'gis
1556 3785 1712 3876 Castelle,

295 3907 418 3992 captus
438 3898 504 3969 luit
519 3907 554 3970 et
568 3899 670 3972 datus
687 3901 723 3970 in
741 3900 845 3972 torcia
862 3899 998 3972 comitis
1009 3903 1149 3974 Savolie
1167 3903 1326 3997 quicum
1345 3915 1437 3978 tenet
1452 3908 1487 3979 in
1503 3911 1712 3983 carceribus.

294 4023 347 4092 De
378 4043 498 4094 menso
526 4023 664 4116 augusti
694 4024 872 4116 sequentis
895 4024 1007 4098 exivit
1031 4025 1076 4098 de
1105 4027 1302 4100 carceribus
1334 4039 1368 4101 et
1396 4031 1561 4104 continuo
1588 4035 1652 4106 ivit
1679 4037 1714 4104 in

295 4145 498 4238 Yspnniam.
770 4237 772 4244 y

342 4267 407 4340 Die
424 4265 563 4339 veneris
579 4268 699 4340 ultimo
716 4270 848 4342 mensis
865 4269 992 4362 madii,
1011 4273 1212 4367 Galvagnus
1233 4273 1326 4348 filius
1342 4277 1477 4349 comitis
1494 4279 1648 4352 Ubertini
1668 4282 1715 4354 de

293 4389 414 4462 lando
438 4391 615 4463 relaxatus
638 4415 658 4464 a
679 4395 876 4466 carceribus
900 4395 1032 4468 domini
1062 4400 1152 4490 rogis
1177 4400 1294 4471 Karoli
1321 4403 1357 4472 in
1382 4403 1512 4496 quibus
1539 4407 1631 4476 stetit
1655 4429 1715 4500 per

294 4512 388 4584 Xllll
404 4535 514 4586 annos
530 4523 565 4585 et
582 4515 674 4608 plns,
684 4519 882 4610 operatione
901 4518 1033 4590 domini
1055 4520 1271 4615 Campanixii
1295 4525 1341 4596 de
1364 4525 1460 4598 Cazis
1481 4528 1566 4598 civis
1585 4529 1711 4624 Papio,

294 4635 464 4730 applicuit
482 4636 519 4708 in
537 4637 745 4710 Placentiam
767 4641 827 4712 ubi
850 4653 1012 4736 receptus
1037 4654 1089 4716 est
1112 4667 1131 4716 a
1151 4657 1248 4740 patro
1273 4650 1432 4721 alacriter
1451 4661 1486 4722 ot
1505 4652 1655 4747 benigne
1679 4665 1715 4727 et

292 4768 372 4854 post
393 4781 523 4854 paucos
539 4759 614 4834 dies
629 4763 818 4856 copullavit
832 4764 867 4834 in
886 4785 1032 4838 uxorem
1049 4767 1155 4841 liliam
1172 4773 1320 4848 condam
1340 4775 1509 4870 llaynaldi
1529 4779 1634 4851 Scoti.
1651 4780 1715 4852 Die
