4554 6080
588 645 648 707 306
1062 643 1305 707 (111110111ίῖοΝ
1330 644 1384 704 nl:
1409 640 1553 704 nands.

586 777 693 872 digne
702 781 945 855 retribucionis
953 781 1082 854 meritis
1090 779 1430 877 amplexari,cumet
1439 779 2007 886 ampliaturgratia,beneficiis[et]

585 905 719 996 lavore,
734 915 773 976 ut
786 927 849 978 ros
862 913 897 978 ot
908 907 1031 978 civitas
1042 915 1157 977 vestra
1171 925 1233 1000 pro
1245 913 1359 976 vestra
1375 902 1567 976 devocione
1581 912 1616 975 ot
1627 905 1889 980 amoresinceru
1901 931 2007 1004 quem

585 1027 852 1101 eisdemnostris
864 1029 1169 1124 predecessoribus
1183 1026 1429 1099 inviolabiliter
1443 1026 1665 1118 observastis,
1683 1037 1801 1102 nostro
1819 1031 1907 1103 ielici
1919 1043 2009 1106 tem·

583 1173 669 1248 pora
695 1151 840 1225 valeatis
858 1162 1014 1249 potenter
1033 1153 1078 1225 de
1101 1151 1224 1224 vestris
1248 1151 1407 1224 hostibus
1426 1149 1652 1245 triumphare.
1672 1151 1717 1222 Et
1737 1173 1819 1226 ecoe
1842 1155 1938 1248 quod
1960 1156 2008 1230 ad

583 1275 867 1349 reformacionem
896 1285 931 1350 et
957 1275 1209 1350 relevacionem
1237 1273 1342 1346 vestri
1371 1282 1482 1346 status
1504 1282 1538 1345 et
1562 1273 1708 1347 aliorum
1739 1276 1944 1350 devotomm
1971 1287 2009 1350 et

583 1400 774 1472 amicorum
802 1409 997 1472 nostrornm
1024 1399 1177 1494 ipsarum
1203 1397 1358 1493 parcium
1385 1395 1576 1470 deliberato
1602 1398 1747 1471 consilio
1766 1399 2004 1493 intendentes,

583 1524 823 1596 assistentibus
847 1525 948 1598 nobis
970 1525 1016 1597 ad
1040 1525 1107 1596 hoc
1132 1521 1431 1596 excellentissimis
1455 1531 1490 1592 et
1515 1523 1762 1616 potentissimis
1788 1525 2008 1621 principibus

584 1647 726 1723 domiuo
748 1649 947 1722 marchione
962 1649 1132 1722 Missiensi
1151 1657 1185 1722 et
1202 1647 1380 1738 Orientali,
1398 1667 1465 1719 avo
1478 1655 1594 1720 nostro
1611 1649 1809 1738 carissimo,
1834 1648 1841 1746 Ι
1862 1650 2006 1725 domino

582 1771 807 1866 landegravio
829 1781 864 1845 et
876 1773 1028 1846 Saxonis
1042 1771 1166 1845 comite
1183 1773 1348 1868 pallatino
1363 1771 1587 1844 dilectissimo
1602 1781 1700 1867 patre
1713 1781 1848 1865 nostro,
1864 1772 2007 1847 domino

581 1894 781 1968 marchione
798 1894 844 1968 de
861 1894 1109 1988 Laudesbnrgo
1124 1903 1246 1990 patruo
1265 1905 1382 1966 nostro
1399 1892 1526 1966 dilecto
1543 1915 1609 1965 nec
1628 1913 1698 1966 non
1711 1893 1898 1989 magnifico
1909 1897 2007 1991 prin·

582 2019 659 2114 cipe
686 2019 828 2092 domino
855 2041 938 2115 rege
962 2019 1103 2093 Boemie
1130 2018 1349 2092 serenissimo
1381 2039 1499 2091 socero
1530 2025 1671 2108 nostro,
1694 2039 1779 2114 ope,
1800 2019 1944 2092 consilio
1971 2032 2009 2094 et

582 2143 714 2216 auxilio
742 2143 943 2238 oportunis,
970 2152 1004 2216 et
1031 2165 1138 2237 quam
1163 2143 1321 2239 pluribus
1345 2141 1424 2215 aliis
1449 2142 1692 2239 principibus,
1720 2143 2004 2235 marchionibus,

582 2265 734 2338 ducibus
749 2275 784 2339 et
800 2267 1021 2361 magnatibus
1039 2265 1235 2358 Alamanie,
1255 2267 1301 2339 ad
1316 2273 1432 2362 partes
1446 2266 1541 2360 ipsas
1560 2265 1733 2340 duoeDoo
1750 2268 1911 2340 venimus
1924 2291 2007 2341 cnm

580 2387 766 2483 magnifico
792 2397 990 2485 potentatu,
1013 2387 1142 2460 deinde
1167 2409 1290 2461 versus
1312 2388 1563 2462 hereditarium
1588 2411 1736 2482 reguum
1759 2399 1916 2462 nostrum
1942 2392 2007 2464 iel·

581 2513 692 2586 liciter
712 2514 919 2608 processuri.
940 2513 1017 2597 Qua
1041 2519 1181 2608 propter
1202 2513 1430 2585 devocionem
1453 2521 1487 2583 et
1509 2511 1702 2584 amiciciam
1723 2522 1874 2585 vestram
1899 2535 2006 2606 quam

582 2636 671 2708 inter
686 2635 772 2708 alias
790 2635 948 2708 civitates
961 2635 1075 2708 Ytalie
1089 2635 1249 2708 novimus
1265 2655 1340 2708 essa
1354 2635 1489 2708 firmam
1503 2634 1681 2708 hortamus
1701 2643 1830 2708 attente
1845 2647 2007 2731 rogantes

582 2769 754 2854 quatenus
771 2758 816 2832 de
839 2759 992 2832 adventu
1016 2769 1131 2832 nostro
1150 2759 1252 2830 celeri
1270 2759 1453 2833 audaciam
1477 2767 1694 2832 assumentes
1714 2759 1863 2832 inimicis
1881 2761 2007 2833 restris

582 2883 644 2976 qui
656 2884 762 2955 nostri
775 2891 856 2956 sunt
872 2891 1030 2979 potenter
1044 2893 1078 2956 et
1093 2883 1237 2956 viriliter
1250 2883 1631 2978 resistatis-Propterea
1645 2891 1685 2954 nt
1698 2882 1873 2955 adventus
1891 2893 2009 2957 noster

578 3006 754 3099 jocundus
772 3019 807 3081 et
820 3010 1001 3103 proximus
1014 3010 1110 3106 apud
1124 3031 1189 3082 vos
1205 3009 1374 3082 veraciter
1386 3017 1632 3103 prenoscatur,
1645 3027 1727 3080 ecco
1739 3008 1943 3080 Guazonum
1957 3007 2006 3082 de

582 3129 722 3202 Murcha
748 3145 783 3204 et
807 3133 997 3205 Marsilium
1025 3133 1069 3206 de
1094 3135 1247 3206 Scnrano
1272 3143 1307 3204 et
1327 3132 1489 3225 judicem
1515 3132 1747 3224 Pellegrinnm
1774 3131 1820 3204 de
1846 3133 2005 3204 Sumaria

583 3252 727 3326 dilectos
749 3255 934 3326 familiares
957 3266 992 3327 et
1010 3254 1130 3328 fideles
1147 3263 1282 3327 nostros
1305 3255 1351 3327 ad
1374 3277 1439 3328 vos
1467 3265 1632 3348 tanquam
1649 3253 1757 3326 nostri
1779 3253 1912 3327 itineris
1926 3276 2006 3349 pre·

584 3398 739 3449 cursores
768 3377 987 3472 previdimus
1015 3377 1262 3469 destinandos3
1288 3378 1416 3474 quibus
1448 3378 1565 3450 omnia
1592 3397 1662 3471 que
1687 3377 1787 3450 vobis
1817 3399 1880 3472 pro
1907 3387 2007 3474 parte

584 3509 698 3572 nostra
714 3500 894 3573 retulerint
904 3501 987 3576 vira
999 3523 1086 3575 voce
1106 3501 1151 3574 de
1168 3501 1291 3574 nostris
1302 3501 1458 3575 serviciis
1474 3501 1657 3573 ethonore
1673 3498 1912 3573 indubitanter
1928 3521 2006 3572 cre-

585 3621 706 3696 dentes
723 3645 765 3696 ea
780 3625 946 3720 operibus
960 3625 1173 3721 compleatis.
1193 3627 1319 3698 Datum
1333 3625 1509 3697 Lunbetas
1522 3623 1587 3720 (c),
1606 3623 1671 3696 XX
1687 3625 1815 3698 mansis
1833 3624 2003 3712 octubris,

584 3745 660 3818 Xlll
677 3746 865 3820 indictione
883 3746 948 3846 (t).
970 3773 989 3816 n

627 3930 669 4012 (a)
691 3931 895 3992 Verisimlllter
910 3927 1095 4000 Lichcntbal,
1115 3935 1192 3994 sicut
1208 3948 1316 4010 supra,
1331 3949 1363 4010 p.
1379 3940 1456 4006 80⁰,
1476 3937 1537 3994 not
1549 3946 1573 3990 c.

621 4175 657 4248 (t)
676 4175 729 4234 Cas
741 4175 834 4232 lettres
848 4175 884 4232 da
896 4175 1022 4233 brederio
1033 4176 1067 4232 da
1077 4176 1212 4250 'l'huriugc
1227 4183 1290 4233 sont
1303 4176 1442 4250 indiquees
1459 4175 1528 4232 daus
1542 4175 1609 4231 Jean
1620 4173 1654 4230 de
1669 4171 1779 4243 Mussis,
1793 4169 1920 4228 Chronic.
1939 4170 2005 4228 Plu-

585 4281 667 4344 cent,
682 4273 898 4358 apblnnaronr,
913 4271 1059 4346 Serapion,
1074 4279 1095 4330 t.
1111 4273 1187 4345 xvi,
1200 4291 1230 4347 p.
1248 4274 1311 4331 176.
1323 4272 1459 4330 L’arriveo
1476 4271 1622 4346 prochaine
1639 4270 1674 4328 de
1691 4285 1723 4327 ce
1736 4267 1897 4342 pretendunt
1914 4267 2006 4340 paratt

586 4371 661 4427 avoir
682 4369 785 4444 inspira
806 4369 856 4428 des
872 4370 988 4428 rraiutes
1001 4371 1165 4429 seriensesa
1181 4372 1291 4430 charles
1305 4371 1430 4446 d’hnjou.
1449 4371 1521 4428 Dans
1536 4383 1590 4427 une
1605 4368 1684 4426 lettre
1700 4367 1782 4425 duwe
1792 4367 1826 4424 de
1841 4366 1963 4439 sapone,
1975 4363 2005 4421 le

586 4471 620 4523 ta
636 4467 743 4540 janvier
754 4468 835 4540 ⁴27⁰,
852 4465 871 4524 il
886 4467 985 4540 enjoint
996 4483 1048 4526 aux
1061 4468 1196 4526 habitante
1208 4468 1244 4526 de
1256 4469 1355 4526 Pistoia
1368 4468 1403 4526 de
1416 4466 1576 4526 reneuveler
1590 4471 1684 4523 contra
1697 4462 1823 4522 Frtdtrtc
1832 4462 1863 4520 de
1876 4459 2006 4532 stouffen

585 4571 613 4622 et
626 4569 688 4621 tous
700 4563 741 4620 les
755 4569 847 4621 autres
857 4563 1036 4622 descendants
1047 4565 1080 4622 de
1092 4564 1253 4640 l'empereur
1263 4564 1388 4624 Frdderic
1400 4565 1427 4622 le
1439 4569 1561 4622 serment
1573 4562 1607 4621 de
1619 4561 1718 4619 fidelite
1729 4559 1809 4634 qu'ils
1826 4557 1864 4613 lui
1875 4557 2005 4630 ontjadis

586 4659 670 4735 prete,
681 4659 773 4733 quand
784 4659 818 4716 ils
831 4659 867 4716 lui
877 4665 924 4718 ont
936 4661 1036 4734 promis
1044 4661 1190 4719 assistance
1199 4665 1290 4718 contre
1303 4661 1437 4719 conradis
1448 4667 1477 4718 et
1488 4677 1533 4718 ses
1545 4659 1697 4719 adherente.
1708 4657 1748 4718 Cl.
1758 4657 1907 4726 menam,
1917 4655 2006 4712 Λητο-

585 4758 641 4814 dot.
656 4757 725 4814 med.
739 4759 811 4830 ccvi,
823 4775 852 4831 p.
868 4759 931 4816 219.
