4568 6064
638 662 701 724 348
1113 667 1353 730 cuuoutcotl
1377 671 1428 730 DE
1454 669 1584 730 llllllllS

639 821 718 871 cnm
743 799 884 873 domino
904 801 1006 875 Bosio
1021 803 1065 876 de
1080 807 1228 878 Dovaria
1245 817 1337 878 mole
1353 816 1434 878 sunt
1448 817 1482 878 et
1498 803 1632 878 vadunt
1645 804 1680 875 in
1698 803 1886 900 Yspaniam
1906 829 1970 903 pro
1985 806 2053 878 du·

637 923 758 995 cendis
775 925 944 998 militibus
957 927 1093 999 domini
1109 929 1213 1022 regis.
1228 931 1278 1001 De
1294 952 1411 1002 mense
1424 929 1532 1002 madii
1547 927 1819 1001 Mediolanenses
1836 952 1915 1002 curn
1932 951 2051 1003 eornm

636 1047 765 1120 ceretio
787 1057 821 1120 et
845 1069 924 1120 cum
943 1052 1063 1122 amicis
1081 1053 1155 1155 suis
1178 1054 1223 1125 de
1244 1053 1448 1125 Lombardia
1471 1052 1637 1124 hostiliter
1660 1052 1796 1123 iverunt
1812 1073 1917 1146 super
1930 1053 2052 1126 Nova-

634 1170 782 1262 rienses;
799 1181 833 1244 et
846 1173 1029 1268 Papienses
1045 1197 1125 1247 cum
1142 1199 1261 1250 eornm
1278 1179 1405 1249 carotio
1418 1187 1452 1249 et
1464 1177 1538 1248 suis
1552 1175 1671 1246 amicis
1685 1176 1781 1247 ibant
1797 1177 1831 1246 in
1847 1199 2051 1248 succursum

634 1295 794 1368 Novarie.
817 1296 860 1368 Et
885 1309 1068 1392 antequem
1092 1309 1253 1392 guastum
1275 1299 1379 1388 lierit,
1401 1299 1598 1372 concordati
1622 1307 1704 1370 suut
1723 1299 1949 1374 Novarienses
1970 1323 2049 1372 eum

634 1417 949 1494 Mediolanensibus
962 1423 1054 1495 bono
1067 1423 1190 1512 modo,
1209 1435 1243 1496 et
1260 1425 1405 1519 quilibet
1420 1445 1581 1496 reversus
1596 1431 1649 1494 est
1664 1423 1709 1494 ad
1722 1423 1872 1518 propria.

683 1544 732 1614 De
745 1565 862 1616 mense
872 1546 962 1638 junii
976 1557 1049 1618 orta
1069 1569 1193 1641 magna
1211 1547 1383 1620 discordia
1406 1549 1441 1619 in
1466 1547 1631 1618 Bononia.
1649 1546 1731 1617 Pars
1747 1546 1792 1618 de
1806 1547 2050 1618 Lambertaciis

632 1667 780 1760 expulsa
798 1679 850 1740 est
874 1669 919 1742 de
938 1671 1077 1742 civitate
1099 1684 1133 1742 et
1153 1672 1292 1743 luerunt
1307 1693 1451 1744 numero
1467 1673 1546 1766 plus
1570 1671 1637 1742 Xlll
1654 1683 1689 1742 et
1707 1670 1924 1742 reduxerunt
1947 1693 1986 1742 se
2003 1671 2049 1743 ad

632 1801 780 1862 castrum
801 1794 915 1864 Sancti
932 1795 1019 1866 Petri
1042 1806 1076 1865 et
1095 1795 1140 1866 ad
1155 1795 1312 1866 Ymolam
1329 1805 1363 1867 et
1378 1795 1554 1867 Faentiam
1567 1806 1601 1866 et
1624 1815 1684 1888 per
1700 1803 1811 1865 castra
1827 1795 2048 1889 episcopatus

630 1915 785 1988 Bononia
809 1917 1000 2008 gueriando
1025 1919 1169 1990 civitati.
1190 1919 1232 1990 Et
1249 1921 1336 1991 bene
1352 1929 1451 1990 sexta
1472 1939 1552 2014 pars
1572 1918 1724 1990 Bononia
1746 1918 1925 1988 combusta
1944 1927 2049 2020 estet

443 2061 472 2089 ⁰·
525 2059 595 2096 νιτεο.
628 2037 783 2108 studium
803 2060 897 2111 reces
919 2043 924 2127 Ι
946 2039 991 2112 sil
1009 2039 1054 2112 de
1073 2041 1226 2114 Bonoma
1243 2051 1278 2112 et
1292 2041 1409 2113 relicto
1424 2055 1536 2114 castro
1553 2039 1588 2110 in
1602 2039 1754 2112 Bnnonie
1771 2038 1821 2134 (a)
1837 2059 1875 2110 se
1893 2039 2047 2111 reduxe-

628 2171 720 2232 runt.
749 2163 802 2233 De
821 2162 945 2235 eodem
968 2185 1085 2236 mense
1114 2164 1267 2236 marchio
1292 2165 1515 2236 Montislerati
1540 2164 1661 2235 habuit
1690 2172 1840 2236 castrum
1863 2162 2045 2236 Olzimiani

627 2307 689 2379 per
709 2285 795 2376 vim,
815 2297 849 2357 et
873 2286 917 2358 de
932 2285 1054 2359 eodem
1074 2309 1193 2360 mense
1220 2299 1300 2360 cum
1322 2287 1528 2361 Astensibns
1551 2287 1743 2359 exereitum
1759 2289 1914 2359 lecerunt
1938 2308 2046 2381 snper

625 2407 749 2480 Albam
772 2409 991 2482 devastantes
1009 2411 1134 2506 ipsam.
1156 2413 1206 2483 De
1229 2433 1345 2485 mense
1364 2412 1571 2506 septembris
1591 2411 1825 2483 Bononienses
1843 2411 2044 2483 convocatis

623 2533 743 2603 uminis
766 2535 839 2604 suis
856 2533 900 2606 de
916 2534 1140 2626 Lombardia,
1161 2534 1207 2606 de
1223 2535 1346 2605 Tuscia
1367 2545 1401 2605 et
1422 2534 1467 2606 de
1490 2535 1642 2606 lllarcbia
1666 2535 1860 2606 exercitum
1887 2536 2044 2606 lecerunt

619 2655 722 2746 juxta
731 2657 905 2728 leentiam
918 2659 978 2729 ubi
992 2657 1223 2730 bononienses
1231 2657 1414 2729 extrinseci
1427 2667 1524 2729 erant
1534 2657 1666 2730 reducti
1679 2657 1899 2729 devastantes
1914 2657 2040 2752 ipsam,

621 2789 656 2852 ct
672 2801 788 2852 comes
803 2781 916 2856 Guido
932 2783 977 2856 de
990 2783 1204 2856 Montelcllro
1225 2793 1260 2853 et
1275 2803 1391 2855 comes
1408 2783 1522 2854 Guido
1538 2783 1702 2854 Novellus
1719 2805 1798 2854 eum
1815 2781 1984 2854 Gibelinis
2008 2801 2042 2856 et

620 2925 738 2976 eorum
758 2905 879 2976 amicis
893 2915 992 2976 erant
1006 2927 1085 2976 oum
1110 2925 1236 2998 magno
1252 2905 1408 2976 exercitu
1426 2899 1621 2978 incivitate
1638 2915 1674 2978 et
1693 2915 1793 2978 extra
1818 2904 1957 2977 obviam
1974 2906 2038 2977 eis.

668 3029 797 3100 Eodem
815 3041 968 3123 tempore
991 3029 1096 3124 paulo
1115 3039 1195 3100 ante
1216 3027 1458 3101 ambaxateres
1482 3029 1666 3101 Grecorum
1685 3028 1802 3122 magni
1819 3039 1855 3100 et
1867 3028 2062 3122 sapientes·

619 3151 756 3224 litterati
773 3153 910 3224 iverunt
931 3153 974 3224 ad
995 3154 1124 3225 curiam
1145 3152 1275 3226 domini
1296 3175 1384 3248 pape
1402 3154 1436 3224 in
1456 3153 1636 3248 legndinc
1656 3151 1703 3226 ad
1726 3151 1973 3246 inquirendum
1994 3151 2038 3224 de

618 3276 815 3350 conditione
839 3277 992 3349 Ecclesie
1017 3277 1184 3368 Romane,
1212 3287 1386 3371 portantes
1410 3277 1458 3348 ibi
1484 3277 1619 3349 tabulas
1642 3287 1827 3370 argenteas
1850 3277 2038 3368 inquibus

617 3399 782 3494 scriptum
808 3411 860 3472 est
879 3401 1010 3494 antiqui
1027 3398 1240 3498 cujusldam]
1258 3399 1360 3473 credo
1381 3401 1417 3471 in
1434 3403 1544 3472 Deum
1564 3411 1599 3473 et
1618 3401 1826 3472 invenerunt
1848 3399 2036 3471 Ecclesiam

616 3523 803 3594 Romanam
833 3523 869 3594 in
891 3524 949 3596 illo
972 3523 1075 3597 credo
1094 3525 1129 3595 in
1147 3527 1256 3596 [lenm
1279 3543 1428 3614 errasse,
1447 3524 1537 3595 sicut
1555 3523 1682 3595 dicitur
1703 3533 1738 3593 et
1761 3523 1854 3594 sicut
1870 3521 2036 3616 scriplum

617 3657 687 3734 est,
708 3647 743 3717 in
761 3647 871 3718 tribus
887 3647 1057 3740 capitulis.
1081 3649 1207 3720 Tamen
1233 3648 1434 3743 pollicentes
1450 3669 1513 3742 pro
1527 3647 1733 3742 imperatore
1748 3647 1935 3719 Grecorum
1952 3644 2036 3716 dare

615 3793 818 3844 succursum
833 3773 935 3844 Terre
950 3773 1090 3864 Sancte,
1109 3774 1240 3845 acurio
1257 3793 1295 3844 ee
1311 3771 1520 3845 diviserunt.

664 3896 713 3966 lle
731 3917 846 3968 mense
861 3897 1058 3969 novembris
1072 3918 1164 3969 nono
1179 3897 1327 3968 intrante
1341 3896 1433 3968 dicto
1452 3917 1584 3986 mense,
1602 3894 1709 3967 DCCC
1726 3893 1853 3966 milites
1868 3894 2034 3988 Spagnoli

615 4017 743 4111 optime
758 4019 907 4111 guarniti
925 4021 1085 4093 debonis
1102 4021 1202 4114 equis
1218 4031 1253 4092 et
1269 4023 1373 4092 armis
1387 4021 1629 4116 applicuerunt
1646 4021 1793 4092 lanuam
1806 4028 1841 4091 et
1857 4018 1902 4090 de
1916 4039 2036 4090 mense

614 4143 805 4214 decembris
832 4153 1002 4215 venerunt
1033 4143 1171 4238 Papiam
1201 4145 1260 4214 ubi
1290 4145 1476 4218 honorilice
1502 4167 1524 4216 a
1552 4144 1681 4240 populo
1708 4144 1837 4238 recepti
1862 4151 1958 4214 sunt.
1985 4145 2035 4214 De

614 4285 733 4336 mense
742 4266 892 4356 januarii
910 4267 1094 4362 Papienses
1114 4269 1555 4360 communitorjuraverunt
1569 4267 1768 4342 fidelitatem
1791 4265 1935 4340 domino
1961 4267 2034 4358 regi

613 4389 744 4461 Castele
767 4399 930 4482 tanquam
951 4391 1025 4484 regi
1048 4393 1278 4464 Romanorum
1297 4402 1331 4465 et
1352 4392 1397 4466 de
1416 4391 1539 4466 eodem
1559 4411 1677 4464 mense
1691 4389 1922 4464 Novarienses
1937 4390 2033 4480 jura·

612 4523 737 4583 verunt
758 4513 914 4586 similitor
940 4515 1139 4588 fidelitatem
1164 4516 1228 4588 isto
1252 4515 1393 4590 domino
1415 4517 1488 4612 regi
1507 4527 1541 4592 et
1556 4517 1720 4590 Astenses
1739 4513 1897 4587 similiter
1922 4524 1957 4587 et
1974 4515 2030 4585 Ja-

511 4811 519 4824 ·
653 4780 697 4862 (a)
718 4783 768 4845 Sic
776 4828 786 4860 ,
802 4785 999 4848 vcrlsimlllter
1012 4788 1167 4867 legendum
1181 4789 1213 4849 in
1226 4789 1361 4852 Feralia.
