4568 6064
790 665 831 724 tlt
851 663 990 726 tracta
1013 665 1167 730 casile
1623 661 1683 724 att

270 809 456 898 pensantes
469 807 637 894 quantum
654 797 780 893 quietis
791 809 826 872 et
842 801 1082 895 tranquilitatis
1097 809 1132 873 et
1147 801 1243 897 pacis
1254 820 1300 872 ex
1314 806 1429 872 nostra
1442 797 1685 871 sublimatione

271 927 460 1002 universali
486 925 652 999 catholice
687 922 768 998 fidei
800 927 924 1020 poterit
953 928 1158 1022 provenire,
1189 925 1353 1000 altissimo
1379 913 1528 996 Creatori
1556 921 1685 996 hostias

271 1051 459 1146 placabiles
475 1051 655 1122 afferentes
671 1058 740 1120 tam
759 1048 892 1122 debitas
908 1071 1012 1144 quam
1031 1071 1200 1142 congruas
1217 1049 1419 1146 persolvatis
1436 1047 1532 1144 quod
1547 1067 1685 1120 sacrum

269 1175 454 1268 imperium
486 1175 532 1246 ob
561 1183 699 1268 peecata
727 1183 762 1246 et
784 1174 1074 1266 transgressiones
1099 1174 1280 1248 hominum
1306 1175 1501 1269 permulta
1532 1181 1686 1264 tempora

270 1297 378 1372 debiti
397 1299 539 1372 rectoris
555 1299 683 1371 solacio
704 1298 907 1371 destitutum
925 1299 962 1370 in
977 1296 1060 1370 fidei
1078 1301 1244 1373 catholice
1263 1299 1505 1395 obprobrium,
1527 1296 1564 1367 in
1584 1297 1685 1371 exul·

270 1423 436 1496 tationem
463 1431 499 1494 et
524 1421 691 1516 gaudium
720 1421 900 1516 gentilium
928 1431 963 1496 et
993 1425 1226 1516 quorumdam
1251 1421 1481 1518 perfidorum,
1509 1421 1546 1492 in
1570 1429 1687 1493 nostra

271 1570 418 1643 persona
445 1548 525 1620 licet
550 1549 719 1620 immerita
742 1546 884 1620 duxerit
906 1547 1172 1622 misericorditer
1194 1547 1470 1636 reformandum
1496 1555 1589 1620 certo
1614 1567 1688 1618 oer-

269 1673 340 1744 tins
375 1673 544 1746 habentes
575 1672 671 1768 quod
702 1683 952 1746 sacrosanctam
978 1675 1167 1746 Romanam
1193 1673 1380 1745 Ecclesiam
1408 1694 1543 1768 semper
1570 1671 1688 1744 inten-

271 1795 390 1870 dimus
409 1795 581 1868 honorere
598 1796 706 1869 veluti
723 1795 815 1870 filius
833 1796 1077 1870 devotissimus
1097 1797 1190 1892 piam
1205 1805 1369 1887 matrem,
1394 1795 1595 1868 uuiversum
1617 1795 1686 1866 cle·

271 1941 349 1990 rum
369 1929 562 2015 protegere,
581 1919 708 1992 viduas
723 1930 758 1994 et
770 1921 908 1994 orlauos
924 1931 960 1993 et
977 1922 1128 2016 pupillos
1140 1929 1177 1992 et
1191 1919 1277 1992 alias
1294 1940 1459 2015 personas
1477 1919 1687 1991 miserabiles

272 2027 482 2134 delieneare,
502 2063 693 2140 pacemque
713 2043 897 2140 disponere
919 2045 1053 2117 cunctis
1076 2044 1336 2136 subjacentibus
1351 2045 1505 2116 llomeuo
1527 2042 1683 2137 imperio,

271 2165 430 2239 hostibus
457 2165 540 2240 fidei
565 2189 629 2240 nos
657 2190 795 2240 murum
821 2189 994 2264 opponere
1014 2179 1049 2241 et
1069 2169 1105 2240 in
1131 2167 1293 2240 omnibus
1316 2191 1377 2263 per
1401 2167 1519 2240 omnia
1544 2167 1688 2238 sanctis·

271 2288 351 2362 simi
377 2290 414 2360 in
444 2290 578 2362 Christo
606 2291 713 2385 patris
742 2313 784 2364 ac
811 2290 941 2366 domini
971 2291 1124 2387 Gregorii
1153 2292 1273 2366 divina
1303 2291 1530 2365 Providencia
1561 2291 1688 2364 summi

272 2413 447 2508 pontificis
463 2415 679 2508 jhssionibus
705 2417 877 2512 vobisque
904 2418 1074 2490 universis
1099 2428 1134 2492 et
1158 2417 1303 2512 singulis
1323 2418 1548 2511 complacere.
1574 2415 1688 2488 Preci-

272 2539 346 2636 piat
361 2539 467 2632 igitur
486 2549 584 2632 pater
601 2539 838 2626 sanctissimus
858 2541 958 2612 nobis
974 2541 1044 2614 lilio
1064 2563 1128 2614 suo
1150 2541 1373 2616 devotissimo
1394 2539 1570 2634 vestrique
1592 2549 1689 2612 cetus

271 2661 464 2734 reverenda
489 2661 704 2736 universitas
735 2662 836 2736 nobis
861 2664 1020 2757 injungat
1045 2665 1181 2758 aliquid
1208 2666 1331 2738 horum
1365 2665 1477 2738 lacere
1511 2685 1581 2759 que
1610 2685 1691 2736 ves·

271 2793 364 2856 trum
381 2785 604 2860 commodum
621 2794 656 2860 et
670 2786 835 2860 honorem
851 2783 1076 2887 [respiciant].
1091 2789 1181 2862 Dece
1196 2790 1288 2861 enim
1302 2788 1413 2884 parati
1432 2809 1552 2860 snmus
1566 2788 1690 2881 jugum

271 2931 382 2982 suave
396 2910 533 2983 Domini
548 2921 584 2984 et
600 2908 751 3006 onusla)
765 2911 865 2984 nobis
877 2911 1091 2986 levissimum
1106 2913 1186 2986 licet
1200 2913 1236 2983 in
1255 2933 1293 2984 se
1311 2911 1543 2984 difficilimum
1561 2911 1690 2984 substi-

271 3055 369 3106 nere.
391 3035 502 3128 Super
520 3034 589 3106 hiis
605 3037 723 3130 itaque
744 3034 979 3110 honorabilem
998 3038 1112 3109 virum
1129 3037 1170 3108 Ο.
1196 3037 1305 3109 sancti
1333 3032 1501 3118 Gnidonis
1520 3035 1691 3129 Spirensis

271 3157 484 3252 prepositum
504 3167 659 3232 nostrum
675 3160 898 3232 secretarium
916 3169 951 3232 et
969 3161 1145 3232 conscium
1161 3161 1285 3232 mentis
1310 3170 1442 3248 nostre,
1460 3159 1690 3262 oanzelerium

271 3290 387 3352 nostre
405 3281 519 3372 curie,
538 3281 638 3354 vobis
655 3281 823 3354 duximus
850 3281 1096 3356 destinandum
1117 3284 1175 3356 eui
1198 3283 1234 3354 iu
1262 3283 1424 3356 omnibus
1445 3305 1515 3378 que
1533 3282 1631 3356 vobis
1648 3304 1690 3356 ex

272 3413 388 3476 nostra
409 3413 507 3498 parte
531 3405 685 3477 retulerit
707 3405 884 3502 adhybere
908 3407 1098 3500 dignemini
1129 3409 1264 3514 plenam
1287 3406 1404 3479 iidem.
1429 3408 1553 3480 Datum
1573 3407 1691 3496 Daca-

271 3549 356 3600 num
372 3527 440 3622 (b),
457 3529 504 3602 Xl
523 3528 691 3602 kalendas
703 3530 867 3622 januarii,
888 3531 987 3625 regni
1005 3533 1110 3604 nostri
1130 3553 1222 3606 anno
1238 3531 1394 3628 primo.»

321 3653 489 3725 Dominus
512 3675 602 3750 papa
628 3653 672 3726 de
692 3655 869 3728 voluntate
887 3655 1117 3730 cardinalium
1136 3657 1171 3728 in
1196 3656 1336 3728 civitate
1360 3654 1521 3750 Lugduni
1545 3656 1691 3730 electio-

271 3797 352 3847 nem
369 3777 494 3848 lactam
514 3777 559 3850 de
573 3777 728 3873 predicto
747 3779 886 3852 domino
902 3803 985 3876 rege
998 3781 1147 3856 Rodnllo
1162 3781 1301 3877 publico
1320 3800 1411 3853 nono
1428 3780 1576 3854 intrante
1590 3783 1690 3874 junio

268 3898 490 3974 confirmavit
507 3911 542 3975 et
561 3902 781 3997 approbavit.

321 4023 384 4096 Die
399 4025 537 4098 veneris
559 4025 702 4098 xxvlll
718 4028 846 4100 mensis
871 4029 989 4124 aprilis
1007 4029 1057 4102 CC
1080 4029 1203 4102 milites
1224 4029 1354 4103 domini
1380 4029 1471 4124 regis
1488 4028 1633 4102 Castelle
1653 4030 1690 4100 in

270 4139 439 4218 succursu
464 4149 672 4222 marchionis
700 4149 925 4226 Montislerati
947 4154 1190 4250 applicuerunt
1212 4155 1372 4226 Januem.
1398 4154 1532 4226 Deinde
1553 4154 1691 4228 iverunt

271 4268 319 4340 ad
335 4271 565 4344 marchionem
580 4272 774 4366 predictum
791 4285 825 4350 et
840 4277 979 4350 videtur
996 4277 1091 4374 quod
1110 4278 1272 4351 domiuus
1296 4300 1359 4351 rex
1380 4275 1524 4349 Castelle
1542 4278 1639 4350 vellit
1651 4298 1690 4350 se

269 4391 495 4467 intromittere
509 4394 555 4468 de
570 4397 715 4491 imperio
731 4409 766 4470 et
790 4401 997 4474 contendere
1018 4414 1135 4476 eontra
1156 4402 1350 4498 predictum
1369 4423 1486 4494 regem
1503 4399 1689 4474 Rodullnm

267 4523 305 4588 et
318 4515 463 4611 quilibet
487 4519 641 4613 ipsorum
666 4543 705 4592 se
727 4524 877 4616 appellat
898 4547 1015 4620 regem
1036 4526 1287 4618 Romanorum3
1308 4525 1431 4618 etjam
1452 4547 1560 4600 naves
1582 4527 1690 4600 multe

310 4679 349 4759 (a)
371 4681 408 4742 In
422 4683 520 4744 codloc
533 4690 562 4746 et
580 4685 670 4766 opus.

312 4784 353 4866 (d)
376 4786 581 4852 Verblmlliter
594 4809 648 4870 pro
659 4793 823 4876 Hapeaam,
841 4795 1015 4876 Hagnouau.
