<?xml version="1.0" encoding="UTF-8"?>
<!DOCTYPE html PUBLIC "-//W3C//DTD XHTML 1.0 Transitional//EN"
    "http://www.w3.org/TR/xhtml1/DTD/xhtml1-transitional.dtd">
<html xmlns="http://www.w3.org/1999/xhtml" xml:lang="en" lang="en">
 <head>
  <title>
</title>
<meta http-equiv="Content-Type" content="text/html;charset=utf-8" />
  <meta name='ocr-system' content='tesseract 3.04.00' />
  <meta name='ocr-capabilities' content='ocr_page ocr_carea ocr_par ocr_line ocrx_word'/>
</head>
<body>
  <div class='ocr_page' id='page_1' title='image "./chroniconplacen00huilgoog_0124.png"; bbox 0 0 4534 6074; ppageno 0'>
   <div class='ocr_carea' id='block_1_1' title="bbox 683 598 1680 666">
    <p class='ocr_par' dir='ltr' id='par_1_1' title="bbox 683 598 1680 666">
     <span class='ocr_line' id='line_1_1' title="bbox 683 598 1680 666; baseline -0.005 0"><span class='ocrx_word' id='word_1_1' title='bbox 683 603 924 666; x_wconf 80' lang='lat' dir='ltr'>CllllONlGON</span> <span class='ocrx_word' id='word_1_2' title='bbox 948 602 1249 664; x_wconf 72' lang='lat' dir='ltr'>Placentinum</span> <span class='ocrx_word' id='word_1_3' title='bbox 1639 598 1680 661; x_wconf 79' lang='lat'>63</span> 
     </span>
    </p>
   </div>
   <div class='ocr_carea' id='block_1_2' title="bbox 258 734 1686 3780">
    <p class='ocr_par' dir='ltr' id='par_1_2' title="bbox 258 734 1686 2293">
     <span class='ocr_line' id='line_1_2' title="bbox 258 734 1681 836; baseline -0.004 -24"><span class='ocrx_word' id='word_1_4' title='bbox 258 739 497 820; x_wconf 67' lang='lat' dir='ltr'>indubitanter</span> <span class='ocrx_word' id='word_1_5' title='bbox 509 749 673 836; x_wconf 87' lang='lat' dir='ltr'>putamus</span> <span class='ocrx_word' id='word_1_6' title='bbox 697 740 846 836; x_wconf 89' lang='lat' dir='ltr'>qualiter</span> <span class='ocrx_word' id='word_1_7' title='bbox 864 760 950 834; x_wconf 84' lang='lat' dir='ltr'>gens</span> <span class='ocrx_word' id='word_1_8' title='bbox 967 738 1193 812; x_wconf 89' lang='lat' dir='ltr'>transmarina</span> <span class='ocrx_word' id='word_1_9' title='bbox 1212 756 1274 832; x_wconf 87' lang='lat' dir='ltr'>pro</span> <span class='ocrx_word' id='word_1_10' title='bbox 1288 734 1482 808; x_wconf 89' lang='lat' dir='ltr'>animarum</span> <span class='ocrx_word' id='word_1_11' title='bbox 1500 757 1617 808; x_wconf 92' lang='lat' dir='ltr'>eorum</span> <span class='ocrx_word' id='word_1_12' title='bbox 1632 735 1681 831; x_wconf 86' lang='lat' dir='ltr'>(a)</span> 
     </span>
     <span class='ocr_line' id='line_1_3' title="bbox 258 857 1682 960; baseline -0.004 -24"><span class='ocrx_word' id='word_1_13' title='bbox 258 863 512 960; x_wconf 80' lang='lat' dir='ltr'>redemptione,</span> <span class='ocrx_word' id='word_1_14' title='bbox 529 884 594 959; x_wconf 88' lang='lat' dir='ltr'>pro</span> <span class='ocrx_word' id='word_1_15' title='bbox 603 865 707 936; x_wconf 88' lang='lat' dir='ltr'>Terra</span> <span class='ocrx_word' id='word_1_16' title='bbox 721 865 844 936; x_wconf 90' lang='lat' dir='ltr'>Sancta</span> <span class='ocrx_word' id='word_1_17' title='bbox 862 861 1085 934; x_wconf 89' lang='lat' dir='ltr'>ultramarina</span> <span class='ocrx_word' id='word_1_18' title='bbox 1098 882 1119 932; x_wconf 87' lang='lat' dir='ltr'>a</span> <span class='ocrx_word' id='word_1_19' title='bbox 1133 859 1293 932; x_wconf 89' lang='lat' dir='ltr'>manibus</span> <span class='ocrx_word' id='word_1_20' title='bbox 1311 867 1429 930; x_wconf 89' lang='lat' dir='ltr'>sancte</span> <span class='ocrx_word' id='word_1_21' title='bbox 1442 859 1555 931; x_wconf 90' lang='lat' dir='ltr'>crucis</span> <span class='ocrx_word' id='word_1_22' title='bbox 1569 857 1682 930; x_wconf 93' lang='lat' dir='ltr'>inimi·</span> 
     </span>
     <span class='ocr_line' id='line_1_4' title="bbox 259 981 1682 1077; baseline -0.003 -19"><span class='ocrx_word' id='word_1_23' title='bbox 259 1007 380 1058; x_wconf 91' lang='lat' dir='ltr'>corum</span> <span class='ocrx_word' id='word_1_24' title='bbox 409 986 580 1077; x_wconf 87' lang='lat' dir='ltr'>liberare,</span> <span class='ocrx_word' id='word_1_25' title='bbox 611 984 800 1059; x_wconf 80' lang='lat' dir='ltr'>defendere</span> <span class='ocrx_word' id='word_1_26' title='bbox 828 1006 870 1056; x_wconf 88' lang='lat' dir='ltr'>ac</span> <span class='ocrx_word' id='word_1_27' title='bbox 901 992 1141 1072; x_wconf 89' lang='lat' dir='ltr'>manutenere,</span> <span class='ocrx_word' id='word_1_28' title='bbox 1172 982 1290 1054; x_wconf 89' lang='lat' dir='ltr'>multis</span> <span class='ocrx_word' id='word_1_29' title='bbox 1318 981 1479 1076; x_wconf 89' lang='lat' dir='ltr'>periculis</span> <span class='ocrx_word' id='word_1_30' title='bbox 1506 982 1682 1076; x_wconf 88' lang='lat' dir='ltr'>variisque</span> 
     </span>
     <span class='ocr_line' id='line_1_5' title="bbox 259 1105 1682 1206; baseline -0.002 -25"><span class='ocrx_word' id='word_1_31' title='bbox 259 1109 440 1184; x_wconf 82' lang='lat' dir='ltr'>laboribus</span> <span class='ocrx_word' id='word_1_32' title='bbox 453 1119 536 1183; x_wconf 86' lang='lat' dir='ltr'>sunt</span> <span class='ocrx_word' id='word_1_33' title='bbox 548 1109 687 1183; x_wconf 89' lang='lat' dir='ltr'>astructi</span> <span class='ocrx_word' id='word_1_34' title='bbox 704 1108 752 1206; x_wconf 81' lang='lat' dir='ltr'>(l)</span> <span class='ocrx_word' id='word_1_35' title='bbox 765 1108 1027 1205; x_wconf 88' lang='lat' dir='ltr'>plurimumque</span> <span class='ocrx_word' id='word_1_36' title='bbox 1043 1106 1188 1201; x_wconf 78' lang='lat' dir='ltr'>fatigati.</span> <span class='ocrx_word' id='word_1_37' title='bbox 1202 1108 1358 1200; x_wconf 86' lang='lat' dir='ltr'>Cumque</span> <span class='ocrx_word' id='word_1_38' title='bbox 1373 1106 1410 1176; x_wconf 93' lang='lat' dir='ltr'>in</span> <span class='ocrx_word' id='word_1_39' title='bbox 1427 1107 1600 1202; x_wconf 89' lang='lat' dir='ltr'>presentia</span> <span class='ocrx_word' id='word_1_40' title='bbox 1617 1105 1682 1178; x_wconf 93' lang='lat' dir='ltr'>bo·</span> 
     </span>
     <span class='ocr_line' id='line_1_6' title="bbox 260 1229 1684 1328; baseline -0.001 -24"><span class='ocrx_word' id='word_1_41' title='bbox 260 1256 337 1305; x_wconf 89' lang='lat' dir='ltr'>mm</span> <span class='ocrx_word' id='word_1_42' title='bbox 356 1255 420 1306; x_wconf 90' lang='lat' dir='ltr'>rex</span> <span class='ocrx_word' id='word_1_43' title='bbox 434 1234 727 1307; x_wconf 88' lang='lat' dir='ltr'>lerosolimitanus</span> <span class='ocrx_word' id='word_1_44' title='bbox 743 1233 798 1304; x_wconf 92' lang='lat' dir='ltr'>vir</span> <span class='ocrx_word' id='word_1_45' title='bbox 814 1233 992 1328; x_wconf 80' lang='lat' dir='ltr'>egregius,</span> <span class='ocrx_word' id='word_1_46' title='bbox 1011 1253 1069 1304; x_wconf 90' lang='lat' dir='ltr'>ma</span> <span class='ocrx_word' id='word_1_47' title='bbox 1090 1229 1097 1326; x_wconf 88' lang='grc' dir='ltr'>Ι</span> <span class='ocrx_word' id='word_1_48' title='bbox 1119 1253 1187 1324; x_wconf 79' lang='lat' dir='ltr'>gne</span> <span class='ocrx_word' id='word_1_49' title='bbox 1204 1229 1287 1303; x_wconf 87' lang='lat' dir='ltr'>tidoi</span> <span class='ocrx_word' id='word_1_50' title='bbox 1306 1238 1341 1302; x_wconf 88' lang='lat' dir='ltr'>et</span> <span class='ocrx_word' id='word_1_51' title='bbox 1354 1230 1584 1322; x_wconf 84' lang='lat' dir='ltr'>discretionis,</span> <span class='ocrx_word' id='word_1_52' title='bbox 1600 1253 1684 1325; x_wconf 90' lang='lat' dir='ltr'>pro-</span> 
     </span>
     <span class='ocr_line' id='line_1_7' title="bbox 261 1354 1685 1450; baseline 0.001 -24"><span class='ocrx_word' id='word_1_53' title='bbox 261 1354 367 1428; x_wconf 85' lang='lat' dir='ltr'>vidus</span> <span class='ocrx_word' id='word_1_54' title='bbox 394 1367 430 1429; x_wconf 92' lang='lat' dir='ltr'>et</span> <span class='ocrx_word' id='word_1_55' title='bbox 447 1356 617 1431; x_wconf 90' lang='lat' dir='ltr'>discretus</span> <span class='ocrx_word' id='word_1_56' title='bbox 642 1365 748 1450; x_wconf 81' lang='lat' dir='ltr'>atque</span> <span class='ocrx_word' id='word_1_57' title='bbox 776 1357 872 1430; x_wconf 90' lang='lat' dir='ltr'>urbis</span> <span class='ocrx_word' id='word_1_58' title='bbox 898 1357 1051 1428; x_wconf 84' lang='lat' dir='ltr'>Romane</span> <span class='ocrx_word' id='word_1_59' title='bbox 1075 1354 1259 1428; x_wconf 88' lang='lat' dir='ltr'>cardinalis</span> <span class='ocrx_word' id='word_1_60' title='bbox 1284 1355 1414 1426; x_wconf 83' lang='lat' dir='ltr'>eximie</span> <span class='ocrx_word' id='word_1_61' title='bbox 1435 1354 1625 1427; x_wconf 85' lang='lat' dir='ltr'>nobilitatis</span> <span class='ocrx_word' id='word_1_62' title='bbox 1649 1363 1685 1428; x_wconf 88' lang='lat' dir='ltr'>et</span> 
     </span>
     <span class='ocr_line' id='line_1_8' title="bbox 260 1478 1685 1576; baseline 0.001 -27"><span class='ocrx_word' id='word_1_63' title='bbox 260 1478 447 1576; x_wconf 87' lang='lat' dir='ltr'>prudentie</span> <span class='ocrx_word' id='word_1_64' title='bbox 466 1503 546 1553; x_wconf 90' lang='lat' dir='ltr'>oum</span> <span class='ocrx_word' id='word_1_65' title='bbox 568 1480 645 1552; x_wconf 88' lang='lat' dir='ltr'>aliis</span> <span class='ocrx_word' id='word_1_66' title='bbox 662 1480 747 1552; x_wconf 88' lang='lat' dir='ltr'>viris</span> <span class='ocrx_word' id='word_1_67' title='bbox 762 1479 938 1552; x_wconf 90' lang='lat' dir='ltr'>nobilibus</span> <span class='ocrx_word' id='word_1_68' title='bbox 961 1489 996 1551; x_wconf 91' lang='lat' dir='ltr'>et</span> <span class='ocrx_word' id='word_1_69' title='bbox 1017 1479 1218 1574; x_wconf 89' lang='lat' dir='ltr'>potentibus</span> <span class='ocrx_word' id='word_1_70' title='bbox 1240 1486 1344 1572; x_wconf 88' lang='lat' dir='ltr'>atque</span> <span class='ocrx_word' id='word_1_71' title='bbox 1361 1500 1441 1550; x_wconf 91' lang='lat' dir='ltr'>cum</span> <span class='ocrx_word' id='word_1_72' title='bbox 1465 1478 1558 1550; x_wconf 92' lang='lat' dir='ltr'>omni</span> <span class='ocrx_word' id='word_1_73' title='bbox 1577 1499 1685 1550; x_wconf 88' lang='lat' dir='ltr'>exer-</span> 
     </span>
     <span class='ocr_line' id='line_1_9' title="bbox 262 1601 1685 1698; baseline 0 -24"><span class='ocrx_word' id='word_1_74' title='bbox 262 1603 332 1675; x_wconf 91' lang='lat' dir='ltr'>citu</span> <span class='ocrx_word' id='word_1_75' title='bbox 349 1603 616 1678; x_wconf 88' lang='lat' dir='ltr'>christianorum</span> <span class='ocrx_word' id='word_1_76' title='bbox 636 1604 697 1698; x_wconf 92' lang='lat' dir='ltr'>qui</span> <span class='ocrx_word' id='word_1_77' title='bbox 722 1603 758 1674; x_wconf 93' lang='lat' dir='ltr'>in</span> <span class='ocrx_word' id='word_1_78' title='bbox 775 1603 908 1676; x_wconf 87' lang='lat' dir='ltr'>auxilio</span> <span class='ocrx_word' id='word_1_79' title='bbox 932 1603 1057 1674; x_wconf 87' lang='lat' dir='ltr'>Sancte</span> <span class='ocrx_word' id='word_1_80' title='bbox 1082 1603 1185 1674; x_wconf 89' lang='lat' dir='ltr'>Terre</span> <span class='ocrx_word' id='word_1_81' title='bbox 1212 1601 1507 1696; x_wconf 86' lang='lat' dir='ltr'>proficiscebatur,</span> <span class='ocrx_word' id='word_1_82' title='bbox 1529 1601 1565 1672; x_wconf 89' lang='lat' dir='ltr'>in</span> <span class='ocrx_word' id='word_1_83' title='bbox 1586 1601 1685 1674; x_wconf 93' lang='lat' dir='ltr'>obsi·</span> 
     </span>
     <span class='ocr_line' id='line_1_10' title="bbox 263 1725 1684 1822; baseline -0.002 -22"><span class='ocrx_word' id='word_1_84' title='bbox 263 1725 368 1800; x_wconf 90' lang='lat' dir='ltr'>dione</span> <span class='ocrx_word' id='word_1_85' title='bbox 394 1727 552 1800; x_wconf 88' lang='lat' dir='ltr'>Demiate</span> <span class='ocrx_word' id='word_1_86' title='bbox 576 1749 638 1822; x_wconf 90' lang='lat' dir='ltr'>per</span> <span class='ocrx_word' id='word_1_87' title='bbox 667 1725 757 1800; x_wconf 89' lang='lat' dir='ltr'>duos</span> <span class='ocrx_word' id='word_1_88' title='bbox 783 1749 894 1800; x_wconf 89' lang='lat' dir='ltr'>annos</span> <span class='ocrx_word' id='word_1_89' title='bbox 920 1737 955 1800; x_wconf 88' lang='lat' dir='ltr'>et</span> <span class='ocrx_word' id='word_1_90' title='bbox 984 1736 1134 1822; x_wconf 90' lang='lat' dir='ltr'>quatuor</span> <span class='ocrx_word' id='word_1_91' title='bbox 1161 1747 1297 1798; x_wconf 89' lang='lat' dir='ltr'>menses</span> <span class='ocrx_word' id='word_1_92' title='bbox 1326 1727 1520 1816; x_wconf 86' lang='lat' dir='ltr'>stetissent,</span> <span class='ocrx_word' id='word_1_93' title='bbox 1550 1727 1684 1800; x_wconf 86' lang='lat' dir='ltr'>auxilio</span> 
     </span>
     <span class='ocr_line' id='line_1_11' title="bbox 263 1848 1685 1942; baseline 0.003 -22"><span class='ocrx_word' id='word_1_94' title='bbox 263 1848 400 1922; x_wconf 87' lang='lat' dir='ltr'>Domini</span> <span class='ocrx_word' id='word_1_95' title='bbox 419 1849 532 1922; x_wconf 89' lang='lat' dir='ltr'>Nostri</span> <span class='ocrx_word' id='word_1_96' title='bbox 549 1849 655 1924; x_wconf 87' lang='lat' dir='ltr'>lbesu</span> <span class='ocrx_word' id='word_1_97' title='bbox 674 1849 817 1941; x_wconf 89' lang='lat' dir='ltr'>Christi,</span> <span class='ocrx_word' id='word_1_98' title='bbox 837 1851 874 1922; x_wconf 90' lang='lat' dir='ltr'>in</span> <span class='ocrx_word' id='word_1_99' title='bbox 896 1851 1079 1924; x_wconf 85' lang='lat' dir='ltr'>millesimo</span> <span class='ocrx_word' id='word_1_100' title='bbox 1102 1849 1340 1922; x_wconf 89' lang='lat' dir='ltr'>ducentesimo</span> <span class='ocrx_word' id='word_1_101' title='bbox 1355 1850 1490 1924; x_wconf 88' lang='lat' dir='ltr'>decimo</span> <span class='ocrx_word' id='word_1_102' title='bbox 1514 1872 1619 1942; x_wconf 95' lang='lat' dir='ltr'>nono,</span> <span class='ocrx_word' id='word_1_103' title='bbox 1640 1849 1685 1924; x_wconf 90' lang='lat' dir='ltr'>de</span> 
     </span>
     <span class='ocr_line' id='line_1_12' title="bbox 261 1973 1686 2070; baseline 0.002 -26"><span class='ocrx_word' id='word_1_104' title='bbox 261 1993 382 2046; x_wconf 88' lang='lat' dir='ltr'>mense</span> <span class='ocrx_word' id='word_1_105' title='bbox 400 1974 604 2046; x_wconf 84' lang='lat' dir='ltr'>novembrio</span> <span class='ocrx_word' id='word_1_106' title='bbox 622 1975 658 2044; x_wconf 93' lang='lat' dir='ltr'>in</span> <span class='ocrx_word' id='word_1_107' title='bbox 682 1975 769 2048; x_wconf 83' lang='lat' dir='ltr'>testo</span> <span class='ocrx_word' id='word_1_108' title='bbox 786 1975 880 2048; x_wconf 91' lang='lat' dir='ltr'>beati</span> <span class='ocrx_word' id='word_1_109' title='bbox 897 1975 1083 2066; x_wconf 80' lang='lat' dir='ltr'>leonardi,</span> <span class='ocrx_word' id='word_1_110' title='bbox 1101 1973 1227 2046; x_wconf 72' lang='lat' dir='ltr'>dicmur</span> <span class='ocrx_word' id='word_1_111' title='bbox 1253 1973 1428 2046; x_wconf 90' lang='lat' dir='ltr'>civitatem</span> <span class='ocrx_word' id='word_1_112' title='bbox 1445 1984 1632 2070; x_wconf 83' lang='lat' dir='ltr'>ceperunt,</span> <span class='ocrx_word' id='word_1_113' title='bbox 1651 1983 1686 2048; x_wconf 89' lang='lat' dir='ltr'>et</span> 
     </span>
     <span class='ocr_line' id='line_1_13' title="bbox 261 2094 1685 2192; baseline 0.001 -23"><span class='ocrx_word' id='word_1_114' title='bbox 261 2097 376 2192; x_wconf 86' lang='lat' dir='ltr'>ipsam</span> <span class='ocrx_word' id='word_1_115' title='bbox 395 2105 584 2170; x_wconf 83' lang='lat' dir='ltr'>etcertum</span> <span class='ocrx_word' id='word_1_116' title='bbox 598 2094 821 2192; x_wconf 87' lang='lat' dir='ltr'>homiues(t)</span> <span class='ocrx_word' id='word_1_117' title='bbox 835 2099 897 2192; x_wconf 92' lang='lat' dir='ltr'>qui</span> <span class='ocrx_word' id='word_1_118' title='bbox 916 2097 952 2170; x_wconf 94' lang='lat' dir='ltr'>in</span> <span class='ocrx_word' id='word_1_119' title='bbox 976 2119 1018 2172; x_wconf 88' lang='lat' dir='ltr'>ea</span> <span class='ocrx_word' id='word_1_120' title='bbox 1036 2097 1182 2172; x_wconf 89' lang='lat' dir='ltr'>aderant</span> <span class='ocrx_word' id='word_1_121' title='bbox 1196 2097 1334 2170; x_wconf 88' lang='lat' dir='ltr'>civitate</span> <span class='ocrx_word' id='word_1_122' title='bbox 1350 2119 1430 2172; x_wconf 88' lang='lat' dir='ltr'>cum</span> <span class='ocrx_word' id='word_1_123' title='bbox 1449 2097 1612 2171; x_wconf 91' lang='lat' dir='ltr'>omuibus</span> <span class='ocrx_word' id='word_1_124' title='bbox 1628 2098 1685 2170; x_wconf 94' lang='lat' dir='ltr'>di-</span> 
     </span>
     <span class='ocr_line' id='line_1_14' title="bbox 261 2219 749 2293; baseline -0.004 -1"><span class='ocrx_word' id='word_1_125' title='bbox 261 2221 365 2292; x_wconf 85' lang='lat' dir='ltr'>viciis</span> <span class='ocrx_word' id='word_1_126' title='bbox 377 2231 413 2292; x_wconf 92' lang='lat' dir='ltr'>et</span> <span class='ocrx_word' id='word_1_127' title='bbox 423 2221 530 2293; x_wconf 91' lang='lat' dir='ltr'>rebus</span> <span class='ocrx_word' id='word_1_128' title='bbox 540 2219 749 2292; x_wconf 91' lang='lat' dir='ltr'>habuerunt.</span> 
     </span>
    </p>

    <p class='ocr_par' dir='ltr' id='par_1_3' title="bbox 263 2342 1686 3408">
     <span class='ocr_line' id='line_1_15' title="bbox 311 2342 1685 2440; baseline 0.003 -26"><span class='ocrx_word' id='word_1_129' title='bbox 311 2343 360 2414; x_wconf 87' lang='lat' dir='ltr'>M.</span> <span class='ocrx_word' id='word_1_130' title='bbox 377 2342 441 2415; x_wconf 87' lang='lat' dir='ltr'>CC.</span> <span class='ocrx_word' id='word_1_131' title='bbox 457 2343 558 2434; x_wconf 88' lang='lat' dir='ltr'>XlX,</span> <span class='ocrx_word' id='word_1_132' title='bbox 583 2342 773 2416; x_wconf 86' lang='lat' dir='ltr'>indictione</span> <span class='ocrx_word' id='word_1_133' title='bbox 795 2364 888 2416; x_wconf 88' lang='lat' dir='ltr'>nona</span> <span class='ocrx_word' id='word_1_134' title='bbox 905 2343 972 2440; x_wconf 80' lang='lat'>(2),</span> <span class='ocrx_word' id='word_1_135' title='bbox 995 2345 1040 2418; x_wconf 92' lang='lat' dir='ltr'>de</span> <span class='ocrx_word' id='word_1_136' title='bbox 1065 2367 1184 2418; x_wconf 88' lang='lat' dir='ltr'>mense</span> <span class='ocrx_word' id='word_1_137' title='bbox 1202 2343 1420 2436; x_wconf 85' lang='lat' dir='ltr'>novembrio,</span> <span class='ocrx_word' id='word_1_138' title='bbox 1438 2345 1626 2417; x_wconf 86' lang='lat' dir='ltr'>Placentini</span> <span class='ocrx_word' id='word_1_139' title='bbox 1647 2346 1685 2418; x_wconf 92' lang='lat' dir='ltr'>in</span> 
     </span>
     <span class='ocr_line' id='line_1_16' title="bbox 263 2467 1685 2565; baseline 0.002 -27"><span class='ocrx_word' id='word_1_140' title='bbox 263 2467 367 2562; x_wconf 91' lang='lat' dir='ltr'>pleno</span> <span class='ocrx_word' id='word_1_141' title='bbox 382 2468 546 2540; x_wconf 88' lang='lat' dir='ltr'>conscilio</span> <span class='ocrx_word' id='word_1_142' title='bbox 560 2467 608 2540; x_wconf 92' lang='lat' dir='ltr'>ad</span> <span class='ocrx_word' id='word_1_143' title='bbox 625 2489 830 2562; x_wconf 87' lang='lat' dir='ltr'>campanam</span> <span class='ocrx_word' id='word_1_144' title='bbox 848 2468 978 2541; x_wconf 85' lang='lat' dir='ltr'>ooleoto</span> <span class='ocrx_word' id='word_1_145' title='bbox 991 2467 1171 2542; x_wconf 88' lang='lat' dir='ltr'>dominum</span> <span class='ocrx_word' id='word_1_146' title='bbox 1180 2467 1225 2540; x_wconf 84' lang='grc' dir='ltr'>Α.</span> <span class='ocrx_word' id='word_1_147' title='bbox 1238 2469 1388 2541; x_wconf 88' lang='lat' dir='ltr'>civitatis</span> <span class='ocrx_word' id='word_1_148' title='bbox 1401 2469 1554 2541; x_wconf 88' lang='lat' dir='ltr'>Bononia</span> <span class='ocrx_word' id='word_1_149' title='bbox 1572 2471 1685 2565; x_wconf 88' lang='lat' dir='ltr'>virum</span> 
     </span>
     <span class='ocr_line' id='line_1_17' title="bbox 263 2589 1686 2688; baseline 0.003 -26"><span class='ocrx_word' id='word_1_150' title='bbox 263 2589 416 2662; x_wconf 93' lang='lat' dir='ltr'>nobilem</span> <span class='ocrx_word' id='word_1_151' title='bbox 429 2599 464 2664; x_wconf 89' lang='lat' dir='ltr'>et</span> <span class='ocrx_word' id='word_1_152' title='bbox 480 2591 687 2686; x_wconf 87' lang='lat' dir='ltr'>prudentem</span> <span class='ocrx_word' id='word_1_153' title='bbox 706 2590 742 2662; x_wconf 95' lang='lat' dir='ltr'>in</span> <span class='ocrx_word' id='word_1_154' title='bbox 758 2599 961 2687; x_wconf 87' lang='lat' dir='ltr'>potestatem</span> <span class='ocrx_word' id='word_1_155' title='bbox 972 2593 1162 2686; x_wconf 76' lang='lat' dir='ltr'>elegerunt.</span> <span class='ocrx_word' id='word_1_156' title='bbox 1179 2593 1222 2665; x_wconf 88' lang='lat' dir='ltr'>Et</span> <span class='ocrx_word' id='word_1_157' title='bbox 1237 2613 1279 2666; x_wconf 92' lang='lat' dir='ltr'>eo</span> <span class='ocrx_word' id='word_1_158' title='bbox 1299 2602 1452 2688; x_wconf 88' lang='lat' dir='ltr'>tempore</span> <span class='ocrx_word' id='word_1_159' title='bbox 1466 2593 1555 2666; x_wconf 89' lang='lat' dir='ltr'>inter</span> <span class='ocrx_word' id='word_1_160' title='bbox 1567 2614 1686 2688; x_wconf 89' lang='lat' dir='ltr'>popu-</span> 
     </span>
     <span class='ocr_line' id='line_1_18' title="bbox 263 2715 1686 2814; baseline 0.004 -28"><span class='ocrx_word' id='word_1_161' title='bbox 263 2715 336 2786; x_wconf 90' lang='lat' dir='ltr'>lum</span> <span class='ocrx_word' id='word_1_162' title='bbox 362 2725 397 2788; x_wconf 90' lang='lat' dir='ltr'>et</span> <span class='ocrx_word' id='word_1_163' title='bbox 415 2715 573 2806; x_wconf 88' lang='lat' dir='ltr'>ejusdem</span> <span class='ocrx_word' id='word_1_164' title='bbox 592 2715 742 2790; x_wconf 88' lang='lat' dir='ltr'>civitatis</span> <span class='ocrx_word' id='word_1_165' title='bbox 759 2715 887 2788; x_wconf 87' lang='lat' dir='ltr'>milites</span> <span class='ocrx_word' id='word_1_166' title='bbox 909 2727 1048 2812; x_wconf 86' lang='lat' dir='ltr'>propter</span> <span class='ocrx_word' id='word_1_167' title='bbox 1066 2717 1218 2812; x_wconf 91' lang='lat' dir='ltr'>quedam</span> <span class='ocrx_word' id='word_1_168' title='bbox 1243 2717 1363 2814; x_wconf 87' lang='lat' dir='ltr'>populi</span> <span class='ocrx_word' id='word_1_169' title='bbox 1387 2717 1538 2811; x_wconf 83' lang='lat' dir='ltr'>capitula</span> <span class='ocrx_word' id='word_1_170' title='bbox 1563 2717 1686 2811; x_wconf 81' lang='lat' dir='ltr'>ingens</span> 
     </span>
     <span class='ocr_line' id='line_1_19' title="bbox 263 2819 1685 2937; baseline 0.004 -27"><span class='ocrx_word' id='word_1_171' title='bbox 263 2829 373 2910; x_wconf 82' lang='lat' dir='ltr'>erevit</span> <span class='ocrx_word' id='word_1_172' title='bbox 399 2839 550 2930; x_wconf 89' lang='lat' dir='ltr'>sedicio,</span> <span class='ocrx_word' id='word_1_173' title='bbox 580 2839 677 2934; x_wconf 95' lang='lat' dir='ltr'>quod</span> <span class='ocrx_word' id='word_1_174' title='bbox 703 2849 851 2914; x_wconf 90' lang='lat' dir='ltr'>rectores</span> <span class='ocrx_word' id='word_1_175' title='bbox 874 2819 1024 2913; x_wconf 82' lang='lat' dir='ltr'>civitatis</span> <span class='ocrx_word' id='word_1_176' title='bbox 1049 2841 1169 2937; x_wconf 89' lang='lat' dir='ltr'>populi</span> <span class='ocrx_word' id='word_1_177' title='bbox 1198 2842 1234 2914; x_wconf 91' lang='lat' dir='ltr'>in</span> <span class='ocrx_word' id='word_1_178' title='bbox 1264 2841 1363 2914; x_wconf 90' lang='lat' dir='ltr'>brevi</span> <span class='ocrx_word' id='word_1_179' title='bbox 1391 2841 1685 2916; x_wconf 82' lang='lat' dir='ltr'>communicasse</span> 
     </span>
     <span class='ocr_line' id='line_1_20' title="bbox 264 2959 1684 3062; baseline 0.004 -31"><span class='ocrx_word' id='word_1_180' title='bbox 264 2959 422 3034; x_wconf 89' lang='lat' dir='ltr'>mittendi</span> <span class='ocrx_word' id='word_1_181' title='bbox 435 2961 615 3052; x_wconf 86' lang='lat' dir='ltr'>volebant,</span> <span class='ocrx_word' id='word_1_182' title='bbox 634 2961 730 3056; x_wconf 91' lang='lat' dir='ltr'>quod</span> <span class='ocrx_word' id='word_1_183' title='bbox 747 2963 937 3059; x_wconf 90' lang='lat' dir='ltr'>plurimum</span> <span class='ocrx_word' id='word_1_184' title='bbox 952 2962 1168 3058; x_wconf 86' lang='lat' dir='ltr'>dispicienda</span> <span class='ocrx_word' id='word_1_185' title='bbox 1182 2962 1463 3036; x_wconf 88' lang='lat' dir='ltr'>contradicebant</span> <span class='ocrx_word' id='word_1_186' title='bbox 1478 2962 1540 3062; x_wconf 56' lang='grc' dir='ltr'>(ὼς</span> <span class='ocrx_word' id='word_1_187' title='bbox 1563 2986 1684 3036; x_wconf 88' lang='lat' dir='ltr'>verum</span> 
     </span>
     <span class='ocr_line' id='line_1_21' title="bbox 263 3084 1685 3182; baseline 0.001 -26"><span class='ocrx_word' id='word_1_188' title='bbox 263 3084 347 3180; x_wconf 88' lang='lat' dir='ltr'>quia</span> <span class='ocrx_word' id='word_1_189' title='bbox 372 3084 423 3156; x_wconf 93' lang='lat' dir='ltr'>illi</span> <span class='ocrx_word' id='word_1_190' title='bbox 453 3084 500 3159; x_wconf 93' lang='lat' dir='ltr'>de</span> <span class='ocrx_word' id='word_1_191' title='bbox 526 3087 655 3182; x_wconf 88' lang='lat' dir='ltr'>populo</span> <span class='ocrx_word' id='word_1_192' title='bbox 679 3087 949 3180; x_wconf 85' lang='lat' dir='ltr'>conjurationem</span> <span class='ocrx_word' id='word_1_193' title='bbox 972 3087 1113 3160; x_wconf 89' lang='lat' dir='ltr'>insimul</span> <span class='ocrx_word' id='word_1_194' title='bbox 1137 3087 1288 3159; x_wconf 81' lang='lat' dir='ltr'>fecerant</span> <span class='ocrx_word' id='word_1_195' title='bbox 1309 3097 1343 3158; x_wconf 91' lang='lat' dir='ltr'>et</span> <span class='ocrx_word' id='word_1_196' title='bbox 1368 3087 1570 3160; x_wconf 91' lang='lat' dir='ltr'>omnimode</span> <span class='ocrx_word' id='word_1_197' title='bbox 1594 3087 1685 3158; x_wconf 93' lang='lat' dir='ltr'>mili·</span> 
     </span>
     <span class='ocr_line' id='line_1_22' title="bbox 263 3209 1686 3308; baseline 0.004 -27"><span class='ocrx_word' id='word_1_198' title='bbox 263 3209 358 3282; x_wconf 90' lang='lat' dir='ltr'>tibus</span> <span class='ocrx_word' id='word_1_199' title='bbox 381 3211 686 3300; x_wconf 87' lang='lat' dir='ltr'>contradicebant,</span> <span class='ocrx_word' id='word_1_200' title='bbox 706 3233 827 3286; x_wconf 83' lang='lat' dir='ltr'>omnes</span> <span class='ocrx_word' id='word_1_201' title='bbox 843 3211 912 3284; x_wconf 91' lang='lat' dir='ltr'>viri</span> <span class='ocrx_word' id='word_1_202' title='bbox 930 3211 1063 3284; x_wconf 91' lang='lat' dir='ltr'>nobiles</span> <span class='ocrx_word' id='word_1_203' title='bbox 1080 3221 1114 3286; x_wconf 90' lang='lat' dir='ltr'>at</span> <span class='ocrx_word' id='word_1_204' title='bbox 1127 3219 1283 3308; x_wconf 88' lang='lat' dir='ltr'>potentes</span> <span class='ocrx_word' id='word_1_205' title='bbox 1297 3210 1445 3284; x_wconf 87' lang='lat' dir='ltr'>civitatis</span> <span class='ocrx_word' id='word_1_206' title='bbox 1460 3213 1633 3286; x_wconf 84' lang='lat' dir='ltr'>Placentia</span> <span class='ocrx_word' id='word_1_207' title='bbox 1647 3233 1686 3286; x_wconf 91' lang='lat' dir='ltr'>sc</span> 
     </span>
     <span class='ocr_line' id='line_1_23' title="bbox 263 3331 571 3408; baseline 0 -2"><span class='ocrx_word' id='word_1_208' title='bbox 263 3331 571 3408; x_wconf 86' lang='lat' dir='ltr'>confirmaverunt.</span> 
     </span>
    </p>

    <p class='ocr_par' dir='ltr' id='par_1_4' title="bbox 263 3457 1685 3780">
     <span class='ocr_line' id='line_1_24' title="bbox 312 3457 1684 3552; baseline 0.001 -22"><span class='ocrx_word' id='word_1_209' title='bbox 312 3457 359 3530; x_wconf 88' lang='lat' dir='ltr'>M.</span> <span class='ocrx_word' id='word_1_210' title='bbox 374 3457 438 3530; x_wconf 86' lang='lat' dir='ltr'>CC.</span> <span class='ocrx_word' id='word_1_211' title='bbox 453 3459 537 3550; x_wconf 87' lang='lat' dir='ltr'>XX,</span> <span class='ocrx_word' id='word_1_212' title='bbox 557 3459 603 3532; x_wconf 91' lang='lat' dir='ltr'>de</span> <span class='ocrx_word' id='word_1_213' title='bbox 620 3459 799 3532; x_wconf 88' lang='lat' dir='ltr'>mensibus</span> <span class='ocrx_word' id='word_1_214' title='bbox 821 3457 947 3551; x_wconf 90' lang='lat' dir='ltr'>madii,</span> <span class='ocrx_word' id='word_1_215' title='bbox 963 3457 1055 3552; x_wconf 88' lang='lat' dir='ltr'>junii</span> <span class='ocrx_word' id='word_1_216' title='bbox 1074 3465 1109 3530; x_wconf 90' lang='lat' dir='ltr'>ct</span> <span class='ocrx_word' id='word_1_217' title='bbox 1122 3458 1214 3550; x_wconf 89' lang='lat' dir='ltr'>julii,</span> <span class='ocrx_word' id='word_1_218' title='bbox 1238 3458 1309 3530; x_wconf 86' lang='lat' dir='ltr'>tere</span> <span class='ocrx_word' id='word_1_219' title='bbox 1322 3479 1443 3532; x_wconf 88' lang='lat' dir='ltr'>omnes</span> <span class='ocrx_word' id='word_1_220' title='bbox 1459 3458 1585 3530; x_wconf 88' lang='lat' dir='ltr'>milites</span> <span class='ocrx_word' id='word_1_221' title='bbox 1609 3458 1684 3532; x_wconf 84' lang='lat' dir='ltr'>Pla·</span> 
     </span>
     <span class='ocr_line' id='line_1_25' title="bbox 263 3581 1685 3677; baseline 0.003 -24"><span class='ocrx_word' id='word_1_222' title='bbox 263 3581 378 3655; x_wconf 88' lang='lat' dir='ltr'>centie</span> <span class='ocrx_word' id='word_1_223' title='bbox 405 3591 506 3656; x_wconf 86' lang='lat' dir='ltr'>extra</span> <span class='ocrx_word' id='word_1_224' title='bbox 532 3582 706 3656; x_wconf 84' lang='lat' dir='ltr'>Placentia</span> <span class='ocrx_word' id='word_1_225' title='bbox 728 3583 903 3656; x_wconf 87' lang='lat' dir='ltr'>civitatem</span> <span class='ocrx_word' id='word_1_226' title='bbox 930 3581 1091 3654; x_wconf 84' lang='lat' dir='ltr'>exierunt</span> <span class='ocrx_word' id='word_1_227' title='bbox 1117 3590 1152 3654; x_wconf 88' lang='lat' dir='ltr'>et</span> <span class='ocrx_word' id='word_1_228' title='bbox 1175 3603 1240 3677; x_wconf 91' lang='lat' dir='ltr'>per</span> <span class='ocrx_word' id='word_1_229' title='bbox 1268 3591 1396 3674; x_wconf 88' lang='lat' dir='ltr'>castra,</span> <span class='ocrx_word' id='word_1_230' title='bbox 1418 3583 1492 3656; x_wconf 87' lang='lat' dir='ltr'>loca</span> <span class='ocrx_word' id='word_1_231' title='bbox 1521 3592 1556 3655; x_wconf 88' lang='lat' dir='ltr'>et</span> <span class='ocrx_word' id='word_1_232' title='bbox 1584 3583 1685 3656; x_wconf 90' lang='lat' dir='ltr'>villas</span> 
     </span>
     <span class='ocr_line' id='line_1_26' title="bbox 263 3701 1104 3780; baseline 0.001 -6"><span class='ocrx_word' id='word_1_233' title='bbox 263 3701 439 3778; x_wconf 87' lang='lat' dir='ltr'>Placentie</span> <span class='ocrx_word' id='word_1_234' title='bbox 452 3705 629 3778; x_wconf 85' lang='lat' dir='ltr'>districtus</span> <span class='ocrx_word' id='word_1_235' title='bbox 645 3705 692 3778; x_wconf 92' lang='lat' dir='ltr'>ad</span> <span class='ocrx_word' id='word_1_236' title='bbox 707 3705 935 3780; x_wconf 86' lang='lat' dir='ltr'>habitandum</span> <span class='ocrx_word' id='word_1_237' title='bbox 952 3705 1104 3778; x_wconf 90' lang='lat' dir='ltr'>iverunt.</span> 
     </span>
    </p>
   </div>
   <div class='ocr_carea' id='block_1_3' title="bbox 307 3851 645 3933">
    <p class='ocr_par' dir='ltr' id='par_1_5' title="bbox 307 3851 645 3933">
     <span class='ocr_line' id='line_1_27' title="bbox 307 3851 645 3933; baseline 0.003 -18"><span class='ocrx_word' id='word_1_238' title='bbox 307 3851 351 3933; x_wconf 82' lang='lat' dir='ltr'>(a)</span> <span class='ocrx_word' id='word_1_239' title='bbox 372 3853 455 3916; x_wconf 80' lang='lat' dir='ltr'>Altae</span> <span class='ocrx_word' id='word_1_240' title='bbox 467 3859 645 3916; x_wconf 77' lang='lat' dir='ltr'>nostrorum.</span> 
     </span>
    </p>
   </div>
   <div class='ocr_carea' id='block_1_4' title="bbox 263 3957 1683 4249">
    <p class='ocr_par' dir='ltr' id='par_1_6' title="bbox 263 3957 1683 4249">
     <span class='ocr_line' id='line_1_28' title="bbox 308 3957 944 4038; baseline 0.003 -20"><span class='ocrx_word' id='word_1_241' title='bbox 308 3957 350 4038; x_wconf 81' lang='lat' dir='ltr'>(b)</span> <span class='ocrx_word' id='word_1_242' title='bbox 372 3959 422 4020; x_wconf 88' lang='lat' dir='ltr'>Slc</span> <span class='ocrx_word' id='word_1_243' title='bbox 435 3963 467 4020; x_wconf 91' lang='lat' dir='ltr'>in</span> <span class='ocrx_word' id='word_1_244' title='bbox 479 3961 589 4022; x_wconf 88' lang='lat' dir='ltr'>codiee.</span> <span class='ocrx_word' id='word_1_245' title='bbox 601 3960 807 4024; x_wconf 84' lang='lat' dir='ltr'>Varlslmlllter</span> <span class='ocrx_word' id='word_1_246' title='bbox 819 3961 944 4021; x_wconf 72' lang='lat' dir='ltr'>astricti.</span> 
     </span>
     <span class='ocr_line' id='line_1_29' title="bbox 305 4063 1683 4146; baseline 0.004 -22"><span class='ocrx_word' id='word_1_247' title='bbox 305 4063 348 4146; x_wconf 86' lang='lat' dir='ltr'>(c)</span> <span class='ocrx_word' id='word_1_248' title='bbox 372 4066 467 4128; x_wconf 84' lang='lat' dir='ltr'>Totus</span> <span class='ocrx_word' id='word_1_249' title='bbox 488 4069 545 4128; x_wconf 85' lang='lat' dir='ltr'>iste</span> <span class='ocrx_word' id='word_1_250' title='bbox 569 4067 652 4128; x_wconf 82' lang='lat' dir='ltr'>locus</span> <span class='ocrx_word' id='word_1_251' title='bbox 673 4065 759 4128; x_wconf 86' lang='lat' dir='ltr'>taeda</span> <span class='ocrx_word' id='word_1_252' title='bbox 776 4067 910 4127; x_wconf 81' lang='lat' dir='ltr'>mutilus.</span> <span class='ocrx_word' id='word_1_253' title='bbox 924 4065 1018 4144; x_wconf 78' lang='lat' dir='ltr'>Cujus</span> <span class='ocrx_word' id='word_1_254' title='bbox 1042 4063 1081 4126; x_wconf 88' lang='lat' dir='ltr'>ad</span> <span class='ocrx_word' id='word_1_255' title='bbox 1103 4079 1224 4128; x_wconf 86' lang='lat' dir='ltr'>sensum</span> <span class='ocrx_word' id='word_1_256' title='bbox 1237 4063 1441 4127; x_wconf 82' lang='lat' dir='ltr'>rationabilem</span> <span class='ocrx_word' id='word_1_257' title='bbox 1453 4067 1683 4144; x_wconf 81' lang='lat' dir='ltr'>restituendum,</span> 
     </span>
     <span class='ocr_line' id='line_1_30' title="bbox 263 4169 1094 4249; baseline 0.002 -19"><span class='ocrx_word' id='word_1_258' title='bbox 263 4171 389 4232; x_wconf 85' lang='lat' dir='ltr'>alterius</span> <span class='ocrx_word' id='word_1_259' title='bbox 401 4169 513 4232; x_wconf 85' lang='lat' dir='ltr'>oodtcls</span> <span class='ocrx_word' id='word_1_260' title='bbox 526 4187 583 4249; x_wconf 83' lang='lat' dir='ltr'>ope</span> <span class='ocrx_word' id='word_1_261' title='bbox 594 4171 744 4246; x_wconf 83' lang='lat' dir='ltr'>destituti,</span> <span class='ocrx_word' id='word_1_262' title='bbox 759 4171 868 4234; x_wconf 83' lang='lat' dir='ltr'>trustra</span> <span class='ocrx_word' id='word_1_263' title='bbox 880 4173 954 4233; x_wconf 82' lang='lat' dir='ltr'>eutst</span> <span class='ocrx_word' id='word_1_264' title='bbox 971 4171 1094 4233; x_wconf 73' lang='lat' dir='ltr'>immun.</span> 
     </span>
    </p>
   </div>
   <div class='ocr_carea' id='block_1_5' title="bbox 263 4430 1685 4796">
    <p class='ocr_par' dir='ltr' id='par_1_7' title="bbox 263 4430 1685 4698">
     <span class='ocr_line' id='line_1_31' title="bbox 300 4430 1684 4507; baseline 0.002 -19"><span class='ocrx_word' id='word_1_265' title='bbox 300 4430 337 4505; x_wconf 78' lang='lat' dir='ltr'>(t)</span> <span class='ocrx_word' id='word_1_266' title='bbox 356 4432 378 4490; x_wconf 96' lang='lat' dir='ltr'>ll</span> <span class='ocrx_word' id='word_1_267' title='bbox 390 4449 410 4507; x_wconf 81' lang='lat' dir='ltr'>y</span> <span class='ocrx_word' id='word_1_268' title='bbox 424 4447 441 4490; x_wconf 85' lang='lat' dir='ltr'>a</span> <span class='ocrx_word' id='word_1_269' title='bbox 461 4431 496 4495; x_wconf 90' lang='lat' dir='ltr'>ici</span> <span class='ocrx_word' id='word_1_270' title='bbox 510 4432 626 4506; x_wconf 84' lang='lat' dir='ltr'>quelque</span> <span class='ocrx_word' id='word_1_271' title='bbox 640 4432 711 4490; x_wconf 71' lang='lat' dir='ltr'>tane</span> <span class='ocrx_word' id='word_1_272' title='bbox 724 4433 792 4491; x_wconf 84' lang='lat' dir='ltr'>dana</span> <span class='ocrx_word' id='word_1_273' title='bbox 803 4433 828 4492; x_wconf 87' lang='lat' dir='ltr'>le</span> <span class='ocrx_word' id='word_1_274' title='bbox 842 4433 998 4490; x_wconf 87' lang='lat' dir='ltr'>manuscrit.</span> <span class='ocrx_word' id='word_1_275' title='bbox 1009 4431 1121 4506; x_wconf 83' lang='lat' dir='ltr'>D&#39;epres</span> <span class='ocrx_word' id='word_1_276' title='bbox 1134 4431 1160 4491; x_wconf 93' lang='lat' dir='ltr'>le</span> <span class='ocrx_word' id='word_1_277' title='bbox 1173 4430 1257 4488; x_wconf 88' lang='lat' dir='ltr'>ealcul</span> <span class='ocrx_word' id='word_1_278' title='bbox 1274 4431 1321 4506; x_wconf 93' lang='lat' dir='ltr'>qui</span> <span class='ocrx_word' id='word_1_279' title='bbox 1340 4431 1429 4505; x_wconf 87' lang='lat' dir='ltr'>peralt</span> <span class='ocrx_word' id='word_1_280' title='bbox 1441 4433 1466 4490; x_wconf 88' lang='lat' dir='ltr'>le</span> <span class='ocrx_word' id='word_1_281' title='bbox 1478 4433 1539 4507; x_wconf 88' lang='lat' dir='ltr'>plus</span> <span class='ocrx_word' id='word_1_282' title='bbox 1553 4434 1684 4492; x_wconf 87' lang='lat' dir='ltr'>vraisem-</span> 
     </span>
     <span class='ocr_line' id='line_1_32' title="bbox 263 4527 1685 4604; baseline 0.004 -19"><span class='ocrx_word' id='word_1_283' title='bbox 263 4527 372 4600; x_wconf 83' lang='lat' dir='ltr'>blnble,</span> <span class='ocrx_word' id='word_1_284' title='bbox 386 4529 413 4588; x_wconf 87' lang='lat' dir='ltr'>la</span> <span class='ocrx_word' id='word_1_285' title='bbox 426 4529 582 4604; x_wconf 83' lang='lat' dir='ltr'>poprdation</span> <span class='ocrx_word' id='word_1_286' title='bbox 605 4529 639 4586; x_wconf 91' lang='lat' dir='ltr'>da</span> <span class='ocrx_word' id='word_1_287' title='bbox 655 4529 801 4601; x_wconf 82' lang='lat' dir='ltr'>llamiette,</span> <span class='ocrx_word' id='word_1_288' title='bbox 819 4531 865 4603; x_wconf 91' lang='lat' dir='ltr'>qui</span> <span class='ocrx_word' id='word_1_289' title='bbox 879 4530 945 4586; x_wconf 76' lang='lat' dir='ltr'>eteit</span> <span class='ocrx_word' id='word_1_290' title='bbox 969 4529 1004 4588; x_wconf 89' lang='lat' dir='ltr'>de</span> <span class='ocrx_word' id='word_1_291' title='bbox 1023 4528 1198 4586; x_wconf 81' lang='lat' dir='ltr'>soixantedix</span> <span class='ocrx_word' id='word_1_292' title='bbox 1217 4528 1289 4584; x_wconf 91' lang='lat' dir='ltr'>mille</span> <span class='ocrx_word' id='word_1_293' title='bbox 1309 4528 1445 4588; x_wconf 77' lang='lat' dir='ltr'>habitante</span> <span class='ocrx_word' id='word_1_294' title='bbox 1467 4529 1483 4589; x_wconf 77' lang='lat' dir='ltr'>a</span> <span class='ocrx_word' id='word_1_295' title='bbox 1502 4531 1622 4589; x_wconf 77' lang='lat' dir='ltr'>l&#39;arrtvee</span> <span class='ocrx_word' id='word_1_296' title='bbox 1635 4533 1685 4590; x_wconf 89' lang='lat' dir='ltr'>des</span> 
     </span>
     <span class='ocr_line' id='line_1_33' title="bbox 263 4625 1391 4698; baseline 0 -15"><span class='ocrx_word' id='word_1_297' title='bbox 263 4625 380 4698; x_wconf 71' lang='lat' dir='ltr'>orobos,</span> <span class='ocrx_word' id='word_1_298' title='bbox 395 4641 427 4683; x_wconf 87' lang='lat' dir='ltr'>se</span> <span class='ocrx_word' id='word_1_299' title='bbox 449 4626 569 4684; x_wconf 72' lang='lat' dir='ltr'>nouvait</span> <span class='ocrx_word' id='word_1_300' title='bbox 579 4625 683 4684; x_wconf 72' lang='lat' dir='ltr'>reduite</span> <span class='ocrx_word' id='word_1_301' title='bbox 693 4627 710 4684; x_wconf 77' lang='lat' dir='ltr'>a</span> <span class='ocrx_word' id='word_1_302' title='bbox 720 4627 787 4684; x_wconf 85' lang='lat' dir='ltr'>trois</span> <span class='ocrx_word' id='word_1_303' title='bbox 798 4627 870 4684; x_wconf 91' lang='lat' dir='ltr'>mille</span> <span class='ocrx_word' id='word_1_304' title='bbox 882 4643 917 4683; x_wconf 89' lang='lat' dir='ltr'>eu</span> <span class='ocrx_word' id='word_1_305' title='bbox 931 4632 1052 4684; x_wconf 90' lang='lat' dir='ltr'>moment</span> <span class='ocrx_word' id='word_1_306' title='bbox 1062 4626 1096 4685; x_wconf 89' lang='lat' dir='ltr'>de</span> <span class='ocrx_word' id='word_1_307' title='bbox 1109 4625 1136 4682; x_wconf 89' lang='lat' dir='ltr'>la</span> <span class='ocrx_word' id='word_1_308' title='bbox 1150 4625 1223 4698; x_wconf 81' lang='lat' dir='ltr'>prise</span> <span class='ocrx_word' id='word_1_309' title='bbox 1233 4626 1268 4684; x_wconf 91' lang='lat' dir='ltr'>de</span> <span class='ocrx_word' id='word_1_310' title='bbox 1281 4626 1308 4684; x_wconf 84' lang='lat' dir='ltr'>la</span> <span class='ocrx_word' id='word_1_311' title='bbox 1320 4625 1391 4686; x_wconf 83' lang='lat' dir='ltr'>ville.</span> 
     </span>
    </p>

    <p class='ocr_par' dir='ltr' id='par_1_8' title="bbox 301 4720 1243 4796">
     <span class='ocr_line' id='line_1_34' title="bbox 301 4720 1243 4796; baseline -0.001 -16"><span class='ocrx_word' id='word_1_312' title='bbox 301 4721 339 4796; x_wconf 80' lang='lat'>(2)</span> <span class='ocrx_word' id='word_1_313' title='bbox 358 4721 379 4778; x_wconf 95' lang='lat' dir='ltr'>ll</span> <span class='ocrx_word' id='word_1_314' title='bbox 392 4721 451 4778; x_wconf 85' lang='lat' dir='ltr'>taut</span> <span class='ocrx_word' id='word_1_315' title='bbox 468 4722 516 4780; x_wconf 90' lang='lat' dir='ltr'>lire</span> <span class='ocrx_word' id='word_1_316' title='bbox 529 4729 639 4790; x_wconf 83' lang='lat' dir='ltr'>ootooo,</span> <span class='ocrx_word' id='word_1_317' title='bbox 650 4723 794 4781; x_wconf 89' lang='lat' dir='ltr'>l’indiction</span> <span class='ocrx_word' id='word_1_318' title='bbox 808 4729 823 4781; x_wconf 82' lang='lat'>8</span> <span class='ocrx_word' id='word_1_319' title='bbox 836 4729 1021 4796; x_wconf 73' lang='lat' dir='ltr'>commoneant</span> <span class='ocrx_word' id='word_1_320' title='bbox 1033 4739 1068 4782; x_wconf 88' lang='lat' dir='ltr'>eu</span> <span class='ocrx_word' id='word_1_321' title='bbox 1081 4720 1243 4796; x_wconf 87' lang='lat' dir='ltr'>septembre.</span> 
     </span>
    </p>
   </div>
   <div class='ocr_carea' id='block_1_6' title="bbox 0 0 2283 6068">
    <p class='ocr_par' dir='ltr' id='par_1_9' title="bbox 0 0 2283 6068">
     <span class='ocr_line' id='line_1_35' title="bbox 0 0 2283 6068; baseline 0 0"><span class='ocrx_word' id='word_1_322' title='bbox 0 0 2283 6068; x_wconf 95' lang='lat' dir='ltr'> </span> 
     </span>
    </p>
   </div>
  </div>
 </body>
</html>
