4594 6066
838 579 880 640 tlt
906 577 1046 638 tunttn
1070 574 1221 636 usstts.
1677 565 1735 626 155

321 715 466 810 grandia
489 717 569 809 jura
595 726 710 788 nostra
737 714 960 811 inpartibus
990 711 1195 786 [ombardie
1218 719 1253 784 et
1275 706 1322 784 ad
1344 703 1627 782 confundendum
1656 702 1735 775 totis

319 841 456 914 viribus
473 861 594 914 omues
611 849 646 912 et
663 839 819 932 singulos
836 839 990 935 ipsamm
1010 837 1168 934 parcium
1183 834 1245 928 qui
1267 833 1367 906 nobis
1384 840 1418 904 et
1438 828 1584 924 imperio
1608 825 1734 900 adver·

318 973 452 1038 santur.
475 965 526 1037 lta
550 961 648 1058 quod
672 962 708 1034 in
735 964 887 1057 generali
919 963 1016 1036 curia
1043 969 1235 1055 proponant
1259 967 1293 1028 et
1320 955 1474 1028 animent
1501 951 1673 1047 principes
1700 958 1735 1022 et

321 1096 426 1160 totam
446 1088 596 1178 curiam,
623 1095 657 1158 et
684 1095 801 1160 contra
830 1085 987 1159 infideles
1011 1083 1147 1178 imperii
1169 1092 1204 1154 et
1228 1081 1275 1154 ad
1303 1077 1593 1175 pmmunitionam
1620 1074 1734 1146 omni·

322 1211 459 1284 medam
476 1219 586 1284 status
603 1211 711 1284 nostri
728 1219 763 1282 et
790 1211 909 1284 vestri.
932 1209 1024 1283 Licet
1042 1208 1145 1280 stiam
1170 1204 1216 1278 ad
1239 1205 1305 1276 boc
1327 1204 1488 1274 voluntas
1512 1199 1668 1272 omnium
1691 1197 1737 1270 sit

320 1334 472 1426 firmata,
489 1335 580 1407 sicut
596 1335 727 1430 patebit
748 1335 923 1410 incudem
942 1335 1036 1407 curia
1054 1355 1116 1430 per
1134 1331 1183 1427 (a)
1201 1331 1379 1419 effectum,
1399 1328 1545 1400 muitum
1563 1325 1627 1398 erit
1643 1324 1736 1398 utilis

321 1467 356 1531 et
372 1467 514 1553 accepta
529 1467 723 1532 vestrorum
740 1458 787 1554 (b)
803 1458 973 1554 presentia
992 1457 1210 1529 nunciorum.
1230 1457 1373 1540 Datum,
1391 1463 1425 1524 et
1438 1463 1563 1524 cetera.
1580 1475 1597 1520 n

369 1581 501 1672 Eodem
520 1603 625 1672 anno,
642 1583 688 1656 de
705 1603 823 1656 mense
844 1583 963 1656 marcii
983 1581 1144 1676 proximi,
1165 1579 1327 1673 magister
1344 1575 1600 1662 Alamannorum,
1621 1595 1736 1646 comcs

321 1705 537 1797 Gabourdus,
557 1704 721 1800 magister
739 1707 859 1780 Petrus
874 1703 920 1780 de
936 1707 1072 1796 Vineis,
1091 1703 1228 1776 Tadeos
1250 1703 1295 1776 da
1313 1702 1438 1788 Suasa,
1454 1699 1589 1791 judices
1611 1719 1737 1792 magne

322 1830 429 1920 curio,
442 1851 523 1901 curn
533 1830 658 1902 comite
669 1829 810 1901 Simone
822 1829 867 1901 de
876 1829 1058 1922 Tbeato(o)
1069 1835 1236 1922 potestate
1244 1825 1409 1898 Cremona
1419 1833 1452 1896 et
1466 1823 1690 1918 potestatibus
1703 1831 1737 1894 et

321 1953 605 2026 ambaxatoribus
617 1952 795 2039 Cremona,
813 1951 930 2048 Papio,
942 1961 977 2024 et
987 1951 1155 2042 Terdone,
1166 1949 1272 2042 Astis,
1283 1951 1431 2039 Verona,
1445 1949 1577 2036 Parme,
1590 1947 1686 2040 Regii
1703 1955 1739 2020 et

321 2077 464 2161 Mutine,
485 2077 704 2170 presentibus
715 2077 897 2149 Guileltmo
911 2075 956 2149 de
969 2075 1096 2148 Audito
1112 2087 1146 2148 et
1163 2074 1245 2146 filiis
1257 2073 1448 2146 rectoribus
1461 2071 1581 2168 populi
1596 2071 1736 2144 Placen·

323 2198 384 2285 tie,
409 2197 662 2292 parlamentum
685 2201 721 2270 in
740 2201 873 2294 patacio
901 2199 1072 2272 Placentie
1097 2200 1262 2272 iecerunt.
1286 2199 1324 2269 ln
1348 2218 1419 2292 quo
1442 2197 1553 2270 dictus
1577 2196 1738 2290 magister

322 2319 442 2392 Petrus
467 2319 653 2394 devincis
676 2322 872 2417 proposuit,
893 2322 1043 2396 dicens:
1068 2323 1256 2418 «Pupulus
1279 2323 1434 2416 gentium
1454 2322 1516 2416 qui
1539 2322 1738 2396 ambulabat

322 2444 359 2514 in
378 2443 534 2516 tenebris
551 2445 640 2517 vidit
661 2445 774 2516 lucem
795 2465 974 2538 magnam3
995 2445 1231 2518 habitantibus
1251 2446 1287 2516 in
1304 2445 1445 2538 regione
1472 2445 1595 2518 umbre
1618 2447 1738 2518 mortis

321 2567 385 2639 lux
402 2579 477 2642 orta
495 2580 548 2641 est
566 2570 654 2640 eis.»
672 2568 805 2643 Deinde
818 2579 948 2644 ortatus
966 2581 1018 2644 est
1035 2571 1128 2666 ipsos
1144 2569 1264 2644 dicens
1280 2578 1319 2640 ut
1335 2591 1414 2641 cum
1431 2570 1524 2640 omni
1542 2591 1660 2644 eornm
1674 2595 1738 2645 ex·

321 2693 422 2765 fortio
444 2703 558 2766 essent
579 2695 691 2789 parati
715 2695 839 2766 testum
862 2693 1000 2766 Domini
1019 2703 1235 2788 peroptatum
1266 2693 1462 2766 cctlebrure.
1492 2694 1623 2768 Eodem
1651 2705 1736 2768 tem·

321 2837 406 2910 pora
427 2818 536 2908 major
559 2838 639 2911 pars
661 2817 780 2890 militie
798 2817 994 2890 Placentine
1014 2827 1112 2888 extra
1128 2817 1302 2890 civitatem
1325 2817 1495 2910 exierant,
1521 2830 1556 2891 et
1569 2821 1736 2916 populum

321 2949 358 3012 et
373 2938 547 3012 civitatem
571 2941 777 3034 gueriabant
792 2941 915 3016 stando
936 2945 942 3030 1
965 2941 1135 3014 incastris
1155 2941 1374 3036 episcopatus
1391 2943 1574 3017 Placentia.

372 3061 410 3132 ln
446 3062 607 3156 proximo
640 3085 758 3136 mense
786 3063 910 3154 madii,
942 3065 988 3136 Μ.
1003 3063 1235 3154 ccxxxvl,
1266 3063 1440 3160 predictus
1471 3067 1656 3164 imperator
1681 3069 1737 3142 di·

321 3185 414 3257 rexit
430 3187 593 3280 episcopo
611 3187 796 3261 Cumarum
821 3190 1002 3285 epistolam
1018 3190 1249 3263 continentem
1266 3190 1312 3264 ita
1330 3217 1339 3262 ε

375 3333 394 3376 u
408 3309 628 3393 Frerlericus,
641 3312 705 3384 Dei
715 3314 823 3406 gratia
835 3316 1066 3388 Rornanorum
1076 3315 1270 3410 imperator,
1285 3317 1472 3390 Jerusalem
1487 3327 1521 3390 et
1531 3319 1644 3394 Sicilia
1656 3343 1734 3413 nex,

322 3433 512 3506 venerabili
531 3435 718 3507 Cumarum
735 3437 897 3532 episcopo
915 3438 1041 3512 dilecto
1060 3437 1155 3512 fideli
1174 3461 1238 3512 suo
1260 3440 1407 3534 gratiam
1431 3463 1530 3516 suam
1555 3455 1590 3516 et
1610 3445 1736 3518 bonam

322 3558 547 3630 voluntatem.
567 3559 654 3630 Dum
676 3559 872 3634 debitorum
893 3573 1085 3636 nostrorum
1104 3564 1307 3658 cirographo
1328 3565 1489 3657 legimus,
1510 3565 1594 3639 dnm
1615 3567 1736 3642 lralen·

322 3679 410 3752 darii
429 3681 537 3752 nostri
555 3683 694 3754 nomina
711 3683 974 3776 diligentissime
990 3696 1256 3780 perscrutamur,
1271 3698 1306 3758 et
1324 3709 1386 3760 nos
1404 3688 1576 3764 debitores
1591 3693 1667 3766 aliis
1684 3691 1736 3791 (d)

321 3801 503 3876 evidenter
516 3807 749 3898 agnoscimus,
767 3816 801 3878 st
823 3807 969 3880 aliorum
989 3830 1052 3882 nos
1078 3831 1155 3882 esse
1179 3811 1407 3904 perspicimus
1428 3813 1628 3890 creditores.
1650 3817 1736 3890 Hinc

321 3924 427 4018 igitur
442 3929 610 4020 pulsantis
630 3930 677 4003 ad
699 3929 852 4003 bostium
873 3931 1055 4006 creditoris
1069 3933 1162 4025 justa
1180 3955 1243 4007 nos
1261 3946 1362 4029 urget
1379 3937 1539 4012 instantia
1558 3962 1603 4014 ue
1617 3941 1736 4016 tenore

322 4071 588 4144 pregravemur3
613 4053 694 4126 binc
714 4055 761 4128 ad
788 4056 1005 4130 exactionem
1030 4057 1223 4130 debitorum
1245 4068 1437 4133 nostrorum
1461 4063 1651 4159 periculosa
1669 4089 1735 4140 ne-

364 4361 406 4441 (o)
428 4363 464 4422 ln
477 4363 577 4424 codice
584 4381 650 4444 pro.

365 4465 405 4546 (b)
428 4470 463 4530 ln
476 4471 576 4532 codtoe
588 4477 761 4532 nostrumne

264 4647 268 4655 Ι
365 4573 402 4654 (c)
428 4575 464 4636 In
476 4576 576 4638 codice
591 4575 626 4636 dr
639 4577 740 4656 nepa.

366 4679 410 4760 (d)
432 4683 468 4742 In
481 4681 581 4744 codice
595 4679 783 4747 dabitationer
795 4682 876 4748 aibr.
