4534 6074
764 657 807 718 ΙΝ
831 655 971 717 l'l'ALlll
996 655 1146 717 GES‘l'lS.
1606 647 1665 709 125

246 791 435 884 imperator
459 797 495 861 et
518 803 583 860 rex
607 787 752 860 Franoie
781 785 961 860 disoordes
989 786 1233 859 disoeeserunt.
1258 783 1303 854 Et
1332 779 1415 854 inde
1443 779 1528 853 abiit
1555 777 1607 877 (o)
1630 781 1665 852 in

246 909 478 984 Alamaniam.
498 911 633 982 Interea
647 912 769 982 Petrus
784 909 831 983 da
849 909 998 983 Cumino
1014 911 1075 1005 qni
1090 911 1167 982 looo
1188 908 1287 981 istius
1302 905 1454 1002 episcopi
1467 903 1668 978 Leodiensis

246 1033 567 1108 Mediolanensibus
600 1039 759 1126 praerat,
788 1031 1061 1104 innumerabiles
1093 1032 1216 1104 modos
1245 1029 1477 1124 oppressionis
1505 1027 1664 1102 invenit:

241 1159 349 1251 jussit
372 1157 466 1229 enim
495 1165 603 1228 astate
635 1155 785 1250 presenti
817 1154 979 1226 omnibus
1007 1153 1326 1228 Mediolanensibus
1355 1173 1401 1224 ex
1426 1151 1670 1225 constitutione

247 1279 685 1376 imperatorisalegniano
699 1278 789 1352 inira
803 1277 892 1351 duas
904 1286 1018 1372 parles
1030 1278 1120 1350 trioii
1130 1276 1176 1371 (b)
1186 1287 1223 1350 et
1234 1276 1305 1348 fieti
1317 1285 1353 1350 et
1364 1283 1523 1370 quartam
1537 1289 1669 1370 partem

247 1407 425 1477 bustum
439 1403 579 1498 proprio
601 1423 741 1475 vomere
754 1398 997 1498 [quesitorem]
1015 1409 1050 1474 et
1062 1402 1202 1496 frugum
1218 1409 1253 1474 ot
1270 1399 1340 1472 leni
1362 1397 1502 1471 terciam
1521 1407 1667 1494 partem.

246 1529 417 1602 ilenrions
432 1547 518 1599 vero
532 1525 638 1598 Saevi
662 1526 726 1620 qni
744 1546 792 1597 ex
809 1534 970 1620 precepto
992 1525 1208 1620 imperatoris
1225 1523 1261 1596 in
1287 1532 1404 1596 monle
1424 1523 1569 1596 Gezonis
1587 1544 1671 1594 mo-

245 1653 402 1742 rabatur,
423 1671 545 1723 omnes
564 1651 698 1721 irnotns
710 1648 896 1722 Mediolani
911 1669 1000 1742 quoe
1011 1649 1187 1721 habebant
1199 1648 1237 1720 in
1256 1644 1588 1743 episcopatuLaude
1601 1647 1671 1718 ool·

246 1775 391 1868 ligebat.
408 1773 593 1866 Marqnara
606 1772 669 1865 qni
683 1772 841 1844 Teroiom
856 1771 995 1844 tenebat
1008 1793 1121 1867 nsque
1134 1773 1179 1846 ad
1189 1771 1384 1864 Mergoram
1396 1769 1489 1842 idem
1502 1770 1668 1859 laoiabat3

246 1918 365 1970 onmes
382 1895 540 1968 Gozonos
559 1896 597 1966 in
623 1895 742 1990 Serpio
763 1893 809 1991 (a)
828 1903 863 1968 et
876 1895 1078 1968 Martexano
1101 1895 1295 1968 seeundum
1318 1893 1510 1988 predictum
1528 1893 1672 1966 modom

247 2021 444 2115 oolligebat.
474 2019 638 2109 Magister
666 2017 717 2114 (d)
735 2019 895 2111 Paganns
918 2018 980 2112 qui
1007 2019 1186 2090 habitabat
1210 2018 1246 2088 in
1270 2016 1450 2089 Baradello
1479 2037 1541 2110 per
1563 2027 1673 2089 totum

246 2145 488 2240 episcopatum
499 2141 694 2213 Cumanum
708 2161 830 2214 omnes
847 2141 1081 2236 possessiones
1096 2141 1406 2215 Mediolanensium
1423 2137 1624 2234 possidebat
1639 2151 1675 2214 et

246 2268 414 2340 habebat.
427 2267 522 2338 litae
536 2273 644 2337 estate
651 2264 837 2338 hedificata
849 2264 1015 2338 esttorris
1024 2283 1094 2358 qna
1106 2263 1199 2336 diota
1209 2263 1501 2358 inittriumplralis
1513 2264 1550 2334 in
1562 2265 1674 2359 burgo

244 2391 385 2464 Nnoeti.
399 2388 531 2464 Eadem
546 2409 688 2482 quoqne
704 2395 813 2460 estate
824 2387 997 2481 palacium
1011 2386 1184 2460 Modoetie
1194 2395 1332 2481 ooptum
1347 2386 1423 2458 loit.

298 2513 489 2605 imperator
507 2530 590 2581 vero
609 2529 729 2580 mense
754 2507 909 2582 octubris
935 2509 1106 2604 proximi,
1126 2509 1234 2581 torcio
1261 2509 1503 2582 Lombardiam
1534 2511 1676 2586 intravit

245 2643 283 2706 et
301 2633 398 2705 venit
412 2632 585 2719 Laudans,
602 2631 731 2706 deinde
748 2631 859 2704 habiit
873 2631 1029 2727 Papiam.
1047 2633 1090 2704 lit
1116 2641 1200 2704 tuno
1215 2631 1390 2705 Amaldos
1413 2633 1577 2708 Barvaria
1595 2659 1673 2731 pre-

244 2765 323 2830 erat
348 2755 557 2830 Plaoentinis
583 2776 647 2850 pro
672 2755 890 2852 imperatore.
907 2757 954 2829 M.
972 2756 1010 2828 C.
1028 2756 1149 2848 LXlll,
1171 2756 1356 2851 imperator
1374 2761 1592 2853 oongregatis
1610 2761 1675 2833 Pa·

246 2879 430 2976 piensibos
459 2879 613 2976 precepit
628 2879 679 2953 eis
704 2889 745 2952 ut
770 2880 947 2954 civitatem
968 2879 1124 2954 Terdone
1150 2879 1385 2971 destruerent;
1408 2881 1506 2976 quod
1530 2883 1674 2978 quidem

246 3003 327 3076 sine
353 3025 450 3076 mora
480 3005 647 3076 ieoeront.
677 3002 808 3076 Eadem
841 3003 900 3076 die
931 3003 1071 3076 veneris
1097 3003 1190 3076 XVll
1215 3003 1345 3076 mensis
1369 3003 1538 3096 januarii,
1563 3006 1675 3101 impe-

246 3137 344 3199 rator
366 3127 523 3220 precepit
545 3136 581 3199 et
608 3127 746 3222 incepta
765 3133 819 3199 eet
843 3126 1022 3200 bedilieari
1051 3125 1174 3199 civitas
1199 3125 1386 3221 imperialis
1409 3139 1493 3222 aput
1510 3130 1674 3202 Sanctum

246 3249 520 3324 Columbarinrn.
553 3249 686 3322 Eadem
716 3271 858 3344 quoqne
881 3271 983 3344 yeme
1004 3251 1219 3322 Veronenses
1251 3271 1330 3322 oum
1360 3251 1428 3324 illis
1457 3251 1504 3324 de
1534 3253 1674 3326 Maroha

246 3395 331 3446 oum
374 3372 550 3446 veneticis
584 3375 792 3465 juraverunt
833 3373 1023 3446 existentes
1065 3373 1211 3446 rebelles
1245 3373 1451 3468 imperatori.
1486 3375 1675 3471 Imperator

247 3497 298 3572 M.
312 3497 350 3568 C.
366 3495 501 3582 LXllll‚
517 3494 563 3568 de
573 3516 693 3568 mense
703 3497 807 3589 jonii,
824 3505 1033 3592 congregato
1046 3497 1203 3569 exercitu
1214 3495 1261 3568 ad
1276 3505 1390 3591 partes
1404 3497 1481 3570 illas
1494 3499 1669 3593 perrexit:

247 3621 357 3694 nichil
374 3619 507 3694 iaciens
523 3629 614 3692 retro
630 3619 745 3692 rediit.
767 3621 898 3694 Eodem
924 3621 1028 3694 etiam
1048 3641 1167 3693 mense
1187 3629 1401 3694 sacramenta
1416 3621 1598 3695 tributaria
1613 3645 1675 3718 per

246 3755 360 3819 terras
384 3745 697 3818 Mediolanensium
727 3748 888 3841 quaele)
915 3745 1054 3817 tenebat
1082 3743 1281 3818 Leodiensis
1309 3744 1492 3840 episeopus
1514 3756 1596 3818 sunt
1616 3749 1674 3819 in-

248 3869 393 3958 choata,
414 3868 580 3942 videlieet
601 3878 641 3942 nt
657 3868 901 3962 unusquisqne
919 3868 956 3938 in
974 3888 1066 3940 anno
1087 3868 1228 3940 solverit
1243 3889 1306 3963 pro
1327 3889 1447 3942 manso
1473 3869 1519 3940 lll
1547 3869 1675 3945 solidos

248 3993 460 4088 imperiales.
490 3995 529 4065 ln
559 3991 681 4066 eodem
713 3993 898 4066 mansell.
929 3991 1140 4064 caozelerins
1163 3993 1375 4066 Collonensis
1395 3991 1674 4091 arehiepisoopns

296 4220 339 4298 (o)
354 4221 390 4280 ln
407 4221 510 4280 oodlce
522 4217 626 4290 habiit.

295 4319 337 4400 lb)
357 4323 393 4382 In
407 4323 475 4382 eod.
491 4325 586 4384 Paris.
598 4325 699 4401 tertia}
713 4325 835 4386 iorsltan
851 4323 952 4384 tritici.

293 4425 332 4508 (c)
361 4429 397 4489 ln
410 4429 478 4490 eorl.
493 4431 587 4490 Poris.
596 4431 711 4510 Sept-io.

294 4531 339 4612 (ri)
359 4535 395 4595 ln
408 4535 475 4594 rod.
489 4535 584 4596 Paris.
600 4535 762 4598 Martinus.

296 4639 335 4720 (a)
361 4640 397 4701 In
410 4639 509 4702 codiee
523 4657 605 4721 poor.
