4554 6080
613 639 674 700 312
1092 634 1334 696 cltttomcuul
1359 637 1411 696 DE
1434 633 1564 696 tutos

613 772 767 869 glenium
782 769 969 864 Georgium
983 767 1141 842 similiter
1160 768 1438 860 derubaverunt,
1454 777 1489 842 et
1510 769 1561 840 sic
1576 786 1702 859 guerra
1718 765 1855 862 incepta
1873 774 1925 840 est
1949 766 2045 840 inter

614 907 780 991 utrasque
807 902 941 990 partes,
972 901 1007 965 et
1033 891 1091 965 die
1116 893 1210 986 jovis
1233 894 1276 966 lll
1300 893 1429 968 mensis
1454 891 1573 986 aprilis
1595 889 1774 964 redierunt
1804 889 1851 963 ad
1878 889 2039 986 propria.

613 1021 739 1092 Milites
753 1039 837 1092 veru
852 1017 912 1112 qui
929 1027 1010 1088 suut
1029 1015 1064 1088 in
1084 1017 1278 1112 Rasignana
1301 1039 1381 1090 cum
1397 1016 1564 1089 militibus
1580 1013 1767 1088 Mediolani
1782 1013 1843 1108 qui
1860 1013 1896 1086 in
1911 1035 2042 1088 eorum

613 1148 1004 1229 sucumumrenerunt,
1023 1140 1114 1212 circa
1133 1142 1162 1211 D
1179 1141 1235 1214 vel
1260 1140 1361 1214 CCCC
1380 1141 1507 1214 milites
1526 1147 1698 1214 venerunt
1713 1139 1749 1210 in
1772 1139 1986 1228 humellum,
2007 1146 2044 1210 et

613 1265 751 1340 interim
767 1273 930 1337 tractetur
946 1263 991 1338 de
1010 1265 1209 1338 cuncordia.
1230 1265 1291 1338 Die
1315 1265 1474 1338 mercurii
1494 1263 1649 1338 secundo
1668 1263 1798 1335 mensis
1813 1263 1932 1357 aprilis
1957 1263 2044 1336 lde-

614 1391 834 1466 diolunenses
853 1398 1071 1462 extruserunt
1096 1411 1216 1462 eorum
1233 1389 1425 1462 carrocium
1446 1390 1609 1462 iacientes
1631 1397 1834 1484 apparatum
1856 1386 1970 1460 eundi
1994 1383 2044 1460 ad

614 1513 811 1588 laciendum
834 1521 957 1608 guasto
980 1511 1219 1586 Laudensibus
1243 1524 1278 1586 et
1297 1513 1532 1586 invitaverunt
1549 1533 1670 1586 omnes
1689 1533 1810 1584 eorum
1835 1511 1970 1584 amieos
1993 1509 2043 1583 ad

614 1638 746 1712 dictum
762 1637 965 1710 exercitum.
978 1637 1043 1710 Die
1055 1638 1148 1729 jovis
1165 1638 1210 1710 lll
1222 1637 1351 1712 mensis
1363 1637 1483 1733 aprilis
1497 1637 1616 1711 audita
1628 1644 1709 1710 sunt
1722 1637 1873 1708 tonitrua
1887 1635 1923 1706 in
1934 1635 2039 1708 orbe.

612 1761 677 1834 Die
695 1762 777 1834 lune
794 1761 855 1834 llll
874 1759 1002 1834 mensis
1030 1761 1148 1856 aprilis
1172 1761 1255 1834 luna
1278 1761 1379 1856 quasi
1397 1771 1466 1836 tota
1488 1761 1524 1834 in
1538 1759 1745 1834 rotunditate
1766 1781 1830 1832 sua
1855 1780 1961 1854 passa
1988 1769 2043 1832 ost

613 1885 786 1981 eclipsim,
809 1885 847 1958 id
867 1893 919 1956 est
938 1885 1125 1956 delectum.
1144 1884 1275 1958 Eodem
1298 1907 1417 1960 mense
1440 1907 1503 1958 rex
1525 1884 1667 1958 Francis
1684 1884 1745 1980 qui
1765 1903 1903 1956 crucem
1928 1882 2042 1956 adsu-

614 2029 714 2080 mens
727 2029 789 2102 pro
804 2005 1039 2102 redemptione
1053 2019 1272 2101 peccatorum
1288 2029 1428 2083 suorum
1444 2029 1506 2104 pru
1522 2009 1783 2104 recuperatione
1794 2008 1897 2080 Terre
1910 2008 2042 2080 Sancte

615 2129 661 2204 de
682 2131 870 2204 Ultremare
885 2151 965 2202 cum
985 2129 1199 2226 principibus
1214 2142 1250 2204 et
1268 2132 1435 2222 ducibus,
1460 2132 1646 2204 comitibus
1665 2139 1701 2203 et
1716 2131 1856 2204 baronis
1868 2129 2039 2217 Francis,

615 2254 772 2328 Picardie
793 2263 828 2326 et
850 2255 986 2326 illarum
1001 2255 1156 2350 parcium
1177 2255 1445 2350 crucesignatis
1467 2255 1563 2328 venit
1583 2255 1620 2326 in
1640 2255 1876 2346 Provinciam,
1905 2253 2044 2328 deinde

616 2378 761 2450 transire
777 2379 874 2472 cupit
889 2377 935 2450 ad
953 2377 1071 2472 Aquas
1085 2379 1238 2452 Mortuus
1254 2379 1314 2451 ubi
1329 2378 1367 2450 lit
1380 2379 1556 2450 maximus
1570 2388 1757 2472 apparatus
1771 2377 1913 2450 navium
1933 2399 2041 2449 occa·

615 2502 713 2574 sione
728 2503 892 2574 transitus
915 2501 1073 2598 predicti.
1093 2503 1154 2574 Est
1175 2504 1268 2576 enim
1287 2503 1463 2577 maximus
1483 2503 1647 2576 transitus
1669 2503 1734 2574 iste
1757 2502 1944 2596 plusquam
1974 2501 2043 2572 luit

615 2647 779 2720 magnum
798 2635 935 2720 tempus
948 2635 1001 2698 est
1013 2627 1181 2720 elapsum.
1196 2627 1368 2700 Transivit
1379 2627 1473 2700 enim
1487 2628 1523 2700 in
1535 2626 1685 2722 presenti
1699 2626 1842 2720 pasagio
1853 2635 1923 2697 tres
1936 2645 2042 2718 reges

615 2749 768 2822 coronati
784 2771 887 2822 cruce
909 2749 1034 2843 signati
1058 2772 1138 2822 oum
1154 2751 1316 2822 omnibus
1340 2751 1479 2824 baronis
1501 2751 1575 2822 suis
1597 2774 1606 2818 ι
1628 2749 1759 2822 scilicet
1780 2771 1845 2822 rex
1871 2747 2037 2837 Francis,

615 2895 679 2946 rex
692 2873 870 2966 drogone,
893 2893 957 2946 rex
972 2873 1123 2964 Navare,
1146 2884 1181 2944 et
1203 2873 1331 2948 dicitur
1354 2873 1449 2967 quud
1463 2872 1672 2978 Odduardus
1689 2871 1780 2944 lilius
1799 2872 1892 2966 regis
1908 2871 2042 2966 Anglio

616 2996 721 3070 debet
744 2995 899 3068 similiter
916 3017 996 3068 oum
1015 2997 1235 3088 magnatibus
1259 2997 1414 3090 ejusdem
1438 2997 1564 3092 Anglie
1578 2996 1739 3088 transire;
1761 3005 1796 3068 et
1816 3017 1878 3069 rex
1900 2995 2040 3090 drago⁴

615 3120 733 3194 nensis
750 3121 810 3214 qui
831 3119 982 3215 presenti
998 3119 1048 3214 (a)
1064 3129 1173 3193 estate
1191 3119 1335 3194 transire
1348 3120 1459 3194 voluit
1479 3130 1515 3194 et
1532 3143 1602 3194 non
1623 3121 1734 3217 potuit
1749 3131 1888 3216 propter
1904 3121 2041 3194 lerooi-

614 3253 718 3317 tatem
742 3243 867 3335 maris,
886 3263 1005 3315 secum
1029 3241 1126 3314 ducit
1146 3241 1251 3316 liliam
1276 3266 1374 3318 suam
1398 3267 1503 3338 quam
1523 3245 1711 3340 oopullavit
1736 3245 1772 3315 in
1790 3266 1938 3318 uxorem
1963 3245 2040 3338 regi

615 3369 831 3440 Tartarorum
862 3369 916 3439 vel
948 3368 1024 3460 ejus
1049 3365 1120 3439 lilio
1150 3367 1211 3461 qui
1239 3369 1399 3440 Tartarus
1428 3378 1480 3442 est
1509 3367 1671 3440 inimicus
1698 3370 1960 3442 Sarouenorum.
1995 3369 2041 3442 Et

614 3492 855 3564 ambaxamres
876 3493 1039 3583 Veneoie,
1062 3491 1147 3564 Pisis
1172 3501 1207 3564 et
1225 3493 1335 3564 Janue
1361 3491 1489 3566 debent
1510 3515 1587 3567 esse
1609 3515 1725 3568 coram
1750 3493 1915 3588 predictis
1938 3495 2040 3588 regi-

613 3617 682 3689 bus
706 3615 753 3690 ed
776 3616 852 3688 illas
874 3623 990 3711 partes
1016 3638 1078 3710 pro
1109 3615 1347 3711 componendo
1371 3617 1459 3690 inter
1480 3639 1519 3690 se
1540 3637 1661 3712 pacem
1687 3617 1744 3690 uel
1765 3627 1947 3712 treuguam
1972 3639 2040 3692 oc-

614 3741 753 3813 casione
768 3739 852 3814 dicti
871 3740 1051 3830 transitus3
1074 3751 1109 3812 et
1132 3739 1190 3813 die
1210 3741 1371 3814 mercurii
1389 3742 1418 3814 ll
1438 3741 1567 3814 mensis
1584 3741 1665 3833 julii
1686 3741 1866 3836 navigium
1888 3741 2041 3816 adsuen-

614 3863 751 3936 derunt.

663 3986 726 4059 Die
746 3988 828 4058 lune
848 3987 908 4058 llll
928 3985 1056 4060 mensis
1083 3987 1221 4081 aprilis,
1247 4009 1327 4058 cum
1353 3987 1596 4060 ambaxatores
1620 3987 1711 4081 regis
1726 3989 1841 4062 Karoli
1862 3999 1979 4062 essent
2001 3989 2038 4060 in

616 4111 755 4184 civitate
768 4111 854 4183 Pisis
868 4131 930 4205 pro
948 4109 1190 4205 componendo
1201 4111 1420 4184 concordiam
1436 4113 1653 4203 interregem
1666 4111 1832 4184 Karulum
1848 4122 1883 4184 et
1893 4111 2040 4184 Pisanus

615 4236 662 4310 ad
682 4237 935 4332 instigationem
948 4236 1079 4330 judicis
1102 4235 1147 4310 de
1166 4235 1294 4309 Cularo
1314 4236 1507 4308 ceillerum
1533 4233 1578 4310 de
1605 4244 1702 4331 parte
1724 4259 1789 4311 sua
1812 4237 1874 4331 qui
1899 4245 2035 4331 partem

616 4361 702 4435 dicti
717 4362 808 4457 regis
821 4361 935 4435 Karoli
959 4361 1139 4451 fovebant,
1158 4359 1216 4434 die
1237 4361 1302 4434 istu
1318 4359 1393 4454 ipse
1409 4360 1524 4454 judex
1538 4359 1584 4435 de
1598 4360 1727 4434 Galuro
1748 4383 1829 4434 cum
1850 4371 1946 4456 parte
1971 4383 2039 4434 sua

615 4486 738 4558 armati
760 4485 806 4558 ud
825 4485 966 4560 domum
989 4488 1065 4578 ejus
1087 4495 1202 4575 erant;
1227 4493 1261 4556 et
1288 4483 1424 4579 incepto
1444 4485 1552 4580 prelio
1573 4485 1662 4560 inter
1683 4486 1778 4581 ipsus
1802 4495 1837 4558 et
1861 4485 2037 4582 populum

658 4737 700 4818 (a)
721 4737 892 4816 Lugendum
907 4753 977 4799 vero
987 4739 1143 4818 praetem.
1158 4737 1227 4800 Vld.
1243 4755 1343 4818 supra,
1358 4757 1389 4818 p.
1404 4747 1473 4814 aet,
1489 4745 1559 4800 298.
