4594 6066
787 656 828 714 ΙΝ
850 655 989 716 lanula
1014 655 1164 718 castis.
1618 655 1678 718 2d'l

269 799 351 862 sunt
375 799 473 862 extra
495 789 703 862 Placentiam
722 809 783 884 pro
809 798 905 884 parte
931 789 1084 886 ipsorum
1110 787 1320 884 integraliter
1342 783 1612 887 [restituantur]‚
1631 789 1678 862 ita

270 910 366 1006 qnod
388 912 505 984 omnia
529 919 656 984 statuta
682 919 717 984 et
744 911 1002 1003 ordinamenta,
1023 912 1165 984 consilia
1191 911 1279 984 laeta
1303 918 1422 982 contra
1448 931 1503 982 res
1528 919 1562 982 et
1586 911 1678 984 bona

270 1033 482 1130 proditorum
516 1043 551 1106 et
584 1035 767 1128 cujuslibet
795 1055 914 1108 acrum
941 1034 1116 1108 irritentur
1143 1043 1178 1106 st
1203 1041 1379 1106 cassentur
1405 1054 1467 1128 ρετ
1497 1053 1680 1108 commune

270 1157 441 1232 Placentia
458 1167 494 1232 et
514 1157 651 1254 penitus
666 1161 924 1256 anultanptur..
942 1161 1027 1232 ltcnr
1048 1158 1152 1254 qnod·
1165 1179 1284 1232 omnes
1306 1157 1465 1251 quisunt
1483 1157 1578 1232 cives
1602 1159 1679 1231 Pla·

270 1281 383 1354 centie
406 1291 442 1354 ct
462 1281 682 1378 episcopatus
708 1283 783 1356 sive
806 1281 981 1356 districtus
1004 1284 1065 1376 qui
1092 1291 1173 1354 sunt
1196 1291 1293 1354 erun
1320 1281 1524 1354 Placentiam
1550 1290 1584 1354 st
1605 1281 1679 1353 dis-

270 1403 407 1476 trictum
430 1406 603 1478 Placentia
623 1425 831 1500 quocunque
853 1405 957 1480 modo
979 1427 1041 1502 pro
1064 1419 1161 1502 parte
1182 1406 1258 1479 sive
1281 1403 1462 1478 occasione
1482 1403 1589 1497 partis
1610 1403 1679 1477 do·

270 1527 356 1600 mini
377 1527 495 1602 chrti
511 1529 719 1602 marchionis
738 1530 971 1603 Palavicini‘et
986 1531 1139 1604 Ubertlni
1161 1530 1209 1602 de
1229 1527 1375 1621 Audito,
1393 1527 1619 1601 extrahantur
1634 1527 1679 1600 de

269 1651 432 1724 omnibus
449 1652 574 1724 bannis
590 1662 624 1725 et
639 1653 945 1750 proscriptionibus
962 1654 1154 1726 communis
1170 1653 1339 1725 Placentia
1356 1661 1390 1725 et
1405 1651 1537 1748 possint
1552 1653 1678 1724 reverti

270 1775 307 1848 in
326 1773 500 1848 civitatem
521 1777 693 1850 Placentie
712 1785 748 1850 et
766 1777 1002 1872 episcopatum
1025 1777 1072 1850 ad
1094 1778 1306 1850 voluntatem
1324 1776 1495 1870 ipsorum,
1515 1775 1680 1848 restitutis

269 1909 376 1994 su'per
392 1899 666 1996 possessionibus
680 1909 716 1971 et
733 1900 833 1972 bonis
847 1921 918 1994 qne
930 1899 1105 1972 habebant
1121 1909 1274 1994 tempore
1291 1919 1362 1992 quo
1377 1897 1422 1970 de
1434 1898 1605 1970 Placentia
1621 1899 1678 1970 vel

271 2021 429 2096 distdctu
452 2021 654 2112 exiverunt;
677 2023 774 2095 salvo
797 2022 893 2117 quod
916 2045 977 2118 per
994 2023 1062 2094 hoc
1078 2040 1147 2094 non
1167 2021 1377 2114 intelligatur
1396 2020 1527 2114 aliquid
1545 2019 1677 2092 dictum

270 2167 374 2242 snper
383 2147 795 2220 reversionePlacentiam
809 2147 1028 2220 dominorum
1040 2145 1245 2216 marchionis
1255 2143 1440 2215 Palavicini
1450 2164 1514 2214 nec
1522 2143 1678 2216 chrtini

270 2267 316 2342 de
329 2267 476 2357 Audito,
501 2269 549 2341 ita
570 2277 685 2342 tamen
705 2269 802 2364 quod
822 2267 968 2365 prodisti
989 2269 1206 2352 Palavicinus
1228 2277 1262 2338 et
1277 2267 1462 2338 Ubertinns
1483 2265 1529 2340 de
1550 2265 1678 2339 Audito

269 2392 385 2488 posint
408 2402 443 2465 et
468 2392 618 2466 debeant
643 2393 820 2488 possidere
848 2402 882 2464 et
911 2390 1063 2485 gaudere
1087 2400 1121 2463 et
1144 2391 1273 2462 habere
1302 2409 1422 2462 omnes
1449 2391 1687 2482 possessiones·

271 2525 305 2588 st
331 2517 422 2588 bona
446 2525 480 2588 et
510 2517 625 2590 omnia
647 2519 727 2608 jura
755 2517 870 2611 quiete
890 2537 961 2610 que
980 2513 1154 2586 habebant
1181 2522 1216 2586 ct
1240 2512 1329 2584 soliti
1356 2520 1437 2584 sunt
1462 2508 1617 2610 [babere]
1638 2513 1678 2584 in

271 2637 409 2710 civitate
433 2647 469 2710 et
495 2640 695 2736 episcopatu
715 2639 886 2712 Placentia
906 2637 988 2710 binc
1007 2637 1043 2710 in
1069 2646 1159 2710 rutro
1184 2646 1218 2709 et
1241 2635 1404 2731 precipue
1431 2635 1571 2730 quando
1597 2636 1677 2708 Pla-

271 2760 382 2832 centia
397 2760 571 2832 exierunt.
590 2763 672 2832 ltem
689 2761 785 2854 quod
797 2761 914 2832 omnia
927 2767 1037 2832 castra
1053 2759 1246 2832 communis
1263 2768 1298 2830 et
1315 2757 1493 2830 hominum
1509 2757 1679 2832 Placentia

271 2889 306 2954 et
321 2882 397 2954 loca
414 2903 485 2976 qne
503 2891 662 2956 tenentur
678 2903 740 2978 ρετ
759 2903 943 2954 commune
962 2882 1127 2956 Cremcne
1147 2883 1224 2954 sive
1246 2901 1307 2976 per
1324 2879 1554 2956 marchionem
1580 2882 1676 2954 Pela·

270 3004 425 3078 vicinnm
441 3005 518 3078 sive
530 3025 592 3100 per
607 3012 737 3100 partem
755 3013 816 3078 aut
834 3005 984 3100 aliquem
1000 3005 1106 3100 partis
1126 3004 1290 3078 Cromnos
1311 3005 1387 3078 sive
1405 3003 1677 3078 Pelavicioorum

271 3145 334 3198 seu
352 3123 486 3198 domini
511 3127 664 3199 Ubertini
686 3127 731 3202 de
749 3127 898 3216 Audito,
924 3127 1126 3201 dimituntur
1147 3136 1182 3200 et
1203 3129 1423 3201 restituantur
1445 3129 1617 3200 communi
1646 3137 1680 3201 et

270 3247 469 3320 hominibus
482 3249 653 3323 Placentia
673 3250 868 3324 liberaliter·
878 3260 913 3322 et
929 3251 1139 3344 integraliter
1156 3271 1217 3346 ρετ
1233 3249 1426 3346 predictum
1444 3271 1628 3323 commune
1645 3261 1680 3323 et

270 3371 506 3444 Palavicinnm
529 3382 564 3444 et
586 3393 648 3468 per
677 3373 808 3447 dictum
831 3373 1031 3446 libertinum
1053 3372 1099 3445 de
1116 3371 1244 3446 Audito
1262 3379 1296 3444 et
1312 3372 1501 3466 quemlibet
1522 3373 1567 3446 de
1583 3383 1679 3469 parte

270 3493 449 3588 ipsorum,
468 3492 680 3568 attendendo
698 3504 733 3567 et
751 3495 970 3570 observando
988 3515 1170 3570 commone
1190 3496 1362 3568 Placentia
1377 3495 1414 3566 in
1431 3504 1538 3569 totum
1561 3508 1595 3568 et
1619 3517 1681 3590 per

271 3625 380 3690 toturn
398 3615 574 3713 quidquid
591 3617 627 3687 in
641 3617 716 3688 istis
729 3625 765 3690 et
784 3617 872 3690 inlra
890 3619 1025 3716 scriptis
1038 3629 1072 3694 et
1088 3619 1241 3712 quolibet
1256 3619 1397 3692 istorum
1411 3628 1446 3691 et
1462 3618 1549 3692 inira
1565 3619 1677 3714 serip-

271 3749 383 3812 tornm
417 3740 646 3835 capitulorum
673 3762 737 3836 per
767 3741 977 3814 sentenciam
1015 3742 1226 3826 continetnr;
1258 3740 1477 3814 adtendendo
1505 3743 1613 3814 sciam
1645 3751 1680 3815 et

272 3861 488 3937 obsecundo
503 3863 677 3959 quidquid
691 3863 808 3938 adbuc
829 3864 1036 3956 direxerint,
1055 3865 1269 3961 preceperint
1285 3875 1320 3936 st
1339 3865 1621 3938 sententiaverint
1644 3875 1680 3940 et

273 3986 426 4060 arbitrati
445 3989 572 4060 inerint
587 3987 675 4060 intsr
696 3999 810 4084 partes
824 3989 995 4084 predictas
1010 3989 1127 4062 arbitri
1143 3987 1375 4085 predictarum
1395 4009 1499 4084 super
1517 3989 1677 4060 omnibus

273 4109 431 4204 capitulis
447 4117 481 4182 et
490 4109 644 4204 quolibet
658 4130 791 4200 eorum,
805 4111 985 4186 retinendo
999 4113 1035 4184 in
1049 4133 1087 4185 se
1100 4111 1242 4208 predicti
1258 4111 1376 4194 arbitri
1391 4111 1569 4184 dominum
1583 4111 1680 4204 qnod

272 4232 364 4330 posit
380 4232 497 4306 adhue
510 4231 638 4324 dicere,
655 4243 687 4304 et
704 4245 823 4306 cetero.
844 4236 921 4320 Qus
938 4233 1055 4306 omnia
1072 4243 1148 4308 aeta
1165 4243 1244 4306 sunt
1257 4255 1319 4330 per
1334 4232 1506 4329 predictos
1519 4233 1629 4305 citatis
1647 4241 1681 4306 et

273 4355 448 4452 requisitis
458 4355 627 4430 ambabus
642 4355 799 4451 partibus
814 4356 1034 4452 supradictis,
1046 4355 1269 4451 probantibus
1279 4355 1328 4451 (a)
1337 4363 1372 4427 et
1387 4356 1605 4452 presentibus
1617 4356 1681 4428 Pe·

273 4479 391 4554 utrolo
410 4479 456 4553 de
472 4478 580 4574 llegio
593 4478 721 4551 nuncio
740 4487 775 4552 st
791 4488 1008 4573 procuratore
1026 4477 1157 4552 domini
1174 4477 1289 4550 Ubsrti
1307 4477 1494 4552 Palavicini
1513 4487 1547 4550 et
1558 4477 1681 4550 Vitano

312 4743 352 4820 (a)
370 4743 437 4807 Vox
451 4743 538 4804 valde
547 4741 651 4822 dubia,
666 4743 739 4804 dum
752 4745 783 4804 ln
794 4744 893 4806 codice
906 4739 1181 4824 legaturperlereat
1194 4743 1241 4804 rel
1255 4741 1436 4822 hujusmodl.
