4594 6066
614 637 672 702 186
1084 630 1323 696 cunontcott
1347 633 1399 694 DE
1423 634 1551 698 antus

609 781 755 870 pontum
770 769 822 868 (a)
840 767 968 844 ducere
985 768 1076 841 lecit.
1095 768 1138 840 Et
1162 790 1209 841 cx
1227 770 1312 864 ipsis
1335 769 1466 864 eligens
1484 769 1665 844 mandavit
1685 771 1762 844 illos
1786 771 1834 846 ad
1855 775 2018 854 Sanctum

608 895 790 970 Miuiatum
808 890 856 991 (b)
872 893 907 964 iu
930 891 1134 966 custodiam.
1159 893 1291 966 [nterea
1313 893 1499 988 imperator
1517 903 1590 969 erat
1608 893 1705 992 apud
1723 895 1881 971 Ymolam
1900 903 2019 976 voleus

608 1019 646 1091 iu
662 1018 897 1116 episcopatum
913 1017 1067 1090 BonoMe
1087 1016 1226 1090 intrare.
1244 1015 1312 1103 Qui
1330 1039 1410 1090 cum
1433 1017 1590 1114 predicta
1605 1018 1777 1110 audisset,
1797 1032 1911 1098 motus
1937 1025 2018 1102 inde

607 1143 689 1217 fecit
703 1143 780 1214 illos
797 1151 914 1237 captos
929 1140 1057 1214 ducere
1075 1139 1110 1212 iu
1123 1137 1298 1238 Apuliam.
1318 1141 1454 1216 Deinde
1475 1142 1660 1240 imperator
1683 1165 1762 1216 cum
1779 1147 1936 1220 exercitu
1953 1171 2017 1226 suo

605 1285 730 1340 versus
742 1265 884 1338 Romam
900 1263 964 1336 lvit
982 1273 1017 1338 et
1033 1263 1269 1360 episcopatum
1284 1265 1369 1338 Fani
1385 1265 1573 1340 destinavit
1589 1263 1635 1362 (c)
1653 1276 1688 1340 et
1705 1266 1826 1342 babuit
1842 1271 2017 1366 spoletum

606 1400 642 1466 et
665 1411 782 1463 muros
802 1387 989 1464 Benevemi
1016 1387 1172 1462 funditus
1195 1388 1391 1486 dissipavit.
1416 1388 1546 1464 Eodem
1571 1399 1725 1487 tempore
1743 1393 2017 1472 Mediolanenses

606 1535 668 1611 pro
688 1513 862 1588 communi
888 1512 1019 1608 preliati
1044 1521 1126 1586 suut
1150 1535 1231 1587 cum
1257 1513 1490 1610 Papieusibus
1515 1514 1551 1586 in
1573 1515 1730 1612 partibus
1747 1515 1958 1615 Pontislougi
1982 1531 2016 1594 et

605 1638 724 1734 Campi
745 1637 891 1729 Mortui,
912 1645 946 1709 et
962 1634 1276 1710 Mediolanensibus
1302 1637 1338 1710 iu
1361 1639 1481 1732 lugam
1509 1639 1686 1714 conversis
1701 1639 1889 1737 Papienses
1910 1665 2015 1742 cepe·

603 1771 684 1834 runt
712 1783 760 1834 ex
782 1761 867 1856 ipsis
892 1757 976 1833 Clll.
1000 1760 1125 1834 milites
1148 1771 1184 1833 et
1216 1759 1496 1836 Mediolanenses
1526 1783 1573 1836 ex
1601 1762 1827 1860 Papieusibus
1852 1779 2014 1863 ceperunt

602 1885 662 1960 XL
688 1884 824 1956 milites.
850 1883 889 1954 lu
918 1883 1078 1978 proluimo
1106 1904 1225 1957 meuse
1245 1885 1343 1977 julii,
1371 1907 1480 1980 quum
1506 1884 1803 1962 Poutremuleuses
1824 1910 1906 1962 cum
1926 1891 2014 1964 Par·

603 2008 780 2082 mensibus
805 2007 985 2101 litigabant
1016 2008 1196 2080 occasione
1227 2008 1400 2084 Groudele
1423 2018 1458 2082 et
1481 2029 1550 2082 nou
1573 2019 1670 2084 eraut
1698 2011 1790 2085 bene
1815 2011 2014 2090 obedientes

601 2131 819 2228 imperatori,
844 2131 990 2206 Ubertus
1010 2130 1227 2206 Palavicinus
1248 2133 1402 2206 vicarius
1428 2133 1645 2230 imperatoris
1668 2155 1715 2207 ex
1736 2135 1788 2208 eis
1806 2136 1865 2208 LX
1882 2137 2013 2210 ossides

602 2255 691 2328 tullit
715 2278 804 2352 quos
834 2256 870 2327 iu
898 2255 1061 2352 Apuliam
1090 2253 1231 2328 direxit.
1262 2256 1384 2330 Postea
1410 2254 1574 2330 mandato
1601 2254 1817 2352 imperatoris
1843 2267 1955 2334 turres
1980 2270 2014 2335 et

599 2389 716 2478 portas
740 2380 949 2454 Poutremuli
975 2379 1083 2453 diruit
1105 2389 1139 2452 et
1156 2377 1341 2454 destruxit.
1369 2379 1412 2452 Et
1431 2399 1595 2472 maguam
1622 2379 1849 2452 munitionem
1871 2383 1917 2454 ab
1943 2405 2013 2458 uuo

600 2504 712 2600 capite
734 2502 942 2576 Poutremuli
964 2503 1056 2576 lecit.
1079 2501 1212 2577 Eodem
1230 2524 1315 2576 vero
1338 2511 1491 2598 tempore
1511 2499 1689 2574 Ausaldus
1711 2501 1757 2576 de
1777 2503 1864 2578 Mari
1884 2507 2012 2580 amira-

599 2627 678 2722 gius
696 2626 910 2722 imperatoris
928 2647 1007 2697 cum
1022 2626 1111 2699 XLV
1127 2626 1236 2720 galeis
1250 2625 1391 2700 cottidie
1410 2634 1496 2722 aput
1516 2633 1654 2720 portum
1674 2625 1784 2700 lanua
1805 2627 2007 2723 navigabat,

599 2749 798 2844 injuriando
834 2749 1030 2836 civitatem,
1060 2771 1197 2847 semper
1223 2751 1259 2822 iu
1290 2761 1428 2848 portum
1465 2751 1577 2824 Mune
1607 2747 1828 2825 declinando.
1858 2751 2010 2828 Preterea

601 2873 748 2947 Ubertus
771 2873 990 2946 Pelavioiuus
1013 2895 1093 2946 cum
1110 2873 1244 2947 Pisanis
1268 2885 1303 2947 et
1327 2874 1404 2948 aliis
1427 2873 1664 2971 episcopatum
1682 2871 1736 2972 (d)
1755 2873 1865 2948 laune
1888 2875 2011 2950 devas-

600 2997 695 3088 tabat
714 2994 875 3094 cepitque
898 2996 1093 3093 Carpenum
1120 3005 1154 3070 et
1181 2997 1489 3090 Moutemrussum3
1510 3017 1559 3071 ex
1579 2997 1686 3070 alteru
1706 3019 1790 3072 vero
1809 3008 1906 3094 parte
1931 3001 2010 3096 epi·
2151 3009 2158 3018 ·

599 3131 761 3218 scopatus
796 3121 979 3216 Papieuses
1017 3143 1097 3194 cum
1133 3121 1412 3196 Terdouensibus
1438 3131 1473 3196 et
1506 3119 1863 3196 Alexandrineusibus
1897 3123 2007 3219 ipsum

598 3247 835 3342 episcopatum
866 3247 976 3320 Jauue
1008 3245 1246 3319 devastabant.
1276 3247 1315 3318 lu
1342 3245 1502 3343 proximo
1531 3265 1650 3318 mense
1678 3246 1816 3338 augusti
1848 3245 2008 3322 domiuus

598 3391 690 3468 papa
714 3369 900 3464 Gregorius
924 3369 969 3443 de
995 3369 1062 3443 boc
1089 3370 1206 3444 seculo
1232 3368 1327 3465 apud
1360 3369 1482 3442 urbem
1509 3367 1652 3442 Romam
1686 3369 1881 3462 emigravit.
1908 3369 2009 3468 Quod

597 3493 741 3590 quidem
759 3493 954 3588 intelligens
970 3493 1154 3588 imperator
1167 3493 1229 3588 qui
1243 3493 1280 3565 in
1299 3493 1366 3566 illis
1383 3491 1537 3590 partibus
1551 3491 1706 3565 civitates
1721 3501 1756 3565 et
1770 3493 1846 3566 loca
1858 3493 2009 3568 Ecclesia

597 3617 804 3710 invadebat,
825 3627 939 3690 motus
955 3617 1039 3691 iude
1057 3639 1136 3690 oum
1158 3617 1365 3691 exercituin
1387 3615 1550 3714 Apuliam
1566 3617 1775 3712 properavit.
1793 3615 2008 3692 Constitueus

597 3742 828 3816 marchionem
852 3741 1012 3815 Lanciam
1040 3741 1210 3816 vicarium
1232 3743 1309 3836 ejus
1327 3742 1363 3814 in
1379 3739 1606 3833 lombardia,
1634 3739 1730 3814 dedit
1757 3740 1789 3813 ei
1813 3739 1913 3814 CCCC
1937 3742 2008 3814 mi-

597 3866 675 3938 lites
700 3866 763 3960 qui
786 3873 901 3939 esseut
924 3887 1004 3938 cum
1023 3885 1082 3955 eo,
1103 3865 1219 3960 ipsum
1244 3885 1384 3961 quoque
1405 3873 1605 3960 potestatem
1632 3861 1798 3937 Cremona
1818 3865 2006 3937 coustituit.

597 3991 640 4064 m
655 4000 740 4063 tuuc
768 3990 948 4086 temporis,
972 4011 1036 4062 rex
1058 3989 1209 4063 Hencius
1234 3989 1433 4062 incivitate
1457 3989 1620 4062 Faventia
1642 3987 1873 4062 firmissimam
1896 3989 2009 4062 muni·

598 4115 725 4188 donem
744 4112 819 4188 lieri
840 4113 1006 4208 iaciebat,
1028 4112 1165 4186 mittens
1185 4134 1232 4186 ex
1250 4111 1386 4186 civibus
1407 4111 1483 4204 ejus
1504 4109 1510 4210 Ι
1532 4131 1620 4208 quoe
1639 4112 1760 4184 maluit
1778 4111 1816 4184 in
1832 4110 2004 4209 Apuliam.

639 4325 681 4406 (c)
702 4325 771 4389 Vox
789 4324 911 4387 lorsltau
931 4325 1008 4385 male
1022 4301 1212 4402 nanserlpta,
1226 4323 1300 4385 dnm
1319 4339 1467 4402 nusquam
1479 4323 1518 4386 de
1530 4328 1615 4386 muta
1628 4322 1803 4386 crudelltate
1819 4325 1929 4386 menno
1942 4321 2006 4386 liat.

596 4432 642 4495 ct.
656 4431 805 4506 Cumana,
817 4426 1079 4494 decadarum.
1091 4429 1331 4507 optirnarum,
1343 4429 1588 4512 scriptoram.

638 4537 679 4619 (b)
700 4540 736 4600 lu
749 4539 849 4600 codlce
862 4540 1000 4598 &actum
1011 4533 1161 4599 Milietum

637 4643 675 4725 (c)
701 4645 759 4706 Slc
774 4645 912 4707 Forsitan
924 4642 1091 4708 devastavit.

637 4751 680 4834 (d)
702 4751 738 4813 In
749 4752 847 4814 codice
860 4752 1032 4833 episcopata.
