4568 6064
700 671 703 676 ·
802 648 843 708 ΙΝ
868 647 1008 708 ll'llLlll
1032 645 1182 707 uusuls.
1643 641 1704 703 349

284 805 438 858 nuauses
454 795 488 857 et
508 777 750 856 amba'xatorcs
763 785 899 858 Verona
913 795 948 857 at
961 785 1114 873 Mantua,
1133 793 1168 854 et
1187 780 1325 853 videtur
1347 779 1442 873 quod
1462 781 1551 853 lacta
1568 780 1703 876 imperii

283 921 551 1007 augmententur
568 912 604 982 in
621 911 773 1002 bonum,
791 912 853 984 sed
869 912 915 984 ad
931 911 1089 989 ultimum
1113 911 1159 984 ad
1184 910 1349 980 nichilum
1370 908 1588 980 devenerunt
1613 911 1702 983 lacta

282 1036 373 1126 ejus.
393 1034 580 1128 Prophecia
595 1033 705 1105 dicit:
726 1061 744 1102 a
763 1034 895 1129 Yspani
909 1032 1020 1107 delusi
1037 1034 1169 1105 eiciunt
1188 1054 1296 1104 arma.
1319 1057 1335 1100 »
1354 1032 1404 1104 De
1421 1053 1538 1103 mense
1552 1032 1702 1124 januarii

283 1159 488 1232 Guillelmus
509 1157 553 1230 de
577 1157 729 1230 Pustorla
747 1157 859 1230 exivit
877 1157 921 1230 de
942 1157 1083 1230 civitate
1102 1156 1289 1230 Mediolani
1304 1178 1383 1228 cum
1404 1157 1520 1226 multis
1536 1156 1703 1249 magnati·

282 1283 351 1354 bus
364 1281 455 1353 illius
475 1281 638 1370 civitatiS,
654 1279 902 1376 propterquod
926 1291 999 1352 orta
1018 1289 1069 1352 est
1092 1302 1217 1374 guerra
1234 1280 1322 1352 inter
1338 1301 1523 1352 commune
1544 1279 1649 1373 Papio
1668 1289 1703 1352 et

281 1427 467 1478 commune
483 1403 668 1477 Mediolani
685 1414 720 1476 et
732 1404 858 1476 laude.

331 1531 512 1602 Demense
526 1529 664 1617 marcii,
683 1549 799 1600 comes
815 1527 1000 1600 Ubertinns
1017 1526 1062 1598 de
1080 1525 1199 1598 Laudo
1216 1523 1321 1598 habet
1340 1535 1520 1596 tractatum
1538 1547 1618 1596 cum
1638 1526 1701 1598 ali·

281 1649 474 1745 quibusda
494 1653 665 1724 Placentia
680 1651 831 1724 intrandi
849 1650 885 1720 in
907 1650 1059 1720 civitate.
1077 1619 1154 1734 Quo
1172 1650 1258 1720 scito
1279 1669 1340 1742 per
1360 1649 1574 1720 Placentinos
1594 1671 1702 1743 cepe-

283 1785 364 1846 runt
377 1775 615 1848 Gerardonum
631 1775 675 1846 de
685 1773 863 1868 Asplando
874 1782 1070 1866 magnatem
1083 1772 1127 1844 de
1138 1771 1226 1866 Ripa
1236 1771 1319 1842 Padi
1334 1781 1369 1842 et
1384 1771 1526 1843 divitem
1539 1771 1701 1864 etlloglo-

280 1899 372 1969 rium
388 1899 529 1971 Ferrum
554 1907 589 1970 et
612 1897 770 1968 llubeum
799 1895 844 1968 de
871 1897 1047 1968 Sconzeno
1069 1915 1157 1988 quos
1180 1894 1487 1988 decapitaverunt,
1509 1895 1700 1968 Garardum

280 2023 422 2094 Ferrum
441 2021 486 2093 de
501 2024 611 2092 Strata
631 2022 755 2092 levata
774 2030 998 2092 mercatorem
1014 2029 1048 2090 et
1062 2017 1280 2112 Raynaldum
1296 2019 1552 2107 Mazaieratum,
1565 2019 1701 2092 Gnido-

281 2167 359 2220 nem
380 2146 528 2218 Corvum
544 2143 712 2236 judicem,
734 2144 955 2216 Guillelmum
975 2142 1215 2230 Peldericium,
1239 2142 1445 2214 Palmarium
1462 2142 1697 2237 Ayguarium,

280 2271 447 2344 Obertum
468 2269 513 2343 do
532 2271 655 2364 Regio,
676 2269 831 2360 Ugonem
847 2268 893 2341 de
909 2267 1074 2340 Virviano
1089 2267 1181 2338 malo
1200 2266 1304 2338 modo
1326 2275 1359 2337 et
1385 2267 1471 2338 alios
1492 2267 1607 2360 plures
1624 2280 1700 2340 tor-

279 2390 546 2484 mentaverunt,
571 2395 686 2488 plures
709 2392 904 2485 lugierunt,
929 2391 1057 2462 seilicet
1080 2389 1243 2460 dominus
1262 2389 1452 2460 Tenerinus
1471 2389 1696 2480 Coxadocba,

279 2517 400 2588 Vitatis
413 2517 642 2602 Palastrellus,
655 2515 782 2586 Bonizo
796 2513 841 2586 de
853 2513 982 2586 Audito
994 2524 1028 2585 et
1042 2513 1253 2584 Lanirancus
1270 2511 1432 2605 dellegia
1447 2524 1480 2584 et
1494 2515 1551 2584 alii
1568 2515 1694 2608 plures.

326 2639 374 2710 M.
391 2637 454 2710 CC.
474 2639 613 2728 LXXV,
632 2637 688 2710 die
705 2639 764 2708 Vll
784 2637 914 2709 mensis
934 2637 1067 2732 aprilio,
1091 2637 1275 2732 Papienses
1287 2647 1321 2710 et
1339 2639 1503 2733 Spagnoli
1522 2641 1699 2714 voluntate

276 2771 312 2835 et
323 2761 514 2836 concordia
526 2764 741 2834 intraverunt
753 2762 787 2832 in
803 2762 980 2833 civitatem
994 2761 1228 2845 Verzelarum;
1246 2761 1306 2855 qui
1325 2762 1482 2834 similiter
1493 2765 1699 2856 juraverunt

276 2885 476 2960 fidelitatem
501 2885 643 2958 domino
667 2885 739 2978 regi
765 2886 843 2958 isto.
873 2885 936 2958 Die
958 2885 1052 2976 jovis
1080 2885 1109 2954 ll
1137 2886 1264 2956 mensis
1291 2885 1418 2975 madii,
1446 2887 1694 2980 Alexandrini,

275 3011 506 3084 existentibus
524 3031 629 3104 super
647 3020 771 3082 terram
790 3029 909 3082 eorum
929 3007 974 3080 ad
993 3019 1115 3102 guasto
1139 3009 1313 3080 communi
1326 3008 1447 3106 Papie,
1472 3013 1600 3085 milicia
1614 3013 1693 3106 Ast,

274 3135 517 3224 Vercelarum,
534 3135 702 3222 Novar-ie,
718 3135 829 3206 lanue
845 3155 924 3205 cum
943 3133 1157 3223 ballistariis,
1174 3133 1300 3204 milicia
1319 3133 1431 3205 Chorii
1450 3145 1483 3208 et
1499 3137 1693 3231 Spagnolis,

275 3259 417 3332 domino
430 3259 629 3331 marchione
642 3259 865 3330 Montislerati
879 3265 914 3329 et
929 3257 1007 3328 aliis
1023 3277 1142 3330 eorum
1162 3257 1281 3329 amicis
1292 3255 1475 3350 hostiliter,
1490 3261 1698 3352 juraverunt

274 3383 472 3455 societatem
490 3383 595 3477 Papio
613 3391 648 3454 et
666 3379 866 3452 fidelitatem
880 3381 980 3452 istius
994 3379 1126 3453 domini
1144 3381 1247 3473 regis.

323 3508 373 3578 De
391 3505 515 3578 eodem
535 3527 653 3578 meuse
671 3505 904 3576 Bononienses
927 3505 1083 3578 confricti
1098 3503 1174 3599 (sic)
1188 3516 1270 3577 sunt
1287 3506 1323 3576 in
1350 3507 1534 3580 contractis
1551 3509 1695 3583 Faeucie

273 3633 432 3704 noomite
445 3629 604 3704 Guidone
623 3630 667 3701 de
679 3630 895 3702 Monteleltro
906 3639 941 3702 et
954 3630 1120 3700 militibus
1135 3631 1273 3702 Faentie
1285 3641 1318 3702 et
1335 3655 1356 3704 a
1371 3631 1536 3705 Gibilinis
1555 3635 1689 3727 Tuscia,

272 3765 308 3830 et
323 3755 416 3851 capti
433 3770 515 3826 sunt
529 3754 631 3827 CCCC
649 3753 774 3826 milites
791 3753 837 3826 de
855 3753 1054 3825 melioribus
1067 3754 1233 3826 Bononio.

342 3881 350 3972 Ι
371 3880 434 3952 Die
448 3879 538 3971 jovis
550 3879 628 3949 lllll
643 3877 771 3950 mensis
781 3877 890 3969 junii,
911 3878 1143 3950 Bononienses
1158 3901 1238 3950 cum
1258 3887 1329 3950 toto
1348 3900 1469 3951 eorum
1489 3882 1637 3956 exfortio
1655 3885 1691 3956 in
1722 3911 1807 3958 run
1821 3919 1888 3957 aas.

270 4005 456 4078 contractis
479 4003 616 4075 Faentie
641 4024 662 4074 a
684 4004 808 4074 comite
838 3981 996 4074 Guidone
1021 4001 1066 4073 de
1089 4002 1304 4075 lllonteleltro
1329 4013 1362 4075 et
1384 4005 1509 4077 comite
1533 4005 1692 4080 Guidone

269 4129 414 4202 Novello
432 4141 502 4201 eta
523 4127 684 4200 Gibilinis
699 4127 823 4198 Tuscia
842 4135 877 4198 et
897 4126 942 4197 ab
959 4127 1037 4197 aliis
1056 4127 1222 4199 militibus
1239 4127 1332 4198 illius
1346 4139 1518 4202 contracte
1536 4133 1692 4204 confricti

270 4262 353 4323 sunt
368 4259 402 4322 et
412 4251 501 4345 capti
516 4249 724 4322 beneVlllll
737 4249 825 4322 inter
839 4249 964 4321 milites
978 4259 1013 4320 et
1023 4251 1249 4350 populareslet
1263 4251 1390 4323 mortui
1404 4253 1493 4324 bene
1507 4255 1599 4326 llllll
1611 4277 1690 4327 cum

269 4373 432 4446 omnibus
447 4374 553 4444 carris
569 4384 604 4445 et
620 4373 744 4444 veritis
762 4383 797 4444 et
812 4373 1005 4468 pavolionis
1021 4384 1055 4444 et
1070 4375 1174 4446 armis
1186 4385 1220 4445 et
1233 4375 1394 4447 omnibus
1412 4376 1517 4448 robus
1540 4389 1573 4450 et
1592 4379 1691 4451 bovi·

268 4497 337 4569 bne
355 4505 390 4570 et
404 4496 621 4590 bestiisquas
642 4496 679 4567 iu
700 4495 794 4569 dicto
818 4497 972 4568 exercitu
992 4497 1182 4588 habebant,
1198 4508 1233 4570 et
1258 4499 1303 4573 de
1325 4499 1401 4572 CCC
1419 4500 1587 4573 militibus
1602 4525 1691 4596 quos

267 4619 471 4692 Parmenses
483 4620 532 4690 ibi
550 4619 725 4692 habebant
739 4639 808 4692 non
823 4629 1010 4690 evaserunt
1023 4621 1090 4691 nisi
1104 4621 1210 4694 Xllll.
1230 4623 1272 4693 Et
1287 4623 1334 4694 ita
1346 4625 1531 4720 prophecia
1543 4647 1613 4720 que
1628 4627 1691 4700 diu

267 4743 466 4839 scriptaest
487 4744 762 4838 affirmaturque
785 4744 836 4815 sic
860 4743 945 4815 dicit
962 4767 1003 4814 :o
1029 4744 1137 4817 lineos
1161 4747 1383 4843 philosophos
1406 4751 1573 4822 dimicant
1597 4763 1632 4824 et
1655 4752 1691 4822 in
