4534 6074
582 647 643 712 130
1053 651 1294 716 cltuorttcort
1318 657 1370 716 llll
1394 655 1524 717 llllBUS

577 803 753 881 revocare.
770 785 820 858 Ea
844 796 983 882 propter
1000 787 1049 882 (a)
1068 799 1251 879 cognoscat
1268 789 1476 863 universitas
1492 789 1647 863 lidelium
1665 791 1799 886 imperii
1821 801 1890 862 tam
1908 814 1989 885 pre-

577 907 686 980 sentis
711 909 811 982 etatis
842 931 948 1004 qnam
979 912 1174 985 successive
1197 913 1402 1006 posteritatis
1431 911 1529 1004 qnod
1559 931 1623 983 nos
1649 909 1749 984 solita
1779 911 1989 1005 benignitate

576 1032 687 1122 gratie
705 1041 820 1107 nostre
831 1033 878 1106 ad
889 1032 995 1106 fidem
1008 1043 1044 1106 et
1060 1033 1300 1106 devectionem
1316 1032 1585 1107 lombardorum
1597 1034 1660 1128 qni
1674 1035 1862 1129 aliquando
1878 1058 1941 1109 nos
1956 1049 1989 1110 et

576 1153 761 1250 imperinm
777 1163 932 1228 nostrum
947 1155 1176 1248 offenderunt,
1192 1157 1327 1232 viscera
1345 1155 1445 1231 nobis
1466 1154 1473 1256 Ι
1494 1157 1611 1230 innato
1624 1158 1761 1254 pietatis
1782 1159 1986 1254 aperientes,

576 1299 635 1350 eos
653 1286 688 1350 et
711 1279 910 1352 sociotatem
927 1301 969 1352 ac
985 1281 1156 1353 sanctores
1170 1301 1290 1354 eorum
1309 1281 1346 1352 in
1368 1279 1617 1376 plenitudinem
1635 1283 1744 1376 gratie
1761 1291 1876 1355 nostru
1893 1305 1987 1357 reco-

574 1402 709 1495 pimns,
726 1401 873 1475 offensas
889 1425 1009 1477 omnes
1031 1411 1066 1476 et
1082 1405 1201 1499 culpas
1223 1405 1352 1499 quibus
1373 1425 1436 1478 nos
1454 1404 1501 1478 ad
1526 1403 1798 1500 indignationem
1815 1428 1988 1500 provoca-

574 1533 696 1596 verant
717 1527 902 1600 clementer
925 1527 975 1600 eis
995 1527 1224 1618 remittentes,
1248 1524 1405 1626 eos[qne]
1424 1537 1563 1624 propter
1587 1526 1704 1600 fidelia
1724 1527 1852 1602 devote
1874 1529 1988 1604 since-

572 1647 684 1721 ritatis
708 1671 772 1722 sne
797 1649 939 1723 servitia
961 1673 1032 1746 quc
1061 1650 1108 1724 ad
1133 1671 1197 1722 nos
1222 1651 1267 1724 ab
1294 1652 1345 1724 eis
1369 1651 1543 1724 credimus
1565 1651 1752 1725 certissime
1770 1661 1984 1748 recepturos,

572 1772 609 1844 in
633 1795 777 1845 numero
797 1771 1003 1847 dilectorum
1025 1772 1181 1847 fidelium
1199 1783 1393 1847 nosuornm
1413 1781 1628 1869 computatos
1646 1795 1841 1849 censemus.
1864 1777 1986 1850 Pacem

572 1895 690 1989 itaque
707 1905 858 1968 nostram
885 1919 992 1990 quam
1014 1897 1066 1970 eis
1080 1899 1266 1970 clementer
1289 1897 1460 1970 indultam
1484 1898 1736 1990 concessimus,
1758 1899 1929 1972 subscribi
1952 1910 1987 1974 ot

571 2019 904 2091 auctoritatisnostre
913 2015 1056 2118 [sigillo]
1064 2021 1233 2092 comuniri
1242 2020 1305 2117 (b),
1316 2021 1417 2114 cujus
1429 2019 1525 2116 pacis
1540 2030 1638 2094 tenor
1651 2031 1687 2093 et
1700 2021 1807 2094 series
1821 2022 1898 2096 talis
1910 2033 1982 2096 est:

618 2141 688 2212 Nos
710 2141 942 2214 Romanorum
970 2142 1155 2237 imperator
1176 2143 1380 2216 Fredcricus
1408 2153 1444 2216 et
1465 2143 1557 2217 filins
1586 2155 1705 2217 noster
1729 2145 1898 2220 ilenricns
1921 2169 1986 2222 rex

569 2265 791 2339 concedimus
802 2266 902 2338 vobis
913 2266 1126 2358 civitatibus,
1138 2267 1224 2340 locis
1237 2278 1272 2340 et
1284 2269 1438 2362 personis
1454 2269 1627 2342 societatis
1640 2255 1845 2344 lombardie
1855 2273 1984 2366 regalia

567 2395 602 2461 et
618 2389 887 2462 consuetudines
904 2399 1038 2462 vestras
1051 2399 1121 2462 tam
1135 2390 1171 2460 in
1185 2391 1384 2461 civitatibus
1401 2413 1506 2482 qnam
1522 2393 1803 2477 extracivitatcs,
1823 2393 1985 2466 videlicet

567 2521 602 2584 et
613 2512 749 2585 Verone
770 2521 804 2585 et
826 2522 938 2586 castro
952 2515 1028 2606 ejus
1041 2521 1076 2585 et
1091 2513 1279 2606 subbnrgis
1295 2513 1342 2609 (c)
1360 2521 1394 2586 et
1411 2512 1490 2585 aliis
1510 2512 1722 2604 civitatibus,
1742 2512 1827 2586 locis
1848 2521 1883 2585 et
1901 2533 1983 2607 per-

566 2635 661 2707 sonis
672 2635 848 2708 societatis
864 2636 900 2708 in
915 2647 1140 2731 perpetuum,
1160 2635 1326 2709 videlicet
1340 2645 1378 2709 nt
1397 2637 1434 2707 in
1449 2636 1524 2732 ipsa
1538 2635 1677 2708 civitate
1697 2634 1813 2708 omnia
1825 2635 1984 2708 habeatis

566 2757 656 2829 sicut
679 2759 845 2832 hactenns
868 2758 1039 2831 habuistis
1059 2759 1115 2831 vel
1140 2759 1288 2833 habetis.
1319 2760 1428 2832 Extra
1455 2779 1540 2831 vero
1566 2779 1687 2832 omnes
1714 2758 1983 2832 consuetudines

565 2879 640 2954 sine
658 2881 927 2955 contradictione
943 2882 1134 2955 exerceatis
1152 2903 1240 2978 quas
1259 2881 1305 2954 ab
1327 2881 1470 2976 antiqno
1487 2881 1691 2954 exercuistis
1708 2881 1767 2953 uel
1789 2879 1980 2970 exercetis,

565 3002 695 3076 scilicet
719 3003 756 3074 in
778 3003 878 3077 fodro
894 3012 928 3077 et
946 3005 1166 3096 nemoribus,
1186 3005 1326 3100 pascuis
1341 3013 1376 3078 et
1391 3005 1572 3100 pontibus,
1594 3003 1694 3098 aquis
1711 3012 1747 3076 et
1761 3003 1978 3093 mollendiis,

565 3125 655 3198 sicut
677 3126 723 3199 ab
742 3125 886 3219 antiquo
902 3125 1031 3200 habore
1045 3127 1272 3200 consuevistis
1282 3114 1350 3200 'vel
1368 3127 1524 3222 habetis,
1550 3127 1587 3198 in
1611 3125 1788 3214 exerdtn,
1811 3125 1849 3197 in
1866 3125 1981 3198 mnni-

564 3248 725 3322 ciouibus
745 3249 944 3342 civitatum,
962 3251 998 3322 in
1011 3251 1250 3344 jurisdictione
1266 3259 1336 3324 tam
1353 3247 1418 3349 [in]
1435 3249 1671 3322 criminalibus
1686 3250 1801 3322 causis
1816 3271 1923 3344 quam
1943 3249 1982 3320 in

563 3372 772 3467 pecuniariis
803 3373 897 3445 intus
917 3383 952 3445 et
973 3385 1072 3448 extra
1093 3384 1128 3446 et
1157 3375 1194 3446 in
1217 3373 1341 3447 ceteris
1370 3395 1441 3468 quo
1463 3371 1510 3446 ad
1532 3371 1813 3446 commoditatem
1833 3371 1983 3444 civitatis

563 3503 732 3590 spectant.
750 3497 918 3568 Volumus
936 3505 976 3568 nt
993 3497 1122 3590 regalia
1142 3519 1213 3591 que
1239 3497 1342 3571 vobis
1366 3517 1437 3568 non
1461 3496 1714 3586 concessimus,
1736 3495 1773 3566 in
1790 3495 1886 3567 hunc
1906 3515 1981 3567 mo-

565 3617 650 3692 dum
666 3627 916 3714 cognoscantur
934 3645 943 3690 a
959 3619 1142 3716 episcopus
1171 3621 1238 3694 loci
1258 3625 1293 3695 'et
1309 3621 1469 3694 homines
1486 3630 1556 3692 tam
1582 3617 1785 3692 decivitate
1807 3639 1914 3711 qnam
1935 3616 1982 3690 de

563 3743 764 3838 episcopatu
786 3743 978 3836 eligantur,
993 3743 1062 3816 viri
1079 3744 1170 3818 bone
1186 3745 1359 3840 opinionis
1380 3753 1415 3817 et
1428 3743 1489 3838 qni
1505 3742 1553 3817 ad
1569 3743 1636 3815 hoc
1653 3739 1785 3837 ydonei
1810 3761 1886 3813 esse
1908 3761 1981 3812 cre·

563 3865 709 3958 dantur,
731 3867 817 3938 tales
838 3867 900 3960 qui
921 3887 994 3938 non
1022 3875 1140 3940 contra
1164 3867 1336 3939 civitatem
1360 3887 1425 3940 nec
1444 3875 1563 3939 contra
1587 3873 1740 3937 nostram
1768 3865 1979 3956 majestatem

563 3989 698 4084 privato
714 3989 771 4060 vel
788 3989 927 4084 speciali
948 3987 1030 4062 odio
1045 3998 1243 4080 teneantur;
1259 3989 1321 4085 qni
1331 3991 1449 4082 jurent
1462 3989 1552 4062 hona
1572 3985 1644 4061 lide
1661 3986 1837 4082 inquirere
1852 3995 1887 4058 et
1903 3985 1980 4059 sine

563 4109 686 4184 fraude
714 4121 749 4184 et
775 4105 898 4209 [qnod]
916 4111 1079 4207 inquisita
1105 4113 1359 4206 consignabnnt
1378 4133 1420 4186 ea
1440 4133 1511 4207 qne
1534 4109 1727 4206 specialiter
1753 4107 1799 4182 ad
1827 4116 1978 4181 nostram

563 4245 718 4330 spectant
744 4235 985 4308 excellentiam
1008 4233 1071 4332 (d).
1098 4235 1235 4332 Siquis
1260 4243 1376 4308 antam
1399 4253 1503 4328 super
1530 4233 1600 4305 hiis
1627 4251 1697 4325 qne
1725 4231 1828 4302 vobis
1852 4231 1979 4325 promi-

604 4435 647 4516 (ιι)
669 4437 705 4498 Ιιι
719 4435 820 4497 codice
831 4435 881 4497 lca
895 4451 1014 4516 perper.

604 4539 645 4622 (ὀ)
667 4541 705 4603 In
717 4541 819 4604 codice
831 4542 1002 4617 sandrat,
1014 4543 1123 4603 omisso
1137 4540 1228 4603 uerbo
1232 4539 1376 4622 jussimus
1389 4538 1438 4600 rel
1452 4536 1635 4618 huiusmodi.

604 4647 644 4728 (r)
671 4650 707 4710 ln
720 4647 821 4710 codice
833 4645 989 4730 minacia

603 4753 647 4836 (d)
667 4753 715 4816 lbl
726 4754 813 4832 plura
826 4754 934 4818 deant
946 4769 1022 4834 quac
1035 4769 1085 4834 cp.
1101 4753 1184 4816 Pertz
1198 4756 1394 4832 reperiuntur,
1408 4751 1553 4825 Mecum,
1567 4753 1594 4811 t.
1607 4749 1661 4824 tv,
1675 4765 1707 4826 p.
1724 4753 1793 4808 itt.
