4594 6066
741 669 791 734 ΙΝ
810 669 950 732 matta
975 665 1153 734 GESTlS.'
1586 673 1643 736 189

223 811 419 904 Statimque
434 808 515 882 tecit
533 805 606 880 lieri
634 817 774 902 pontem
797 808 941 881 navium
967 807 1016 880 ibi
1038 830 1142 906 super
1166 807 1298 882 Padum
1316 816 1354 880 nt
1372 809 1402 882 si
1431 797 1644 900 contingeret

221 935 319 1030 qnod
335 933 614 1010 Mediolanenses
635 931 682 1004 ad
703 931 877 1005 civitatem
903 931 1075 1006 Placentia
1095 931 1315 1020 accederent,
1339 933 1436 1028 quod
1463 935 1538 1028 ipse
1562 955 1641 1005 curn

221 1058 297 1131 suis
314 1057 485 1130 militibus
500 1056 609 1129 cicius
626 1054 784 1130 Laudem
800 1055 986 1150 equitasset
1008 1063 1145 1130 etcum
1168 1051 1395 1152 Pa-piensibus
1423 1065 1458 1129 et
1489 1057 1567 1129 aliis
1593 1058 1643 1130 eie

220 1182 363 1256 obviarn
381 1181 515 1254 luisset.
532 1179 600 1265 Qui
615 1201 694 1252 cum
709 1201 774 1276 per
786 1180 861 1252 Vlll
877 1178 953 1252 dies
966 1180 1003 1250 in
1024 1179 1276 1254 obsidicionem
1293 1179 1377 1253 dicti
1395 1180 1496 1252 castri
1512 1201 1643 1254 moram

221 1307 405 1380 habuisset
419 1327 500 1378 cum
519 1305 713 1394 trabuchis',
732 1303 891 1376 homines
905 1303 967 1398 qui
982 1301 1080 1376 erant
1093 1305 1128 1376 in
1148 1305 1223 1400 ipso
1240 1313 1351 1376 castro
1367 1301 1594 1378 reddiderunt
1615 1303 1623 1403 Ι

222 1430 310 1504 illud
329 1431 403 1525 regi
425 1429 507 1504 data
532 1427 869 1524 fidancia'personis.
889 1429 1023 1500 Deinde
1040 1449 1103 1500 rex
1130 1429 1209 1500 lecit
1233 1428 1370 1502 diruere
1399 1437 1511 1503 turres
1528 1431 1644 1504 eccle-
1681 1439 1850 1486 Dim·

223 1551 356 1627 siarum
378 1551 425 1626 de
452 1551 631 1647 Sparoira,
660 1551 706 1624 de
726 1549 912 1624 llonchalia
930 1559 966 1624 et
982 1550 1128 1624 Albiano
1145 1562 1180 1624 at
1193 1553 1400 1646 Reperacto;
1429 1553 1506 1647 ipso
1532 1541 1644 1628 castro

223 1677 326 1752 etiem
346 1675 397 1773 (a)
424 1677 598 1770 guarnito,
618 1695 682 1748 rex
709 1696 789 1748 cum
813 1697 878 1749 suo
896 1675 1052 1748 exercitu
1079 1675 1249 1770 equitavit
1271 1674 1485 1748 Cremonam.
1502 1677 1546 1750 Et
1564 1677 1645 1753 inde

223 1809 381 1880 semotus
405 1814 488 1872 cunr
518 1799 591 1872 euie
618 1797 786 1872 militibus
810 1807 845 1871 et
868 1798 1156 1870 Cremonensibus
1175 1807 1281 1893 atque
1303 1783 1500 1873 marchione
1516 1791 1644 1877 Lancia

224 1923 395 2018 equitavit
421 1922 635 2013 Suncinnm,
657 1920 786 1995 deinde
809 1921 1005 1993 Palazolum
1032 1929 1068 1992 et
1095 1943 1174 1993 cum
1200 1921 1488 2017 Pergamensibus
1512 1935 1546 1996 et
1570 1927 1644 1999 Ma·

221 2047 366 2120 lexartis
381 2047 500 2118 Brixia
522 2067 586 2141 per
601 2045 850 2118 Flamacurtarn
871 2047 908 2118 in
930 2045 1131 2142 episcopatu
1146 2045 1264 2118 Brixis
1281 2041 1471 2120 devastavit
1487 2057 1521 2122 et
1545 2049 1643 2145 apud

222 2169 376 2242 Docham
408 2168 454 2241 de
477 2168 634 2263 Capriolo
658 2189 722 2242 rex
746 2171 951 2252 vnlneratus
973 2169 1039 2240 luit
1060 2169 1184 2263 sagitta
1210 2169 1246 2240 in
1270 2191 1372 2242 coxa.
1393 2171 1525 2245 Deinde
1542 2174 1645 2247 rediit

223 2291 417 2366 Suncinum
435 2291 591 2387 et'apud
616 2291 809 2368 Romanum
834 2301 1093 2366 castrametatus
1109 2303 1161 2365 est
1179 2301 1213 2366 et
1229 2293 1409 2366 combuxit
1428 2296 1640 2388 Mixianum,

224 2417 423 2507 Gusenum,
445 2415 627 2488 Trivilinm
658 2423 694 2486 et
713 2415 792 2488 ‘alia
822 2415 897 2486 loca
928 2413 1114 2488 Mediolani
1144 2439 1214 2511 que
1244 2428 1325 2490 sunt
1353 2419 1438 2494 citra
1464 2419 1640 2494 Addnam.

223 2539 360 2614 Deinde
375 2539 474 2613 venit
490 2538 527 2610 in
543 2538 780 2627 Cremascam,
799 2537 930 2612 ibidem
948 2561 1010 2633 per
1023 2539 1069 2610 v1
1087 2539 1162 2640 dies
1179 2539 1386 2613 devastavit.
1406 2543 1537 2616 Eodem
1555 2555 1645 2618 tem·

222 2685 309 2759 pore
325 2661 502 2734 Ansaldus
520 2661 566 2734 da
583 2661 669 2736 Mari
687 2661 876 2756 amiragius
898 2661 1110 2758 imperatorie
1129 2685 1211 2736 cnm
1228 2659 1451 2738 multitudine
1466 2669 1645 2760 galearum

223 2795 259 2860 et
274 2787 425 2862 Ubertus
448 2785 668 2858 Pelavicinns
692 2807 772 2860 oum
790 2787 923 2860 Pisanis
941 2797 976 2859 et
993 2787 1070 2860 aliis
1095 2787 1213 2860 multis
1237 2809 1301 2882 per
1326 2798 1451 2863 terram
1467 2801 1502 2863 et
1518 2815 1645 2888 aquam

225 2911 462 3007 episcopatum
494 2909 606 2982 Janue
634 2908 874 2984 devastabant.
909 2911 947 2982 ln
979 2911 1141 3007 proximo
1168 2933 1287 2984 mense
1309 2912 1465 3004 januarii
1489 2915 1644 2990 marchio

223 3033 444 3142 Montiliereti
462 3055 542 3106 curn
560 3033 759 3106 marchione
786 3033 832 3108 de
858 3035 995 3109 Salucio
1024 3036 1169 3109 Ianuam
1196 3037 1353 3108 accessit.
1383 3037 1516 3110 ibidem
1546 3063 1646 3113 man-

224 3159 307 3234 date
343 3157 495 3232 Ecclesia
525 3157 674 3250 juravit,
701 3179 812 3253 quum
836 3157 1112 3232 Mediolanenses
1133 3155 1192 3257 [et]
1210 3159 1399 3234 Placentini
1419 3163 1646 3256 promiserant

224 3283 258 3358 ei
290 3283 375 3358 dare
407 3283 540 3356 XXXM
563 3281 652 3356 libra
675 3281 880 3379 imperialia.
900 3281 1057 3354 Preterea
1085 3283 1316 3356 vercellenses
1339 3279 1643 3381 re[be]llaverunt,

224 3429 296 3482 non
324 3407 562 3504 permittentes
588 3406 715 3478 intrare
731 3427 850 3499 regern
876 3405 913 3477 in
931 3405 1103 3478 civitatem
1133 3425 1271 3498 eorum,
1299 3407 1505 3501 recipientes
1530 3407 1571 3481 G.
1602 3409 1647 3484 de

224 3531 447 3625 Montelongo
474 3531 627 3624 legatum
659 3551 739 3603 cunr
768 3528 824 3601 DC
852 3527 1019 3601 militibus
1049 3527 1236 3603 Mediolani
1265 3530 1301 3600 in
1332 3531 1406 3625 ipsa
1434 3531 1587 3606 civitate.
1607 3533 1648 3605 ln

223 3654 388 3750 proximo
413 3669 531 3726 mense
555 3651 695 3745 marcii,
714 3651 905 3726 lanuenses
922 3653 1136 3747 congregatis
1153 3652 1320 3725 militibus
1335 3653 1543 3748 Mediolani,
1571 3657 1649 3730 Pla·

226 3778 338 3852 oentie
363 3787 399 3854 et
426 3776 577 3850 balistris
593 3797 654 3872 per
675 3783 802 3848 terram
819 3785 854 3850 et
871 3799 998 3872 aquam
1014 3777 1260 3872 equitaverunt
1277 3778 1424 3850 Saonam
1450 3777 1488 3850 in
1514 3781 1649 3854 obsidi·
1765 3807 1768 3812 ·

225 3901 370 3974 donam.
386 3901 465 3974 ilex
482 3922 567 3974 vero
582 3899 676 3972 misit
695 3898 732 3973 in
750 3921 827 3974 aum
848 3901 1022 3974 civitatem
1038 3902 1264 3997 quantitatem
1282 3902 1430 3972 militum
1444 3911 1479 3976 et
1492 3902 1649 3998 peditum

224 4025 331 4121 Papie
354 4032 389 4098 et
406 4025 543 4097 illarum
569 4023 755 4120 parcium,¹
767 4033 803 4098 et
820 4025 981 4098 laoomns
998 4024 1044 4097 de
1061 4025 1199 4100 Carreto
1224 4023 1377 4097 marchio
1400 4027 1549 4117 juvabat
1566 4023 1652 4102 Sao·

226 4169 322 4222 nam.
336 4149 380 4222 Et
394 4169 476 4222 enm
501 4169 563 4245 per
587 4149 632 4224 vt
656 4145 870 4222 ebdomadas
886 4149 1076 4222 lanuenses
1099 4147 1148 4220 ibi
1172 4169 1304 4220 moram
1319 4149 1503 4240 ¹fecissent,
1523 4151 1649 4224 intelli-

228 4283 351 4367 gentes
380 4273 617 4348 marchionem
642 4273 812 4348 Lanceam
844 4293 924 4344 cnm
950 4271 1117 4344 militibus
1146 4271 1184 4342 in
1211 4269 1421 4364 adjutorium
1451 4273 1651 4348 intrinseco·

226 4421 307 4470 rum
325 4397 375 4494 (b)
393 4395 573 4488 accedere,
589 4395 671 4469 dato
686 4407 818 4472 sturmo
835 4395 966 4470 civitati
982 4396 1108 4485 Saone,
1124 4395 1160 4468 in
1177 4417 1302 4490 magna
1317 4397 1508 4490 quantitate
1522 4399 1649 4472 mortui

227 4531 263 4594 et
276 4521 451 4594 vulnerati
463 4519 592 4594 relictis
606 4519 781 4614 trabuchis
799 4529 1026 4594 recesserunt.

284 4703 303 4742 a
334 4687 371 4747 In
383 4685 486 4746 codiee
500 4691 540 4744 et.

271 4681 314 4872 {ld
335 4792 371 4854 ln
385 4793 485 4854 codice
499 4749 694 4852 marchionem
705 4747 862 4866 uncam,
873 4795 943 4868 etc,
959 4807 1012 4870 per
1025 4793 1213 4853 amanuensis
1226 4791 1411 4853 oscitantiam
1425 4791 1577 4870 repetitur.
