4534 6074
556 641 598 702 84
980 649 1220 711 cflnoulcou
1247 650 1546 712 Plecuurlttutl.

557 803 576 848 »
598 778 726 873 pariter
747 789 782 852 et
800 782 970 854 auxilium
999 805 1114 876 neque
1137 785 1241 858 ullam
1261 787 1397 881 oopiam
1425 781 1636 858 defendendi
1662 784 1847 877 babentes,
1873 787 1970 880 oogi'·

558 925 577 970 n
599 912 710 974 temus
732 903 836 997 igitur
856 905 1000 998 predas,
1018 908 1171 1001 rapinas,
1197 910 1437 1004 oppressiones
1457 919 1667 998 castrorum,
1684 909 1837 982 locorum
1855 911 1970 982 emis-

558 1049 576 1094 »
597 1025 712 1098 siones
731 1029 843 1122 primo
858 1029 1044 1120 sustinere,
1062 1031 1216 1104 dedecus
1232 1041 1267 1104 et
1284 1033 1507 1128 obprobrium
1526 1033 1596 1128 pati
1613 1053 1719 1126 quam
1733 1054 1829 1105 arma
1846 1033 1969 1106 bellica

558 1173 576 1218 n
596 1151 686 1223 velle
703 1172 879 1224 exercere.
903 1179 921 1222 n

605 1271 653 1344 Μ.
668 1273 732 1346 CC.
747 1275 915 1368 XXVIIII,
932 1275 1120 1350 indictione
1135 1281 1309 1366 secunda,
1328 1279 1506 1353 demenso
1520 1281 1619 1373 julii,
1636 1281 1867 1354 Bononienses
1882 1291 1969 1353 tem·

554 1417 661 1490 quam
685 1397 751 1468 viri
776 1399 966 1494 prudentes
990 1411 1025 1473 et
1051 1403 1263 1495 magnanimi
1296 1404 1457 1500 superbie
1482 1415 1517 1476 et
1543 1405 1698 1499 nequitie
1721 1405 1969 1477 Mutinensium

554 1519 773 1594 inimicorum
797 1543 917 1594 eorum
947 1524 1104 1598 resistere
1136 1528 1310 1613 volentes,
1340 1527 1533 1600 exercitum
1560 1550 1725 1622 magnum
1759 1529 1906 1600 militum
1933 1537 1969 1600 et

554 1642 727 1738 peditum,
753 1646 1010 1720 halestariorum
1030 1657 1065 1720 et
1082 1649 1338 1742 sagittariorum
1358 1660 1393 1724 et
1410 1651 1573 1725 universe
1596 1653 1709 1746 gentis
1733 1673 1798 1724 sue
1824 1662 1859 1723 et
1882 1653 1969 1723 ami-

555 1787 673 1838 cornm
697 1789 816 1841 eorum
840 1771 951 1842 lacere
968 1783 1237 1866 proposuerunt,
1264 1783 1388 1848 terram
1407 1795 1565 1868 qunque,
1584 1776 1658 1848 loca
1673 1783 1707 1846 et
1724 1783 1834 1847 cestra
1848 1795 1967 1846 eornm

555 1888 751 1982 destruere,
776 1891 977 1964 comburere
999 1903 1034 1966 et
1061 1892 1263 1990 depopulari
1290 1895 1479 1990 cupientes.
1499 1897 1575 1982 Quo
1602 1897 1649 1969 ita
1671 1905 1819 1987 statuto,
1840 1898 1968 1988 legatos

553 2012 647 2084 viros
667 2013 799 2085 nobiles
822 2015 1016 2106 Ravenam,
1045 2017 1240 2111 Fnentiam,
1258 2019 1402 2090 Imolem
1423 2031 1458 2092 et
1478 2019 1525 2092 ad
1539 2020 1623 2092 alios
1639 2019 1768 2091 amieos
1782 2039 1902 2090 eorum
1925 2018 1967 2088 il·

552 2133 665 2207 larum
679 2139 833 2231 partium·
843 2137 1065 2230 dIrexerunt,
1083 2140 1248 2213 instantes
1264 2151 1299 2213 et
1319 2142 1413 2235 ipsos
1428 2165 1475 2215 ex
1490 2152 1588 2238 parte
1604 2142 1798 2215 communis
1815 2142 1969 2214 BononIe

553 2268 736 2331 exorantes
764 2270 803 2330 ut
829 2281 908 2332 oum
936 2263 1030 2334 omni
1057 2273 1159 2357 gente
1179 2275 1214 2336 et
1234 2265 1334 2337 sortia
1357 2288 1474 2338 eorum
1503 2269 1539 2338 iu
1560 2289 1765 2340 succursum
1794 2275 1829 2340 et
1854 2265 1969 2338 subsi-

553 2382 652 2456 dium
673 2385 866 2456 communis
887 2385 1039 2460 Bononio
1057 2389 1254 2462 festinanter
1275 2391 1441 2464 accedere
1463 2391 1640 2464 deberent.
1665 2391 1733 2477 Qui
1750 2410 1872 2462 omnes
1889 2411 1967 2461 suo·

553 2528 692 2578 cursum
719 2517 752 2579 et
774 2509 970 2583 subsidium
996 2532 1072 2583 esse
1095 2511 1235 2585 daturos
1261 2515 1415 2608 plenarie
1438 2515 1702 2608 responderunt.
1728 2513 1840 2584 Simili
1863 2509 1967 2583 modo

554 2630 796 2703 ambexatores
836 2633 930 2704 viros
968 2635 1161 2708 rectoribus
1185 2645 1219 2710 et
1242 2659 1305 2731 per
1332 2659 1614 2730 unamquemque
1649 2636 1823 2708 civitatem
1857 2634 1967 2728 ipsius

553 2753 724 2826 societatis
755 2755 942 2845 miserunt,
975 2757 1196 2852 implorantes
1220 2760 1338 2833 abeis
1362 2771 1396 2833 et
1425 2759 1661 2832 attentissimis
1687 2759 1848 2854 precibus
1874 2759 1967 2852 ipsos

557 2877 778 2971 deprecantes
810 2887 848 2948 ut
873 2879 1167 2972 Mediolanenses,
1199 2883 1414 2976 brixienses,
1445 2885 1623 2956 Mantuani
1653 2893 1688 2956 et
1714 2883 1901 2954 Placentini
1930 2882 1965 2952 in

553 2999 726 3072 mandatis
750 3001 870 3074 darent
894 3011 933 3072 ut
949 3003 1094 3096 quilibet
1111 3006 1253 3078 istorum
1272 3029 1335 3103 per
1357 3029 1457 3080 suam
1482 3017 1605 3080 terrem
1628 3007 1664 3076 in
1685 3005 1966 3077 Cremonensium

555 3133 589 3196 et
609 3125 844 3196 Parmensium
863 3136 968 3198 terras
991 3127 1157 3202 intrarent
1180 3139 1215 3201 et
1241 3152 1300 3202 ens
1318 3132 1400 3225 igue
1415 3137 1606 3203 cremarent
1618 3139 1652 3200 et
1670 3149 1829 3222 guerram
1854 3129 1966 3200 Iacere
2072 3222 2073 3225 Ἴ

555 3245 732 3320 deberent.
754 3249 983 3343 Percipientes
1006 3261 1121 3324 autem
1141 3251 1224 3324 dicti
1243 3254 1346 3346 legati
1374 3263 1409 3326 et
1434 3253 1501 3324 viri
1526 3250 1666 3349 providi
1689 3249 1785 3345 quod
1808 3249 1966 3345 postula-

554 3371 638 3444 bant
656 3371 703 3444 ad
729 3373 863 3444 exitum
882 3371 1071 3468 perducere
1090 3397 1312 3470 nequaquam
1335 3397 1454 3472 posse,
1479 3377 1524 3450 ab
1549 3375 1680 3450 eisdem
1697 3375 1888 3447 rectoribus
1905 3395 1965 3468 pe·

554 3493 681 3566 tierunt
704 3505 743 3566 ut
767 3495 974 3589 adjutorium
1000 3498 1146 3568 militum
1168 3509 1202 3570 et
1223 3499 1482 3572 halestariorum
1510 3499 1685 3572 communi
1712 3497 1865 3570 Bononio
1890 3519 1966 3590 pre·

554 3626 685 3692 starent
713 3620 812 3692 turbe
836 3620 984 3693 decenti.
1009 3621 1076 3706 Qui
1100 3623 1352 3695 communicato
1379 3623 1541 3694 conscilio
1568 3621 1639 3694 duo
1664 3621 1759 3693 milia
1785 3620 1911 3692 milites
1933 3629 1967 3692 et

555 3742 762 3836 quingentos
792 3743 990 3816 halestarios
1020 3746 1193 3817 communi
1219 3746 1372 3820 Bononio
1405 3767 1482 3818 esse
1509 3745 1650 3818 daturos
1681 3745 1912 3838 promiserunt
1933 3753 1966 3815 et

556 3877 802 3938 convenerunt.
824 3867 959 3950 Quibus
976 3867 1023 3939 ita
1036 3869 1159 3962 gestis,
1180 3870 1366 3942 Placentini
1383 3871 1507 3942 milites
1520 3889 1664 3940 numero
1681 3867 1855 3940 CLXXIIII
1868 3867 1966 3938 electi

556 3989 591 4060 in
615 3989 785 4060 auxilium
804 3990 1070 4062 Bononiensium
1088 3992 1187 4084 equis
1209 4001 1243 4063 et
1265 3992 1370 4062 armis
1394 3991 1614 4082 decentibus,
1632 3990 1786 4062 tentoriIs
1805 3999 1840 4060 et
1859 4007 1967 4080 equo·

556 4133 633 4183 rum
674 4111 907 4205 cohoperturis
928 4111 934 4211 Ι
955 4115 1092 4209 egregie
1130 4114 1323 4209 preparati,
1364 4113 1575 4186 indumentis
1613 4134 1755 4207 quoque
1794 4111 1967 4206 pretiosis·

556 4231 653 4304 simis
681 4232 848 4326 ordinati,
876 4234 934 4306 die
964 4237 1101 4308 venerIs
1128 4237 1218 4308 VIIII
1251 4235 1417 4309 kalendas
1448 4235 1585 4329 angusti
1609 4232 1662 4329 (t)
1689 4242 1723 4305 et
1747 4231 1806 4304 die
1832 4231 1966 4302 sabbati

557 4356 714 4448 sequenti
732 4357 905 4430 civitatem
928 4359 1103 4450 exierunt;
1126 4361 1189 4432 iter
1209 4382 1328 4432 eorum
1347 4358 1455 4432 eundi
1478 4360 1513 4430 in
1531 4378 1734 4430 succursum
1749 4363 1784 4427 et
1798 4351 1967 4425 auxilium

558 4549 1355 4566 -b———u--a--o—--un-ffl-

595 4663 629 4736 (t)
648 4663 685 4720 Le
705 4669 721 4722 9
744 4669 824 4720 event
841 4665 881 4722 les
899 4665 1027 4725 lrelendcs
1038 4667 1130 4726 d'eodt
1143 4669 1190 4741 (st
1200 4667 1300 4740 juillet)
1315 4665 1426 4722 tombeit
1440 4683 1476 4721 un
1488 4663 1574 4721 mardi
1585 4679 1620 4721 en
1632 4667 1712 4720 tile.
1724 4659 1867 4719 Peut-ttre
1880 4655 1968 4714 Inutil

557 4760 604 4820 lire
615 4761 688 4819 XIII
700 4761 828 4819 Pelendos
841 4762 888 4836 (20
898 4763 1007 4838 J'uillet).
