4568 6064
614 611 676 672 38l
1085 611 1330 675 CllXONlCON
1354 617 1406 677 ott
1429 619 1557 678 REBUS

614 749 662 818 ibi
679 756 753 819 eret
770 767 833 842 pro
846 753 1003 818 senatore
1018 745 1150 820 domini
1167 751 1259 843 regis
1271 752 1386 824 Karoli
1405 763 1440 825 et
1460 754 1574 848 ipsum
1591 759 1756 848 oeperunt
1772 765 1807 826 et
1822 764 2027 848 possuerunt

613 873 649 943 in
668 893 837 944 carcerem
857 881 891 944 et
909 872 1036 944 multos
1055 874 1180 946 milites
1195 878 1339 950 Francie
1356 879 1417 972 qui
1437 879 1486 950 ibi
1508 888 1605 950 erant
1620 879 1855 973 procustodia
1871 878 2028 968 ejusdem

613 995 761 1066 civitatis
793 994 1053 1086 interfecerunt,
1083 1009 1118 1070 et
1147 999 1196 1070 sic
1224 1003 1303 1072 tacti
1331 1013 1412 1072 sont
1440 1002 1586 1074 rebelles
1617 1001 1759 1072 domino
1789 1001 1863 1094 regi
1888 1001 2024 1073 Karolo.

612 1117 743 1190 Eodem
761 1131 914 1213 tempore
930 1117 1093 1193 domines
1109 1145 1172 1194 rex
1186 1124 1333 1196 Xarolns
1351 1143 1432 1194 suos
1448 1123 1689 1194 ambaxetores
1706 1123 1799 1193 misit
1816 1123 1852 1194 in
1871 1124 2030 1195 lombar·

614 1245 707 1318 diam
732 1267 793 1340 pro
813 1246 963 1341 petendo
974 1249 1144 1318 auxilinm
1157 1258 1192 1320 et
1206 1249 1406 1339 juvamena
1425 1247 1625 1320 civitatibus
1642 1247 1847 1321 lombardie
1870 1249 1931 1342 qui
1950 1259 2029 1322 sunt

614 1373 689 1462 ejus
703 1370 824 1456 amici,
839 1379 873 1440 et
886 1369 1072 1441 Placentini
1089 1370 1307 1442 donaverunt
1315 1373 1366 1444 eis
1377 1373 1446 1444 lth
1464 1372 1604 1444 florinos
1615 1372 1692 1443 auri
1708 1372 1744 1442 in
1758 1373 1876 1444 verbis
1890 1382 2025 1461 tamen3

615 1493 773 1566 nundum
792 1492 867 1564 illos
881 1493 1020 1566 florinus
1038 1495 1069 1564 ei
1085 1492 1269 1567 dederont.

664 1619 712 1688 M.
731 1617 1009 1706 cc.Lxxx1111,
1027 1617 1085 1688 die
1105 1617 1223 1690 martis
1239 1619 1269 1688 ll
1286 1619 1414 1690 mensis
1438 1617 1543 1690 madii
1566 1618 1723 1689 homines
1747 1617 1792 1690 de
1814 1619 1890 1690 loco
1908 1618 2029 1691 Boscbi

615 1739 790 1812 districtos
805 1739 1015 1812 Alexandria
1032 1741 1092 1833 qui
1112 1752 1165 1812 est
1183 1762 1292 1836 prope
1310 1742 1483 1813 civitatem
1502 1740 1715 1814 Alexandria
1729 1763 1791 1836 per
1807 1743 1836 1814 V
1852 1744 2026 1835 milliaria‚·

615 1885 653 1934 se
674 1862 846 1935 dederunt
861 1863 896 1932 in
912 1863 1017 1935 loreia
1039 1865 1174 1936 illorum
1194 1865 1239 1936 de
1255 1865 1361 1939 Puteo
1382 1868 1654 1939 lorbnnnitorum
1668 1869 1864 1939 communis
1878 1868 2029 1940 Alexan·

616 1989 690 2060 drie
714 1987 776 2081 qui
803 1997 894 2058 stant
923 1989 959 2064 in
985 1988 1124 2060 civitate
1145 1989 1302 2061 Terdone
1326 1991 1529 2062 rebellantes
1558 1989 1734 2062 communi
1758 1989 1974 2062 Alexandrie
1997 2000 2030 2062 et

616 2111 756 2184 domino
770 2109 962 2182 marchioni
976 2111 1213 2182 Montislerati.

664 2238 714 2308 De
732 2257 851 2306 mense
871 2256 954 2306 vero
973 2234 1078 2306 madii
1096 2236 1206 2307 XXlll
1225 2237 1323 2328 galee
1343 2237 1536 2308 communis
1553 2246 1588 2308 et
1603 2236 1783 2308 bominum
1805 2237 1916 2308 Janue
1933 2235 2031 2308 inve·

615 2369 743 2430 nerunt
759 2379 863 2429 unam
884 2379 1007 2430 navem
1024 2360 1217 2452 guarnitam
1233 2361 1427 2430 communis
1442 2361 1596 2431 Pisanum
1614 2382 1720 2454 quam
1739 2361 1874 2455 preliati
1895 2361 2032 2432 luerunt

615 2491 650 2551 et
663 2503 739 2553 eam
759 2492 926 2574 ceperunt
945 2503 1007 2575 per
1026 2481 1112 2570 vim,
1132 2492 1166 2553 et
1186 2483 1260 2576 ipsa
1276 2482 1357 2552 navi
1370 2503 1448 2552 eum
1464 2482 1662 2552 hominibus
1681 2494 1715 2554 et
1734 2484 1838 2553 rebus
1854 2505 1924 2574 que
1940 2483 2033 2556 intus

615 2604 760 2677 aderant
776 2605 901 2699 captis,
920 2605 998 2676 Xlll
1020 2605 1181 2698 guerniie
1208 2627 1269 2698 pro
1287 2605 1461 2676 communi
1480 2603 1632 2674 Pisarom
1650 2616 1819 2674 venerunt
1843 2605 1879 2675 in
1896 2605 2032 2677 subsci-

617 2730 713 2801 dium
738 2729 829 2802 dicte
854 2730 970 2810 nevis3
999 2751 1106 2821 quam
1133 2751 1213 2800 enm
1235 2729 1301 2824 ipsi
1328 2725 1486 2800 viderent
1508 2737 1643 2822 captam
1670 2729 1820 2822 perteriti
1848 2731 2033 2800 voluerunt

618 2853 738 2945 lugere
756 2863 790 2922 et
811 2873 880 2923 oon
903 2862 1103 2945 potuerunt.
1126 2852 1175 2923 llli
1199 2873 1282 2924 vero
1305 2851 1350 2923 de
1374 2853 1483 2924 lanua
1506 2851 1666 2925 videntes
1688 2863 1723 2922 et
1744 2863 1990 2945 cognoscentes
2011 2875 2033 2925 a

618 2975 722 3069 longe
735 2976 851 3070 galeas
861 2975 1015 3047 Piserum
1043 2975 1202 3046 timentes
1219 2984 1407 3070 posuerunt
1420 2976 1536 3068 ignem
1557 2975 1592 3046 in
1611 2975 1691 3046 navi
1705 2985 1803 3070 capta
1817 2987 1851 3046 et
1865 2987 2033 3070 quotquot

618 3100 653 3168 in
683 3100 758 3192 ipsa
781 3099 875 3171 viros
898 3109 1065 3194 ceperunt
1090 3107 1125 3170 et
1148 3097 1350 3170 occiderunt
1375 3109 1410 3170 et
1434 3098 1711 3187 submerserunt,
1732 3112 1767 3169 et
1792 3099 1841 3168 sic
1866 3100 2032 3193 impetum

618 3223 782 3296 iacientes
802 3223 838 3293 in
856 3223 938 3294 istas
963 3223 1040 3294 Xlll
1062 3221 1181 3317 galeas
1199 3221 1292 3316 ipsas
1306 3243 1368 3317 per
1384 3221 1456 3292 vim
1476 3233 1660 3314 ceperunt,
1681 3221 1884 3293 oeciderunt
1898 3233 1934 3293 et
1949 3222 2034 3294 sub-

617 3349 810 3421 merserunt
826 3359 997 3443 quotquot
1012 3347 1061 3418 ibi
1075 3349 1302 3437 invenerunt,
1323 3345 1470 3418 detentis
1487 3345 1576 3416 circe
1593 3347 1625 3416 M
1643 3346 1728 3417 viris
1753 3345 1802 3416 ibi
1819 3346 1928 3439 captis
1945 3368 2034 3440 quos

616 3473 654 3543 in
673 3473 869 3544 carceribus
884 3474 995 3544 Janue
1017 3472 1273 3544 conduxerunt.
1298 3473 1428 3542 Novem
1454 3491 1536 3542 vero
1555 3471 1653 3563 galee
1679 3469 1724 3541 de
1739 3471 1825 3541 Pisis
1847 3471 2034 3543 veniebant

617 3607 693 3692 post
708 3597 789 3667 istas
805 3595 905 3686 Xlll,
928 3617 998 3688 que
1013 3593 1172 3666 videntes
1190 3615 1315 3666 navem
1334 3615 1493 3686 magnam
1513 3603 1549 3664 ot
1563 3595 1682 3686 galeas
1696 3593 1897 3666 Pisanorum
1918 3603 2036 3687 captas

617 3721 777 3793 abierunt
792 3729 882 3792 retro
901 3729 935 3790 et
949 3729 1147 3790 evaserunt.
1165 3721 1214 3790 De
1231 3739 1349 3790 mense
1364 3739 1448 3789 vero
1471 3717 1576 3790 madii
1599 3718 1689 3789 circa
1708 3717 1862 3790 medium
1880 3737 2035 3788 mensem

618 3843 771 3915 marchio
787 3843 1011 3915 Montislerati
1028 3864 1108 3914 oum
1126 3843 1292 3914 militibus
1307 3851 1343 3914 et
1356 3841 1485 3937 populo
1499 3840 1710 3914 Alexandrie
1723 3850 1758 3914 et
1773 3861 1852 3912 com
1869 3841 2037 3912 militibus

618 3967 898 4041 vercellarum'et
919 3987 997 4038 oum
1023 3987 1126 4038 cerna
1152 3967 1296 4036 militum
1319 3975 1353 4037 et
1373 3965 1528 4058 peditum
1546 3965 1695 4037 Novarie
1711 3977 1746 4037 et
1770 3987 1851 4037 cum
1871 3965 2036 4038 militibus

618 4103 654 4163 et
676 4092 849 4186 peditibus
867 4093 956 4163 terre
974 4111 1037 4163 sue
1054 4101 1088 4161 et
1109 4088 1186 4161 aliis
1208 4090 1281 4159 suis
1300 4087 1420 4160 amicis
1436 4086 1481 4159 de
1499 4087 1680 4179 Pemonte,
1700 4089 1763 4160 ivit
1781 4089 2037 4184 addepopula-

613 4215 747 4288 'tionem
764 4216 913 4288 civitatis
932 4213 1090 4286 Terdone
1109 4234 1178 4306 que
1196 4212 1383 4284 rebellabat
1398 4212 1443 4284 ei.
1462 4213 1499 4282 ln
1518 4214 1619 4306 cujus
1632 4213 1844 4286 deffensione
1861 4224 1944 4285 sunt
1960 4211 2036 4284 CCC

618 4341 743 4413 milites
755 4339 940 4411 Mediolani
964 4349 998 4410 et
1019 4337 1235 4408 Cballisterii
1253 4347 1287 4407 et
1309 4335 1333 4407 C
1355 4332 1361 4432 Ι
1385 4336 1510 4407 milites
1526 4337 1699 4408 Placentie
1712 4348 1746 4408 et
1762 4336 1981 4408 Lbellis'terii
2001 4343 2036 4408 et

543 4463 546 4472 ’
618 4467 643 4538 C
662 4461 787 4535 milites
810 4463 976 4534 Cremone
1001 4471 1036 4534 et
1056 4459 1178 4531 LXXX
1203 4460 1398 4550 ballisterii‚
1423 4459 1471 4529 nil
1489 4459 1628 4550 Brixis,
1647 4469 1682 4530 et
1703 4460 1828 4532 milites
1850 4459 2035 4532 extrinseci

617 4589 852 4680 Alexandrie,
875 4589 1004 4660 seilicet
1017 4587 1066 4656 illi
1082 4585 1127 4657 de
1139 4587 1268 4671 lutee,
1284 4598 1319 4657 et
1340 4585 1502 4657 Albertus
1527 4585 1678 4664 marchio
1691 4585 1880 4679 Malaspina
1896 4593 1930 4656 et
1944 4604 2034 4656 oon-

617 4724 725 4786 sortes
745 4713 812 4785 sui.
833 4714 876 4784 Et
899 4711 1021 4784 habuit
1044 4709 1208 4782 dominns
1237 4709 1390 4781 marchio
1412 4707 1460 4779 ibi
1489 4709 1525 4779 in
1555 4707 1649 4780 dicto
1674 4709 1830 4780 exercitu
1852 4709 1886 4779 bl
1909 4708 2035 4780 milites
