4676 6066
579 589 621 650 20
1000 587 1243 652 cultortlcort
1266 590 1568 653 concessimus

577 731 723 806 veruut3
743 723 833 794 inter
857 733 998 796 necatos
1021 735 1058 798 et
1085 725 1308 800 detruncatos
1330 728 1421 801 bene
1437 745 1582 798 numero
1605 723 1695 810 CCC,
1708 727 1907 819 temporalis
1925 727 1992 800 vite

578 847 763 920 terminum
777 847 972 920 subierunt.
993 850 1068 922 lloc
1084 850 1133 922 ita
1146 861 1299 946 peracto,
1318 849 1547 924 castrametati
1565 849 1663 920 inere
1674 850 1778 940 juxta
1793 849 1889 923 istud
1908 850 1991 922 bos-

577 970 703 1066 pitale,
717 971 787 1042 alio
806 992 891 1044 vere
914 969 974 1044 die
993 972 1129 1045 rediere
1146 973 1305 1048 domum.
1323 974 1455 1048 Eodem
1477 994 1583 1063 anno,
1600 973 1679 1046 XIV
1697 973 1864 1056 kalendas
1888 984 1991 1047 octu-

578 1093 651 1166 bris
667 1091 731 1189 (l),
751 1093 878 1166 milites
893 1094 1079 1168 Mediolani
1101 1107 1138 1169 et
1160 1098 1301 1172 duoenti
1329 1100 1454 1172 milites
1478 1097 1651 1170 Plaeentic
1670 1097 1732 1190 qui
1748 1097 1784 1168 in
1798 1096 1990 1172 Mediolano

576 1227 692 1308 crant,
716 1217 764 1290 ad
788 1217 1064 1292 comburendum
1087 1220 1159 1294 duo
1183 1223 1260 1296 loca
1276 1221 1414 1314 laude,
1429 1223 1650 1316 cavenagum
1670 1230 1706 1292 et
1725 1273 1919 1294 ........
1939 1219 1989 1317 (a)

576 1360 728 1434 cumque
745 1360 904 1414 cursores
924 1345 1171 1438 precessissent
1187 1345 1232 1419 ad
1249 1347 1316 1418 ista
1333 1348 1407 1420 loca
1422 1355 1459 1418 et
1475 1346 1534 1418 XL
1556 1345 1681 1416 milites
1700 1343 1888 1418 Mediolani
1904 1346 1989 1418 alios

575 1463 807 1559 precedebant
822 1465 1016 1560 colligendo
1034 1468 1201 1563 predicta,
1215 1470 1345 1542 obviati
1363 1479 1445 1542 sunt
1459 1469 1537 1542 aliis
1551 1468 1611 1540 XL
1623 1467 1791 1540 militibus
1807 1467 1939 1558 Laude,
1956 1479 1989 1542 et

575 1587 690 1660 statim
711 1588 839 1662 milites
860 1611 941 1662 cum
963 1591 1040 1664 aliis
1059 1593 1282 1666 commiscere
1295 1597 1400 1686 juxta
1421 1594 1543 1666 vineas
1563 1589 1569 1686 Ι
1592 1589 1721 1664 Laude.
1744 1592 1816 1664 Hoc
1831 1591 1987 1666 auditoa

575 1711 801 1804 Placentinis,
822 1713 937 1784 statim
957 1714 1017 1786 ubi
1041 1725 1140 1787 eraut
1156 1715 1346 1790 adversarii
1363 1723 1609 1805 sucurrerunt,
1632 1723 1739 1807 atque
1759 1713 1853 1808 ipsos
1877 1736 1987 1809 usque

573 1834 667 1908 intus
684 1835 794 1908 fossas
813 1836 931 1909 laude
950 1839 1141 1910 confractos
1160 1838 1392 1928 reduxerunt,
1411 1847 1447 1910 ct
1464 1838 1630 1910 continno
1647 1836 1847 1910 laudenses
1867 1857 1986 1910 omnes

571 1965 672 2032 extra
695 1961 877 2048 exierunt,
903 1982 966 2056 per
992 1961 1069 2034 vias
1098 1971 1229 2036 stantes
1254 1969 1390 2034 nostros
1414 1961 1518 2034 valde
1542 1961 1790 2051 verberavere,
1809 1971 1845 2034 et
1861 1961 1985 2034 milites

571 2081 757 2156 Mediolani
777 2083 823 2154 ad
843 2082 973 2156 bellum
993 2094 1187 2176 currentes,
1205 2085 1419 2158 Placentinus
1442 2085 1532 2156 iuter
1553 2105 1593 2156 se
1616 2093 1652 2156 et
1672 2083 1846 2156 civitatem
1867 2083 1984 2157 Laude

570 2205 831 2297 concluserunt;
853 2215 888 2279 et
903 2215 986 2279 tuuc
1000 2229 1048 2280 ex
1064 2209 1272 2282 Placentinis
1292 2210 1355 2282 XV
1370 2209 1495 2281 milites
1512 2208 1603 2302 capti
1623 2208 1776 2295 luerunt,
1792 2209 1880 2280 inter
1897 2229 1984 2303 quos

568 2331 634 2403 luit
659 2330 825 2404 Gislerius
845 2329 892 2404 do
910 2331 1058 2424 Audito,
1084 2341 1168 2404 tunc
1189 2334 1310 2406 consul
1332 2332 1517 2406 Plaeentie.
1537 2332 1582 2403 Et
1603 2353 1651 2406 ox
1669 2331 1789 2404 Laude
1811 2332 1984 2406 Mediola-

568 2477 694 2528 nenses
710 2465 745 2527 et
762 2455 951 2527 Placentini
974 2465 1141 2551 oeperunt
1161 2457 1246 2528 Lllll
1269 2456 1414 2544 milites,
1433 2465 1470 2528 et
1486 2455 1536 2526 CC
1555 2455 1705 2548 pedites,
1726 2456 1879 2528 etmulti
1900 2456 1983 2549 equi

567 2579 714 2650 militum
734 2575 907 2652 Placentia
927 2588 1009 2650 snut
1027 2579 1237 2674 interempti.
1255 2577 1387 2652 Eodem
1410 2599 1516 2668 anuo,
1542 2599 1662 2650 mense
1686 2576 1882 2670 decembri,
1903 2579 1982 2650 Pla-

566 2703 693 2774 centini
721 2703 901 2796 elegerunt
931 2722 993 2798 per
1024 2711 1227 2798 potestatem
1258 2701 1436 2776 dominum
1465 2700 1658 2774 Palatinum
1686 2699 1905 2774 Advocatum
1936 2700 1980 2774 de

563 2826 737 2898 Vercellis.

612 2949 742 3023 Eodem
760 2971 852 3024 anno
868 2949 928 3046 (b),
948 2971 1065 3023 mense
1078 2951 1247 3044 J'annarii,
1268 2951 1428 3024 civitates
1446 2947 1652 3023 lombardie
1665 2951 1870 3042 juraverant
1888 2959 1980 3024 stare

563 3075 734 3171 preceptis
752 3074 885 3148 domini
904 3073 1074 3147 Drusacdi
1091 3072 1162 3171 (sic)
1177 3075 1284 3169 legati
1309 3074 1440 3148 domiui
1459 3074 1574 3146 Eurici
1592 3072 1806 3167 imperatoris
1829 3074 1867 3144 in
1883 3073 1979 3146 ltalia

561 3221 667 3295 super
681 3197 816 3294 guerris
831 3207 866 3270 et
881 3197 1063 3271 discordiis
1080 3199 1302 3290 lombardie,
1320 3209 1354 3270 et
1370 3209 1455 3271 tuuc
1472 3197 1606 3270 firmata
1623 3205 1676 3269 est
1692 3219 1766 3292 pax
1783 3205 1819 3270 et
1835 3218 1976 3270 eoncor-

560 3323 621 3396 dia
637 3323 727 3395 inter
741 3321 897 3394 civitates
911 3322 948 3392 in
965 3322 1103 3416 scriptis
1116 3331 1152 3394 et
1170 3323 1405 3395 sacramentis.

607 3447 654 3519 M.
670 3447 708 3520 C.
720 3441 962 3543 LXXXX[lV],
982 3445 1170 3518 indictione
1184 3447 1264 3536 Xll,
1284 3467 1403 3530 meuse
1422 3444 1550 3534 madii,
1568 3445 1659 3516 lacta
1674 3452 1727 3516 est
1743 3465 1814 3537 pan
1831 3453 1866 3515 et
1881 3442 1977 3515 finita

557 3569 646 3642 inter
678 3568 834 3640 civitates
867 3567 1091 3658 bombardie,
1119 3570 1222 3661 jussu
1255 3568 1356 3642 istius
1379 3567 1423 3666 (c)
1454 3566 1642 3656 Drusardi,
1671 3575 1819 3660 excepto
1856 3567 1976 3638 Parma

557 3703 593 3768 et
622 3691 820 3765 marchione
854 3689 1035 3765 Muruello.
1068 3691 1200 3766 Eodem
1231 3714 1371 3783 meuse,
1407 3693 1593 3788 imperator
1628 3689 1775 3760 Enricus
1805 3690 1903 3761 veuit
1938 3689 1974 3760 iu

557 3815 821 3908 lombardiam,
851 3825 886 3888 et
910 3817 1022 3911 primo
1046 3815 1190 3890 intravit
1215 3815 1469 3907 Mediolanum,
1496 3827 1613 3910 postea
1638 3814 1702 3886 ivit
1727 3813 1888 3907 Papiam;
1916 3811 1975 3884 die

559 3941 698 4013 veneris
719 3939 818 4012 tertio
842 3939 971 4013 mensis
987 3941 1078 4032 junii
1098 3941 1194 4013 venit
1217 3941 1446 4030 Placentiam3
1468 3939 1526 4012 die
1549 3939 1667 4010 martis
1690 3938 1849 4034 proximo
1873 3959 1986 4015 exer.

599 4167 641 4248 (a)
662 4167 709 4230 lbl
723 4171 853 4245 spatium
866 4183 994 4230 uacuum
1007 4169 1039 4228 ln
1053 4167 1152 4229 oodloe
1165 4175 1306 4229 remanet.

595 4271 637 4354 (b)
661 4273 779 4335 Scilicet
794 4281 882 4334 1194.

598 4379 636 4461 (c)
661 4381 698 4442 lu
711 4379 811 4442 codice
821 4380 912 4442 atos.

588 4720 625 4796 (l)
644 4725 679 4781 lt
694 4722 856 4797 septembre.
