4568 6064
585 643 647 704 354
1057 651 1299 712 CHRONICON
1323 651 1375 712 nte
1400 651 1529 713 aeuus

586 778 673 850 tium
687 780 872 852 Bastonum
889 783 950 877 qui
967 794 1039 858 eret
1055 785 1100 858 de
1117 789 1326 883 sequacibus
1345 787 1476 860 domiui
1488 787 1660 860 Guillelmi
1678 785 1723 860 de
1745 788 1843 862 Petra
1863 789 2001 862 oecide-

585 911 666 973 runt
677 912 712 974 et
724 905 839 998 plures
853 907 898 978 de
915 907 997 1002 ipsis
1007 911 1289 984 vulneraverunt.
1304 913 1346 984 Et
1357 911 1481 984 videus
1492 909 1789 1006 hoelo)domiuus
1800 913 2001 985 GuiIIeImus

587 1024 631 1098 de
648 1027 746 1100 Petra
771 1030 881 1102 exivit
906 1030 1107 1106 decivitate
1132 1056 1211 1106 cum
1238 1045 1307 1107 tota
1331 1035 1460 1108 familia
1477 1043 1513 1107 et
1536 1035 1601 1106 ivit
1621 1033 1668 1108 ad
1689 1035 1841 1122 Petram,
1864 1047 1898 1108 et
1922 1047 2004 1108 tunc

584 1149 771 1244 Papieuses
790 1155 945 1226 fecerunt
960 1165 1109 1250 quatuor
1130 1158 1293 1231 aneianos
1316 1159 1352 1228 in
1370 1158 1513 1230 civitate
1530 1158 1653 1252 Papio,
1673 1159 1803 1231 scilicet
1821 1157 2002 1231 dominum

584 1272 771 1345 Ricardum
788 1277 992 1371 Georgium,
1013 1279 1167 1352 Roohum
1182 1279 1227 1353 de
1245 1282 1373 1370 Strata,
1394 1281 1592 1373 Roglerium
1618 1280 1664 1352 de
1685 1281 1788 1354 Curta
1805 1292 1840 1354 et
1862 1281 2003 1354 Guillel-

584 1419 681 1468 mum
693 1397 738 1471 de
753 1401 915 1474 Sioheriis
930 1403 992 1496 qui
1006 1403 1274 1476 introduxerunt
1288 1404 1520 1477 marchionem
1534 1403 1759 1478 Montisierati
1778 1426 1857 1476 cum
1876 1427 2005 1499 magno

584 1521 759 1616 triumpho
774 1525 810 1594 in
828 1525 1002 1598 civitatem
1020 1526 1137 1622 Papia.

633 1645 696 1718 Die
710 1648 803 1739 jovIs
824 1649 929 1721 XVIII
947 1652 1076 1722 mensis
1092 1651 1183 1743 junii
1200 1673 1270 1746 pax
1291 1654 1408 1744 jurata
1428 1661 1463 1724 et
1485 1649 1687 1724 confirmata
1711 1651 1800 1722 inter
1822 1651 2003 1723 dominum

584 1790 701 1864 regem
725 1771 891 1844 Karqum
914 1785 948 1845 et
967 1776 1146 1848 forestatos
1162 1777 1272 1849 Juuue
1295 1798 1343 1847 ex
1364 1799 1432 1848 una
1455 1783 1552 1871 parte
1575 1785 1609 1848 et
1627 1795 1811 1848 commune
1831 1777 1940 1849 lanne
1959 1775 2004 1846 ab

584 1892 664 1966 alia.

632 2019 696 2091 Die
714 2019 795 2092 que
812 2021 907 2093 XXII
925 2023 1053 2094 mensis
1070 2021 1161 2114 junii
1185 2020 1348 2094 domiuus
1365 2043 1454 2117 papa
1472 2023 1693 2094 Innocentius
1707 2022 1851 2118 quintus
1873 2021 1919 2094 ab
1937 2021 2005 2092 bac

583 2143 663 2215 luce
686 2143 732 2216 ad
759 2144 918 2217 celestem
945 2145 1075 2218 curiam
1103 2147 1358 2239 transmigravit
1387 2147 1423 2216 iu
1454 2145 1592 2218 civitate
1621 2147 1741 2218 Rome.
1771 2147 1813 2218 Et
1835 2145 1893 2218 die
1921 2145 2001 2216 sab·

583 2267 655 2338 bati
668 2269 715 2338 XI
727 2269 856 2340 mensis
865 2269 943 2360 julii
962 2269 1139 2363 sequentis
1155 2269 1348 2342 cardinales
1367 2269 1404 2340 iu
1418 2268 1604 2341 concordia
1620 2269 1794 2363 eligerunt
1807 2268 1843 2340 in
1864 2269 2004 2340 civitate

582 2392 691 2464 Rome
710 2393 746 2462 in
762 2393 1011 2488 appostoIIcum
1030 2392 1209 2466 dominum
1227 2393 1439 2464 Ottobonum
1460 2371 1508 2464 de
1527 2393 1623 2465 Fisoo
1641 2391 1851 2465 cardinalem
1874 2390 1921 2464 de
1943 2414 2003 2486 ge·

583 2537 666 2588 nere
680 2516 845 2587 comitum
864 2514 1033 2589 Alavauie
1049 2527 1083 2589 et
1100 2525 1261 2588 vocatum
1274 2528 1327 2587 est
1344 2537 1470 2588 nomen
1493 2516 1570 2606 ejus
1591 2515 1766 2588 Adrianus
1784 2513 1947 2608 quintus,
1969 2525 2005 2586 et

585 2637 643 2711 die
660 2639 778 2710 martis
798 2639 905 2711 XVIII
925 2640 1063 2733 augusti
1090 2639 1187 2711 obiit.
1208 2640 1258 2710 De
1285 2659 1404 2712 mense
1420 2638 1515 2731 julii,
1541 2659 1623 2733 pars
1646 2638 1939 2730 Lanzavegiorum
1960 2636 2006 2710 de

584 2761 795 2835 Alexandria
813 2763 960 2858 expulsa
976 2771 1029 2833 est
1045 2762 1091 2834 de
1111 2759 1323 2833 Alexandria
1339 2770 1373 2833 et
1391 2760 1533 2833 reduxit
1547 2781 1586 2833 se
1609 2759 1657 2833 ad
1680 2771 1832 2834 castrum
1855 2762 1953 2834 Nove
1972 2769 2007 2830 et

584 2887 631 2960 ad
644 2888 808 2958 Pezolum
823 2895 857 2958 et
871 2886 917 2958 ad
936 2895 1085 2957 castrum
1108 2885 1240 2958 domini
1260 2885 1468 2957 marchionis
1492 2885 1719 2959 MontisIerati
1737 2884 1836 2958 etad
1855 2895 2005 2956 cestrum

585 3011 721 3082 Bosohi.

633 3134 764 3206 Eodem
784 3143 937 3228 tempore
961 3131 1061 3226 quasi
1084 3153 1145 3226 per
1162 3139 1271 3204 totum
1296 3153 1450 3204 mensem
1463 3131 1555 3223 julii,
1576 3131 1730 3224 augusti,
1752 3129 1957 3226 septembris
1973 3141 2007 3202 et

586 3257 739 3331 octubris
751 3261 845 3332 Deus
858 3266 992 3330 tantum
1011 3256 1100 3352 pluit
1113 3277 1217 3350 super
1232 3266 1357 3328 terram
1373 3257 1408 3326 in
1427 3257 1542 3328 Ytalia
1559 3257 1656 3350 quod
1669 3257 1769 3350 quasi
1780 3278 1902 3329 omnes
1913 3277 2007 3350 sege·

413 3427 442 3457 0.
489 3426 559 3460 eeu.
573 3443 574 3452 ,
587 3393 639 3456 tes
654 3383 699 3456 de
715 3383 817 3479 plano
834 3406 882 3476 gu
904 3384 909 3470 Ι
931 3389 1039 3453 astate
1055 3389 1183 3452 suntet
1196 3379 1330 3475 perdite
1346 3389 1381 3452 et
1394 3381 1533 3453 timetur
1548 3382 1694 3452 multum
1710 3380 1756 3452 de
1774 3379 1910 3452 caristia
1926 3389 2009 3451 tem·

587 3507 681 3606 poris
698 3505 735 3578 iu
752 3506 884 3596 ltalia,
905 3513 940 3577 et
963 3513 1100 3600 propter
1121 3505 1246 3575 multas
1262 3525 1371 3596 aquas
1391 3504 1492 3596 quasi
1514 3525 1635 3577 omnes
1656 3505 1767 3578 boves
1788 3512 1822 3576 et
1841 3502 1953 3576 vache
1975 3515 2009 3574 et

588 3653 673 3705 oves
689 3641 723 3704 et
737 3651 839 3726 capre
852 3642 986 3702 mortue
1000 3637 1082 3700 sunt
1092 3627 1127 3699 in
1142 3628 1267 3699 Vtalia.
1282 3628 1345 3699 Die
1352 3627 1444 3719 jovis
1457 3629 1613 3701 XXVIIII
1625 3629 1754 3702 mensis
1760 3629 1839 3720 julii
1851 3629 1889 3700 in
1905 3628 2010 3700 domo

590 3753 783 3828 communis
804 3753 865 3824 ubi
887 3750 975 3822 fiunt
996 3751 1172 3842 conscilia,
1198 3752 1285 3823 lecte
1306 3753 1443 3823 suerunt
1460 3753 1496 3822 in
1518 3753 1595 3847 ipso
1612 3752 1776 3846 conscilio
1792 3751 2009 3845 presentibus

590 3877 746 3951 Iohanne
767 3875 992 3965 Pallastrello,
1013 3874 1138 3946 Uberto
1157 3873 1313 3965 Bosono,
1336 3873 1484 3947 Ricardo
1503 3874 1548 3946 de
1567 3875 1741 3964 Fontana,
1764 3871 1942 3946 Dondacio
1965 3872 2010 3945 de

591 4001 731 4092 Amino,
746 3999 913 4072 Palmerio
931 3997 1116 4090 Aghinono
1133 4007 1169 4070 et
1181 3997 1258 4069 aIiIs
1275 3997 1431 4093 pluribus
1447 3997 1492 4070 de
1508 3999 1585 4092 ipso
1599 3998 1775 4088 conscilio,
1794 3997 2012 4092 presentibus

592 4127 735 4201 domino
751 4124 925 4197 Beruardo
942 4123 988 4196 de
1004 4123 1183 4196 lanfredis
1194 4121 1239 4195 de
1259 4125 1350 4195 Luca
1366 4131 1533 4220 potestate
1547 4121 1721 4196 Placentie
1733 4129 1768 4194 et
1782 4123 1904 4194 Scurta
1918 4120 1964 4192 de
1979 4122 2011 4192 Ia

593 4255 692 4328 Porta
716 4251 895 4346 capitaneo
916 4249 1117 4322 societatum
1137 4257 1365 4321 mercatorum
1384 4259 1419 4322 et
1437 4249 1668 4345 peratimrum
1692 4247 1812 4342 populi
1825 4247 2009 4337 Placentie,

592 4379 703 4451 littere
721 4375 920 4452 transmisse
937 4373 1111 4447 adomino
1122 4373 1326 4470 imperatore
1338 4397 1484 4468 quarum
1501 4383 1597 4446 tenor
1614 4371 1692 4444 talis
1706 4382 1760 4444 est
1779 4397 1788 4443 :

648 4499 850 4574 «liedulfus
865 4497 928 4570 Dei
944 4499 1053 4592 gratia
1069 4498 1300 4570 Romanorum
1317 4520 1382 4570 rex
1398 4517 1534 4591 semper
1547 4505 1731 4588 augustus,
1741 4494 1917 4568 nobilibus
1928 4493 2014 4566 uiris

595 4625 773 4725 potestati,
790 4623 988 4718 capitaneo,
1002 4621 1164 4694 conscilio
1179 4631 1215 4694 et
1227 4621 1402 4694 communi
1416 4619 1563 4694 civitatis
1581 4619 1754 4692 Placentie
1771 4618 1906 4692 dilectis
1928 4616 2012 4690 lide·

637 4773 674 4857 (a)
696 4776 731 4835 In
749 4775 849 4834 codice
863 4770 926 4848 lei,
942 4773 1043 4835 addito
1059 4773 1223 4852 compendii
1241 4744 1342 4852 siguo,
1356 4773 1437 4834 unde
1449 4769 1561 4832 lentim
1574 4787 1679 4833 sonore
1691 4771 1839 4832 uideatur.
