4534 6074
612 651 654 714 to
1036 653 1278 718 cnlontcort
1303 653 1609 722 Ptacltrtrltttttb

613 790 687 862 vim
709 799 876 884 ceperunt
899 799 935 863 et
953 791 1218 882 combuserunt,
1244 791 1281 863 in
1309 812 1381 886 quc
1404 791 1602 866 babuerunt
1628 801 1664 868 et
1689 803 1856 890 ceperunt
1872 794 1949 870 GCC
1966 795 2036 868 bo-

613 912 724 986 mines
752 923 787 986 et
810 915 912 1010 plns,
941 925 976 986 et
1002 914 1143 1010 prodam
1172 913 1388 988 indefinitam
1416 917 1548 990 bouum
1576 926 1614 991 ct
1636 939 1803 994 vacarum
1829 927 1865 993 et
1886 919 2035 993 aliarum

612 1038 801 1110 bestiarum
822 1038 904 1112 inde
923 1039 1112 1111 duxerunt.
1140 1039 1271 1112 Eodem
1293 1062 1428 1133 mense,
1452 1063 1568 1114 comes
1589 1041 1793 1115 Tbomasius
1817 1042 1864 1116 de
1886 1044 2036 1139 Sabogie

613 1161 834 1235 concordiam
853 1171 887 1233 ct
900 1163 1097 1235 societatem
1116 1162 1195 1234 lecit
1208 1183 1289 1234 cnm
1308 1163 1625 1238 Mediolanensibus
1640 1174 1676 1238 et
1691 1165 1983 1240 vercellensibus.

661 1287 727 1358 Die
742 1285 936 1378 dominico,
959 1286 1082 1381 quinto
1098 1285 1157 1359 die
1172 1286 1301 1359 mensis
1313 1287 1411 1378 julii,
1432 1287 1678 1361 Cremonenses
1693 1297 1764 1361 tam
1785 1289 1909 1364 milites
1928 1313 2034 1385 qnam

614 1410 751 1508 pedites
774 1431 855 1482 cnm
880 1411 1113 1506 papilionibus
1141 1420 1176 1482 et
1201 1410 1375 1484 travacbis
1397 1421 1432 1485 ot
1458 1412 1595 1486 curialis
1617 1413 1832 1486 intraverunt
1850 1414 1888 1486 in
1910 1422 2034 1488 terrum

614 1534 786 1607 Placentie
803 1543 837 1607 et
855 1535 994 1606 iverunt
1015 1534 1062 1606 ad
1087 1535 1251 1606 Sanctum
1268 1534 1507 1624 Laurentium,
1533 1556 1640 1629 quem
1655 1535 1771 1608 locum
1797 1536 1984 1611 credebant
2001 1547 2036 1610 et

615 1661 801 1757 sperabant
824 1681 885 1755 per
905 1659 977 1731 vim
1002 1681 1104 1755 posse
1126 1659 1256 1732 babere
1279 1667 1315 1732 et
1335 1681 1479 1753 capere3
1508 1659 1572 1732 sed
1595 1659 1718 1733 divina
1740 1661 1978 1736 misericordia
2001 1673 2035 1736 ct

614 1785 761 1878 virtute,
782 1795 888 1880 atque
904 1785 1036 1856 anxilio
1058 1785 1207 1856 militum
1225 1793 1261 1857 et
1284 1783 1542 1878 sagittariorum
1559 1785 1621 1879 qui
1640 1787 1732 1860 illico
1756 1787 1802 1860 ad
1825 1790 1901 1862 illas
1921 1799 2035 1885 partes

615 1918 833 1982 accesserunt
858 1918 893 1981 et
919 1919 1117 1998 currerunt,
1149 1908 1195 1982 ad
1224 1905 1419 2004 predictum
1447 1909 1561 1980 locum
1587 1909 1753 1984 accedere
1784 1913 1928 1986 minime
1959 1913 2035 1987 ansi

616 2035 775 2126 luerunt3
796 2033 859 2106 sed
877 2035 1050 2106 vulnerati
1066 2043 1101 2107 et
1116 2035 1219 2107 etiam
1240 2035 1356 2128 plures
1371 2033 1497 2105 mortui
1519 2055 1709 2122 recessere,
1729 2044 1765 2107 et
1785 2044 1869 2107 tunc
1886 2036 2035 2110 combu-

613 2167 732 2230 serunt
745 2157 911 2230 Granzam
931 2157 976 2231 de
989 2157 1194 2232 Mornascho
1212 2167 1247 2230 ot
1265 2155 1310 2230 de
1328 2157 1488 2230 Saliceta.

664 2283 729 2356 Die
753 2281 910 2372 veneris,
935 2283 997 2353 XV
1016 2279 1184 2353 kalendas
1202 2281 1341 2374 angusti
1360 2281 1510 2377 proximi
1530 2282 1604 2377 (l),
1626 2281 1752 2355 milites
1775 2293 1811 2356 et
1835 2282 1971 2378 pedites
1991 2281 2036 2356 de

617 2408 727 2479 tribus
758 2408 866 2502 portis
884 2405 1072 2479 Mediolani
1090 2427 1170 2478 cum
1189 2405 1342 2497 cariolis,
1358 2407 1560 2501 manganis,
1582 2405 1752 2503 predariis
1778 2417 1814 2480 et
1839 2408 1960 2480 cestris
1988 2409 2037 2478 li-

639 2529 839 2628 lgnaminis
864 2531 1014 2604 mirabili
1037 2531 1142 2604 modo
1164 2532 1370 2604 constructis
1397 2531 1545 2606 servicio
1559 2531 1848 2623 vercellensium,
1879 2533 1926 2604 ad
1950 2533 2036 2602 civi-

617 2666 722 2729 tatem
743 2656 977 2729 vercellarum
996 2675 1058 2750 pro
1081 2658 1156 2728 loco
1176 2655 1306 2727 Casalis
1330 2655 1447 2728 Sancti
1469 2654 1588 2731 Evacii
1612 2651 1661 2748 (o)
1687 2652 1884 2728 obsidendo
1910 2663 1946 2726 ct
1967 2675 2038 2726 ex-

619 2779 810 2877 pugnando
835 2801 1018 2876 perexere;
1040 2779 1100 2874 qui
1126 2779 1255 2854 ibidem
1276 2803 1356 2852 cum
1376 2779 1501 2852 comite
1523 2779 1569 2852 de
1590 2779 1741 2874 Subogia
1764 2779 1827 2873 qui
1852 2779 1889 2850 in
1917 2801 2038 2853 eorum

620 2905 759 3008 auxilio
786 2927 866 2977 cum
896 2904 1212 2978 Mediolanensibus
1241 2903 1428 2996 militibus,
1455 2903 1595 2998 egregie
1621 2903 1753 2977 bellicis
1776 2904 1907 2999 peratis
1934 2905 2038 2977 armis

620 3029 804 3126 magnilica
824 3039 859 3102 et
884 3029 1045 3104 decenter
1067 3037 1227 3122 venerat,
1249 3037 1284 3102 et
1306 3028 1538 3102 vercellenses
1564 3049 1645 3101 cum
1669 3027 1765 3101 omni
1789 3035 1893 3122 gente
1917 3049 2037 3102 eorum

621 3156 712 3228 circa
729 3155 924 3252 predictum
937 3155 1051 3227 locum
1069 3151 1303 3227 obsidendum
1320 3153 1448 3249 pariter
1465 3152 1672 3243 coadunati,
1690 3151 1738 3225 ad
1761 3153 2037 3248 expugnandum

621 3301 701 3352 cum
722 3279 987 3374 quatuordecim
1019 3279 1109 3350 inter
1133 3299 1325 3369 manganos
1345 3285 1380 3350 ct
1402 3275 1580 3374 predarias
1602 3276 1661 3350 dic
1682 3277 1877 3368 dominica,
1898 3279 1945 3351 vl
1969 3279 2037 3351 lra-

620 3405 740 3477 lendas
753 3403 891 3498 angusti
910 3403 978 3499 (2),
992 3423 1057 3475 sna
1075 3401 1184 3475 fixere
1197 3403 1360 3495 tentoria,
1378 3404 1440 3498 qni
1455 3403 1552 3476 locus
1568 3404 1696 3476 fossato
1712 3409 1748 3476 et
1765 3425 1865 3476 muro
1883 3403 2038 3498 undique

620 3536 693 3600 erat
716 3525 951 3599 circumdatus
971 3535 1006 3598 ct
1021 3525 1193 3619 munitus,
1212 3547 1317 3621 quem
1343 3547 1424 3598 cum
1446 3528 1628 3622 manganis
1649 3535 1685 3600 et
1707 3527 1892 3622 predariis,
1917 3530 2038 3601 castris

620 3650 819 3746 lignaminis
837 3660 873 3723 et
887 3651 965 3723 aliis
984 3649 1154 3724 machinis
1172 3649 1320 3724 viriliter
1344 3660 1645 3746 manganavernnt
1665 3659 1701 3724 et
1722 3663 2034 3748 expugnaverunt,

622 3785 656 3848 et
674 3775 719 3848 dc
733 3775 843 3870 ipsius
858 3775 925 3847 loci
942 3795 1043 3848 muro
1057 3775 1135 3870 plus
1149 3775 1224 3850 CCC
1242 3775 1383 3848 brachia
1402 3773 1583 3848 diruerunt
1598 3785 1633 3848 et
1649 3785 1953 3872 expugnaverunt.

667 3900 730 3972 Die
745 3909 858 3972 autem
875 3899 1056 3991 mercurii,
1075 3899 1195 3993 quinto
1214 3899 1342 3972 mensis
1364 3899 1522 3993 angusti,
1543 3919 1658 3972 comes
1674 3899 1720 3972 de
1740 3899 1889 3994 Sabogia
1914 3909 1950 3973 et
1965 3901 2036 3974 Me·

620 4023 836 4098 diolancnses
849 4035 885 4098 et
896 4024 1139 4113 Alexandrini,
1153 4025 1213 4119 qui
1229 4023 1263 4096 in
1280 4023 1356 4118 ipsa
1369 4021 1514 4097 aderant
1527 4024 1750 4120 expeditione
1767 4025 1803 4096 in
1815 4025 2037 4099 strictissimis

619 4149 718 4222 actiis
734 4147 826 4245 (sic),
845 4149 975 4222 scilicet
990 4148 1266 4222 Mediolanenses
1277 4170 1325 4222 ex
1340 4169 1411 4221 una
1427 4159 1524 4245 parte
1538 4159 1574 4223 et
1587 4151 1823 4226 vercellenses
1845 4173 1892 4225 ex
1915 4151 2032 4242 altera,

620 4283 656 4346 et
677 4295 793 4347 comes
817 4282 851 4346 et
866 4271 1095 4347 Alexandrini
1118 4295 1165 4347 ex
1192 4273 1269 4346 aliis
1290 4273 1447 4370 partibus
1472 4273 1520 4350 ad
1547 4275 1740 4372 predictum
1760 4277 1874 4350 locum
1897 4298 2035 4375 expug-

660 4423 700 4506 (a)
723 4426 759 4487 In
772 4423 873 4485 codice
891 4419 1002 4486 Catulis
1014 4424 1136 4487 muse.

654 4694 701 4767 (t)¹
710 4693 747 4750 Le
761 4697 795 4751 ts
808 4693 895 4766 juillet
906 4691 1019 4751 tombait
1028 4709 1066 4750 un
1076 4692 1179 4751 mmedi
1190 4707 1225 4750 en
1237 4695 1318 4751 teto.
1331 4691 1352 4748 ll
1366 4690 1424 4749 iant
1434 4707 1497 4750 sans
1506 4694 1586 4751 doute
1599 4695 1648 4750 lira
1659 4693 1727 4752 le
1742 4691 1881 4752 kalendas.

656 4791 694 4865 (2)
714 4791 752 4850 Le
765 4792 802 4852 2⁷
814 4790 901 4865 juillet
914 4790 1026 4850 tombait
1038 4807 1075 4847 un
1088 4789 1171 4849 lundi.
1183 4789 1205 4849 ll
1217 4790 1276 4849 lant
1286 4805 1348 4850 sens
1361 4789 1443 4849 doute
1456 4789 1505 4850 lire
1519 4791 1570 4849 vll
1577 4790 1716 4850 kabades.
