4554 6080
587 705 647 765 318
1064 701 1306 764 CHRONICON
1329 703 1381 764 llll
1406 701 1535 764 REBUS

585 837 788 912 occiderunt
805 835 932 907 multos
948 835 1073 907 milites
1093 847 1128 908 et
1146 847 1313 932 ceperunt
1332 859 1379 910 en
1396 837 1482 934 ipsis
1503 837 1555 908 CL
1574 835 1700 907 milites
1717 843 1753 908 et
1774 835 1882 907 CCXL
1899 855 2010 928 equos

586 971 700 1058 preter
713 962 788 1032 illos
800 960 862 1054 qui
877 960 1018 1032 fuerunt
1036 960 1164 1053 fugati,
1183 969 1216 1033 et
1233 962 1323 1035 bene
1337 963 1428 1034 circa
1447 961 1545 1034 XXX
1559 959 1684 1032 milites
1695 958 1758 1054 qui
1771 959 1807 1030 in
1820 957 2011 1052 quamdam

586 1087 749 1184 paludem
766 1087 931 1178 fugerunt
947 1087 1129 1158 occasione
1141 1086 1347 1160 evadendis
1362 1087 1621 1160 Veronensibus
1632 1093 1703 1156 tam
1720 1083 1766 1155 ab
1778 1082 2011 1155 arundinibus

586 1233 695 1307 qnam
722 1231 769 1282 ex
796 1231 889 1303 aqua
907 1229 1029 1282 omnes
1052 1209 1087 1280 iu
1109 1211 1215 1283 armis
1230 1211 1356 1284 mortni
1379 1221 1462 1286 snut
1486 1210 1632 1284 inventi.
1657 1209 1720 1280 llie
1743 1207 1834 1302 jovis
1853 1207 2011 1280 XXVllll

589 1335 717 1409 mensis
733 1333 840 1407 madii
858 1333 1020 1407 Albertus
1039 1335 1083 1408 ds
1103 1335 1202 1408 Fisoo
1220 1347 1256 1408 ot
1271 1337 1328 1408 alii
1348 1339 1492 1410 comites
1510 1335 1556 1410 de
1579 1332 1731 1408 Lavania
1749 1355 1830 1404 cum
1848 1332 1901 1404 CL
1918 1331 2010 1402 mili-

587 1461 681 1534 tibus
699 1467 733 1532 et
749 1459 913 1530 omnibus
930 1458 1107 1554 peditibus
1119 1468 1154 1532 et
1169 1459 1364 1534 ballistariis
1377 1482 1466 1557 quos
1477 1459 1607 1534 babere
1619 1467 1808 1555 potuerunt
1827 1463 2012 1528 eteentum
2077 1465 2081 1472 '

588 1585 757 1656 militibus
785 1583 992 1656 Placentinis
1019 1593 1158 1678 propter
1187 1605 1347 1678 guerram
1374 1607 1479 1678 qnam
1510 1584 1578 1679 ipsi
1605 1582 1750 1654 comites
1777 1579 1906 1652 habent
1929 1600 2012 1651 cum

588 1707 787 1798 Luxiardis,
801 1715 974 1779 venerunt
987 1707 1156 1780 hostiliter
1169 1709 1205 1779 in
1221 1711 1347 1781 vallem
1358 1709 1449 1780 Tarii
1460 1707 1633 1782 adlocum
1643 1703 1873 1801 Complanini,
1885 1712 1919 1774 et
1930 1723 2012 1774 cum

590 1840 719 1903 starent
735 1831 825 1902 ultra
843 1831 984 1902 'larium
995 1831 1097 1923 juxta
1117 1841 1266 1904 castrum
1288 1841 1511 1928 expectantes
1528 1831 1720 1904 exercitum
1735 1827 2015 1901 Placentinorum

592 1955 654 2051 qui
670 1977 708 2026 se
722 1954 980 2048 congregabant
1003 1955 1049 2026 ad
1063 1954 1220 2027 Castrum
1237 1955 1452 2051 Arqoatum,
1474 1955 1532 2028 die
1551 1955 1690 2028 veneris
1701 1954 1767 2026 XX
1781 1951 1909 2026 mensis
1919 1949 2014 2042 iunii

592 2101 673 2152 cum
688 2078 815 2150 milites
828 2075 966 2149 illorum
980 2077 1026 2150 de
1044 2079 1144 2151 Fisoo
1162 2081 1307 2152 ivissent
1328 2080 1375 2152 ad
1387 2081 1538 2176 burgum
1554 2079 1657 2152 vallis
1669 2077 1759 2151 Tarii
1776 2099 1838 2172 pro
1849 2073 2017 2148 habendo

593 2215 798 2293 mercatum,
816 2213 900 2275 tunc
914 2203 1193 2302 archipresbyter
1206 2207 1396 2301 Bedognie,
1411 2205 1578 2280 Sachetus
1590 2215 1625 2279 et
1636 2206 1759 2278 Teeius
1772 2201 1818 2276 de
1828 2199 2017 2274 Luxiardis

594 2353 675 2404 oum
699 2328 867 2400 militibus
891 2337 926 2401 et
948 2330 1151 2402 bominibus
1176 2330 1222 2404 de
1248 2330 1410 2425 Gravago
1436 2341 1472 2406 et
1494 2331 1696 2404 hominibus
1721 2329 1821 2400 vallis
1843 2327 1934 2399 Tarii
1953 2325 2017 2419 qui

593 2457 736 2528 fuerunt
750 2455 810 2524 XL
827 2453 953 2525 milites
974 2456 1053 2526 etl)
1072 2456 1264 2528 servientes
1280 2455 1380 2550 probi
1394 2465 1429 2528 et
1449 2457 1553 2528 fortes
1573 2454 1716 2550 quando
1730 2453 1779 2524 illi
1798 2451 1843 2524 dc
1858 2451 2017 2522 exercitu

594 2580 692 2652 ibant
707 2578 753 2652 ad
774 2577 979 2674 prandium,
997 2579 1117 2674 positis
1142 2581 1280 2652 insidiis
1301 2582 1467 2653 insultum
1490 2579 1636 2652 viriliter
1659 2580 1697 2650 in
1721 2599 1781 2650 eos
1802 2579 1958 2650 lecerunt
1980 2583 2018 2646 et

593 2706 688 2802 ipsos
706 2705 884 2796 fregerunt
907 2711 941 2774 et
957 2713 1122 2798 ceperunt
1139 2703 1321 2776 dominum
1344 2703 1523 2778 Albsrtnm
1539 2703 1584 2776 de
1604 2705 1720 2793 Pisce,
1746 2702 1951 2774 Nicholaum
1969 2698 2018 2772 de

593 2826 718 2914 Auria,
739 2825 871 2899 Mazam
894 2825 939 2898 de
955 2827 1054 2900 Fisco
1077 2837 1112 2899 et
1132 2827 1218 2899 alios
1243 2836 1278 2900 et
1297 2829 1415 2923 plures
1438 2829 1605 2922 usquein
1627 2827 1652 2899 C
1674 2837 1709 2900 et
1728 2827 1789 2898 LX
1812 2825 2018 2899 occiderunt

594 2959 630 3024 et
654 2949 778 3022 LXXX
794 2970 903 3044 equos
927 2972 969 3022 ac
995 2961 1101 3023 totam
1123 2951 1297 3024 arnixiam
1321 2951 1497 3024 exercitus
1521 2951 1732 3024 babuerunt.
1752 2952 1816 3024 Die
1836 2952 1919 3022 lune
1938 2951 2017 3021 XVl

594 3075 725 3148 mensis
741 3073 831 3165 junii
853 3075 1053 3170 operatione
1075 3073 1223 3146 militum
1245 3075 1347 3169 Papie
1373 3075 1507 3148 firmata
1525 3085 1578 3152 est
1601 3099 1674 3173 pax
1695 3085 1730 3149 ct
1745 3074 1879 3148 cridata
1901 3075 2016 3170 palam

593 3201 683 3272 inter
704 3221 888 3272 commune
910 3199 1017 3294 Papia
1040 3221 1087 3272 ex
1113 3221 1184 3272 una
1208 3211 1306 3296 parte
1326 3209 1361 3273 et
1385 3223 1570 3276 commune
1595 3201 1804 3294 Mediolani,
1832 3199 2014 3291 Terdonc‚

593 3324 762 3414 Novaria,
787 3324 1028 3414 Vercelarum,
1058 3325 1231 3396 Placentia
1253 3351 1261 3394 ε
1292 3325 1327 3396 in
1352 3349 1423 3421 qua
1450 3335 1548 3422 parte
1573 3336 1609 3399 et
1631 3325 1816 3400 concordia
1840 3325 2017 3417 adjectum

593 3449 659 3520 luit
685 3447 780 3542 qnod
806 3448 963 3519 homines
985 3447 1089 3542 Papia
1112 3469 1182 3520 non
1207 3447 1383 3521 debebant
1407 3449 1583 3522 offendere
1608 3471 1671 3545 per
1697 3473 1736 3522 se
1758 3471 1823 3522 nec
1843 3471 1905 3546 per
1928 3449 2018 3522 alios

592 3573 751 3645 homines
773 3571 891 3644 Laude
909 3571 1041 3643 Veteris
1069 3593 1133 3644 neo
1158 3573 1233 3644 illos
1261 3573 1323 3668 qui
1348 3583 1431 3645 sunt
1454 3581 1554 3645 extra
1577 3553 1751 3666 Laudem}
1772 3573 1867 3668 qnod
1887 3575 2017 3645 lactum

592 3696 697 3768 valde
715 3695 890 3791 displicuit
909 3695 1110 3767 hominibus
1128 3697 1279 3770 civitatis
1295 3697 1413 3770 Laude
1426 3719 1506 3770 cum
1531 3697 1661 3794 quibus
1676 3697 1862 3795 Papienses
1876 3707 2017 3792 pactum

592 3821 745 3892 fecerant
770 3818 816 3890 de
840 3817 1043 3912 adjuvando
1064 3819 1160 3914 ipsos
1182 3829 1217 3892 et
1234 3819 1279 3893 de
1301 3843 1373 3894 non
1397 3824 1510 3894 farere
1527 3843 1648 3916 paoem
1662 3818 1750 3895 'cum
1768 3821 1917 3894 inimicis
1941 3821 2018 3894 suis

594 3943 726 4038 absque
741 3942 805 4014 eis.
1662 3946 1664 3952 ’

641 4067 782 4162 Propter
796 4063 892 4160 quod
909 4065 976 4160 ipsi
991 4065 1190 4138 laudenses
1204 4065 1367 4137 insistunt
1379 4065 1426 4139 ad
1439 4066 1641 4140 habendum
1655 4091 1775 4164 pacem
1794 4091 1874 4140 oum
1888 4067 2020 4140 Modio-

593 4190 795 4261 lanensibus
820 4197 856 4260 et
871 4187 939 4258 illis
957 4189 1002 4262 de
1020 4191 1152 4262 Lature.
1174 4189 1306 4262 Eodem
1320 4199 1474 4285 tempore
1486 4191 1645 4264 homines
1662 4189 1778 4265 Yvree
1790 4215 1830 4264 se
1848 4191 2019 4264 dederunt

594 4334 641 4385 ex
658 4322 729 4385 toto
750 4314 796 4384 ob
817 4312 1076 4384 infestacionem
1096 4312 1306 4385 marchionis
1324 4313 1547 4388 Montisserati
1563 4315 1626 4410 qui
1642 4313 1746 4411 'ipsos
1767 4315 1962 4408 guerriebat
1980 4315 2019 4386 in

595 4435 701 4508 forcia
726 4445 760 4508 et
790 4435 919 4507 virtute
942 4435 1034 4530 regis
1064 4437 1202 4529 Karuli,
1230 4435 1328 4530 quod
1347 4436 1476 4508 lactum
1498 4435 1603 4511 valde
1627 4437 1805 4534 displicuit
1831 4437 1898 4533 ipsi
1923 4459 2019 4510 mar-

597 4559 732 4650 chioni3
751 4567 889 4654 propter
907 4558 1004 4652 quod
1018 4569 1052 4631 et
1076 4561 1145 4632 alia
1161 4559 1303 4632 videtur
1325 4560 1423 4655 quod
1446 4561 1577 4635 oriatur
1602 4561 1777 4636 discordia
1792 4563 1880 4635 inter
1898 4583 2019 4655 regem

595 4683 764 4754 Karnlum
778 4691 812 4754 et
829 4681 945 4777 ipsum
959 4681 1194 4756 marchionem
1210 4693 1244 4756 et
1257 4683 1415 4758 homines
1432 4685 1632 4778 Mediolani,
1650 4697 1685 4760 et
1701 4688 1738 4759 in
1752 4687 1819 4760 boo
1834 4687 1934 4782 quasi
1947 4695 2020 4759 tota

596 4805 804 4880 Lombardia
819 4805 987 4900 intendit,
1006 4805 1066 4880 alii
1080 4827 1169 4901 non;
1189 4809 1289 4881 etsie
1310 4807 1482 4885 discordia
1497 4820 1550 4884 est
1571 4811 1660 4884 inter
1678 4811 1836 4886 civitates
1855 4811 2020 4885 lombar·
