4594 6066
632 621 691 685 170
1104 624 1343 686 CHRONlCOM
1368 625 1419 686 llll
1441 623 1571 686 MERUS

629 764 760 852 quante
781 755 967 830 Lomberdi
989 758 1051 854 qui
1074 759 1165 834 circa
1185 761 1359 834 carocium
1377 765 1611 833 remanserant
1634 756 1861 854 percipientes
1885 759 2038 834 resistere

628 902 700 954 non
715 901 835 977 posse,
856 881 902 954 de
930 903 1052 978 campo
1078 883 1277 958 recedentes
1302 883 1537 979 relinquerunt
1560 879 1732 954 carocium
1760 901 1840 952 cum
1869 883 1992 956 caretis
2007 893 2039 958 et

628 1005 820 1101 pavelionie
839 1015 874 1079 et
894 1003 1160 1081 curtemnovam
1175 1031 1282 1103 quam
1305 1009 1485 1100 tenebunt,
1504 1025 1654 1102 quorum
1669 1003 1769 1078 multi
1790 1013 1890 1078 nocte
1904 1006 1963 1080 illa
1979 1029 2038 1104 per

628 1129 767 1202 castella
781 1137 816 1201 et
830 1129 906 1202 loca
917 1129 1075 1222 Pergami
1091 1141 1246 1206 errantes
1258 1133 1471 1206 intraverunt
1486 1130 1548 1226 qui
1563 1128 1695 1202 ibidem
1713 1129 1805 1223 cepti
1820 1139 1913 1202 suut.
1928 1131 2037 1226 lmpe·

628 1260 719 1325 rator
729 1260 844 1325 autem
856 1253 892 1324 in
907 1275 1030 1349 campo
1044 1263 1303 1329 castrametatus
1314 1263 1368 1330 est
1379 1263 1413 1328 et
1424 1252 1547 1327 habuit
1558 1251 1744 1338 nummum,
1761 1271 1870 1345 equos
1882 1259 1917 1324 et
1932 1252 2039 1326 boves

627 1374 895 1450 innumerabiles
909 1385 944 1450 et
956 1379 1095 1451 castella
1106 1379 1293 1454 Mediolani
1310 1401 1379 1474 que
1400 1385 1483 1450 sunt
1502 1377 1591 1450 ultra
1603 1371 1779 1466 Adduam,
1798 1374 1927 1446 scilieet
1941 1375 2041 1449 Cere·

626 1499 784 1592 vacium,
803 1499 973 1573 llivoltam
992 1502 1099 1575 sicam
1121 1511 1156 1574 et
1177 1502 1265 1594 alie,
1293 1521 1501 1597 recuperans
1519 1498 1571 1597 (o)
1584 1499 1767 1572 Palnscum
1786 1498 1884 1592 quod
1901 1498 2039 1572 Modio-

626 1621 782 1696 lanenses
806 1623 991 1716 tenebant,
1013 1633 1048 1698 et
1066 1624 1333 1700 Curtemnuvam
1356 1623 1515 1698 funditus
1543 1622 1738 1716 dissiparit.
1769 1620 1868 1717 Capti
1894 1631 1976 1695 sunt
2001 1623 2036 1694 in

445 1775 476 1808 ο.
519 1775 532 1808 v
583 1796 589 1812 .
626 1745 701 1840 ipso
716 1747 824 1842 prelio
843 1769 890 1820 ex
904 1747 1222 1823 Mediolanensibus
1239 1749 1345 1823 DCCC
1362 1749 1487 1822 milites
1509 1746 1517 1844 Ι
1538 1756 1572 1820 et
1588 1745 1692 1820 MMM
1712 1745 1848 1840 pedites
1873 1755 1908 1818 et
1923 1767 2037 1820 comes

623 1866 745 1940 Petrus
766 1871 915 1965 Tepulus
931 1870 1024 1942 lilius
1041 1870 1141 1944 ducis
1155 1873 1303 1946 Veneoie
1326 1893 1446 1946 eorum
1467 1879 1635 1967 potestes;
1655 1889 1702 1942 ex
1723 1868 1929 1942 Placentinis
1946 1871 2036 1943 circa

623 1989 713 2063 CXX
735 1994 879 2086 milites,
899 2015 946 2066 ex
959 1997 1233 2070 Vercellensibns
1250 1997 1341 2070 circe
1354 1997 1413 2068 XL
1434 1995 1581 2088 milites,
1596 2013 1643 2066 ex
1660 1992 1929 2066 Novaniensibus
1956 1991 2034 2064 toti·

622 2112 719 2203 dem,
735 2136 782 2188 ex
797 2115 1040 2190 laudensibus
1055 2117 1082 2188 L
1096 2117 1241 2212 milites,
1257 2139 1304 2192 ex
1321 2117 1590 2192 Alexandrianis
1604 2117 1637 2190 X
1651 2116 1796 2207 milites,
1814 2136 1862 2190 ex
1882 2113 2035 2188 Cremas-

621 2235 695 2310 cbis
712 2239 810 2310 XXX
826 2240 951 2312 milites
976 2249 1011 2312 et
1031 2251 1100 2313 tres
1120 2241 1284 2314 comitum
1302 2241 1347 2314 de
1362 2241 1576 2330 Curtenova,
1597 2260 1686 2335 quos
1708 2247 1901 2312 carceratos
1925 2239 2035 2334 impe-

619 2371 712 2434 rator
736 2361 840 2434 duxit
856 2363 1064 2452 Sunciuum,
1090 2374 1202 2460 preter
1232 2365 1309 2438 illos
1334 2385 1423 2460 quus
1446 2364 1697 2456 Pergamensee
1725 2363 1922 2435 babuerunt
1946 2383 2034 2458 quos

620 2485 825 2578 Pergamum
842 2486 1033 2559 duxerunt.
1055 2488 1156 2559 Multi
1169 2487 1261 2560 enim
1276 2509 1322 2560 ex
1337 2497 1486 2582 utraque
1500 2493 1597 2582 parte
1612 2486 1648 2558 in
1664 2507 1787 2581 campo
1801 2486 1928 2559 mortni
1939 2495 2031 2558 sunt.

619 2610 751 2683 Deinde
764 2611 949 2704 imperator
968 2631 1130 2683 reversus
1147 2623 1200 2685 est
1219 2611 1421 2685 Cremonam
1447 2611 1598 2704 fecitque
1622 2608 1751 2682 ducere
1775 2610 1948 2682 carosium
1973 2629 2033 2704 per

620 2741 724 2805 totam
736 2733 929 2821 civitatem,
951 2753 1057 2828 super
1080 2733 1176 2828 qnod
1192 2735 1293 2830 ligari
1319 2735 1398 2808 lecit
1419 2741 1624 2830 potestatem
1642 2731 1830 2806 Mediolani
1850 2741 1885 2806 et
1908 2734 2033 2804 multos

617 2866 808 2929 carceratos
819 2865 895 2951 post
908 2855 1033 2950 ipsum.
1051 2856 1128 2942 Qua
1138 2867 1276 2953 pmpter
1290 2857 1565 2931 Mediolanenses
1580 2855 1728 2928 nimium
1740 2855 1867 2928 turbati
1887 2877 2032 2949 magno·

617 3001 688 3076 que
707 2989 835 3052 terrore
859 2980 1048 3075 perterriti,
1079 2989 1195 3052 tamen
1217 2981 1255 3051 in
1273 2981 1449 3054 civitatem
1472 2980 1591 3053 Laude
1622 2979 1823 3074 quingintos
1847 2978 1974 3050 milites
1996 2979 2031 3050 in

617 3103 809 3176 custodiam
834 3104 1021 3194 miserunt;
1049 3101 1179 3176 deiude
1197 3103 1332 3177 tratrem
1357 3105 1507 3176 Leonem
1535 3100 1667 3175 ordinis
1693 3103 1836 3174 fratrum
1860 3101 2032 3174 minorum

616 3227 679 3322 qui
693 3237 812 3322 postea
834 3226 900 3298 luit
923 3225 1201 3321 archiepiscopus
1225 3249 1366 3318 eornm,
1387 3223 1435 3298 ad
1458 3225 1698 3321 imperatorem
1720 3223 1875 3318 quierat
1897 3225 1934 3294 in
1952 3222 2032 3296 Cre·

616 3371 720 3424 mone
733 3349 937 3424 direxerunt
956 3357 996 3422 ut
1016 3371 1079 3445 pro
1095 3351 1146 3422 eis
1170 3371 1250 3422 oum
1274 3349 1480 3445 imperatore
1505 3369 1627 3445 pacem
1655 3346 1869 3444 perquireret
1887 3355 1923 3419 et
1944 3355 2032 3420 trac·

616 3482 713 3548 teret.
740 3473 811 3547 Sed
838 3473 1024 3569 imperatur
1049 3473 1227 3569 respondit
1255 3483 1290 3546 et
1316 3473 1409 3547 dixit
1436 3471 1534 3546 lratri
1555 3473 1662 3546 Leoni
1689 3470 1785 3566 quod
1807 3491 1880 3544 non
1905 3472 2032 3543 laceret

615 3606 755 3694 pactum
772 3597 823 3670 eis
837 3597 905 3669 nisi
924 3595 1034 3692 primu
1053 3597 1190 3669 exirent
1204 3597 1250 3670 dc
1262 3597 1362 3670 terris
1378 3595 1527 3693 imperii.
1547 3596 1620 3668 Hoc
1635 3603 1751 3668 autem
1772 3593 1863 3668 dixit
1876 3615 1939 3689 pro
1956 3595 2032 3667 Me-

617 3720 877 3794 diolanensibus
887 3721 949 3815 qui
966 3730 1064 3794 erant
1079 3721 1115 3793 in
1133 3721 1264 3814 Lauda,
1280 3721 1342 3816 qui
1355 3721 1470 3794 statim
1485 3719 1531 3793 de
1544 3719 1685 3792 civitate
1699 3715 1817 3790 Laude
1830 3719 2029 3791 exiverunt.

616 3844 803 3940 Imperetur
819 3853 935 3917 autem
950 3845 1064 3917 stetim
1082 3843 1141 3918 die
1163 3845 1296 3918 sabbati
1312 3844 1375 3917 Xll
1391 3843 1518 3917 mensis
1537 3842 1733 3916 decembris
1750 3841 1920 3936 equitavit
1936 3839 2031 3936 apud

616 3966 924 4062 Pizuuguitonum,
944 3967 1144 4064 dimisitque
1158 3971 1255 4043 abire
1270 3970 1467 4043 laudenses
1484 3969 1547 4040 Xll
1563 3967 1609 4040 de
1628 3966 1827 4040 melioribus
1849 3965 2032 4038 carceratis

616 4091 734 4165 laude
746 4113 834 4186 quos
852 4099 988 4186 ceperat
999 4093 1045 4166 ed
1058 4093 1206 4182 bellum,
1224 4093 1414 4186 quistatim
1433 4101 1472 4165 nt
1490 4091 1706 4163 intraverunt
1719 4087 1896 4160 civitatem
1909 4107 2031 4160 eurum

618 4217 872 4290 clamaverunt:
883 4212 1051 4288 adarmel
1063 4215 1352 4291 Laudensesvero
1363 4216 1400 4288 in
1415 4214 1600 4306 concordia
1611 4215 1776 4287 Octonem
1782 4209 2031 4286 vicecomitem

619 4339 663 4414 de
676 4339 991 4416 Mediolanensibus
1009 4361 1128 4412 eorum
1142 4349 1341 4436 potestatem
1354 4340 1401 4414 de
1418 4339 1587 4434 regimine
1610 4337 1839 4432 expulerunt,
1858 4343 1893 4406 et
1909 4342 2031 4406 custo-

619 4464 681 4541 des
697 4474 872 4561 portmum
888 4463 1037 4538 civitatis
1050 4465 1168 4539 laude
1180 4465 1241 4560 qui
1249 4465 1406 4538 similiter
1422 4473 1520 4538 erent
1538 4461 1583 4538 de
1598 4457 1912 4536 Mediolanensibus
1928 4475 2031 4552 cepe·

660 4736 707 4819 (a)
724 4738 761 4800 ln
774 4737 875 4799 codloe
889 4743 1097 4818 recuperantes.
