<?xml version="1.0" encoding="UTF-8"?>
<!DOCTYPE html PUBLIC "-//W3C//DTD XHTML 1.0 Transitional//EN"
    "http://www.w3.org/TR/xhtml1/DTD/xhtml1-transitional.dtd">
<html xmlns="http://www.w3.org/1999/xhtml" xml:lang="en" lang="en">
 <head>
  <title>
</title>
<meta http-equiv="Content-Type" content="text/html;charset=utf-8" />
  <meta name='ocr-system' content='tesseract 3.04.00' />
  <meta name='ocr-capabilities' content='ocr_page ocr_carea ocr_par ocr_line ocrx_word'/>
</head>
<body>
  <div class='ocr_page' id='page_1' title='image "./chroniconplacen00huilgoog_0206.png"; bbox 0 0 4594 6066; ppageno 0'>
   <div class='ocr_carea' id='block_1_1' title="bbox 858 552 1754 620">
    <p class='ocr_par' dir='ltr' id='par_1_1' title="bbox 858 552 1754 620">
     <span class='ocr_line' id='line_1_1' title="bbox 858 552 1754 620; baseline -0.002 -6"><span class='ocrx_word' id='word_1_1' title='bbox 858 554 899 614; x_wconf 85' lang='lat' dir='ltr'>IM</span> <span class='ocrx_word' id='word_1_2' title='bbox 923 553 1062 615; x_wconf 74' lang='lat' dir='ltr'>trama</span> <span class='ocrx_word' id='word_1_3' title='bbox 1087 554 1240 620; x_wconf 82' lang='lat' dir='ltr'>GESTIS.</span> <span class='ocrx_word' id='word_1_4' title='bbox 1695 552 1754 613; x_wconf 75' lang='lat'>147</span> 
     </span>
    </p>
   </div>
   <div class='ocr_carea' id='block_1_2' title="bbox 339 686 1765 3134">
    <p class='ocr_par' dir='ltr' id='par_1_2' title="bbox 339 686 1765 2986">
     <span class='ocr_line' id='line_1_2' title="bbox 340 686 1755 788; baseline -0.006 -22"><span class='ocrx_word' id='word_1_5' title='bbox 340 699 463 788; x_wconf 89' lang='lat' dir='ltr'>captus</span> <span class='ocrx_word' id='word_1_6' title='bbox 484 691 561 764; x_wconf 81' lang='lat' dir='ltr'>ruit.</span> <span class='ocrx_word' id='word_1_7' title='bbox 588 688 652 762; x_wconf 88' lang='lat' dir='ltr'>Cui</span> <span class='ocrx_word' id='word_1_8' title='bbox 678 710 743 762; x_wconf 88' lang='lat' dir='ltr'>rex</span> <span class='ocrx_word' id='word_1_9' title='bbox 763 688 972 762; x_wconf 78' lang='lat' dir='ltr'>Francorum</span> <span class='ocrx_word' id='word_1_10' title='bbox 994 711 1140 785; x_wconf 88' lang='lat' dir='ltr'>cappam</span> <span class='ocrx_word' id='word_1_11' title='bbox 1168 690 1365 785; x_wconf 88' lang='lat' dir='ltr'>plumbeam</span> <span class='ocrx_word' id='word_1_12' title='bbox 1393 688 1426 762; x_wconf 91' lang='lat' dir='ltr'>ei</span> <span class='ocrx_word' id='word_1_13' title='bbox 1449 686 1522 760; x_wconf 86' lang='lat' dir='ltr'>fieri</span> <span class='ocrx_word' id='word_1_14' title='bbox 1551 686 1632 760; x_wconf 87' lang='lat' dir='ltr'>lecit</span> <span class='ocrx_word' id='word_1_15' title='bbox 1657 695 1692 758; x_wconf 92' lang='lat' dir='ltr'>et</span> <span class='ocrx_word' id='word_1_16' title='bbox 1718 687 1755 758; x_wconf 90' lang='lat' dir='ltr'>in</span> 
     </span>
     <span class='ocr_line' id='line_1_3' title="bbox 339 811 1755 909; baseline -0.007 -18"><span class='ocrx_word' id='word_1_17' title='bbox 339 836 417 892; x_wconf 86' lang='lat' dir='ltr'>cam</span> <span class='ocrx_word' id='word_1_18' title='bbox 440 838 540 888; x_wconf 91' lang='lat' dir='ltr'>suam</span> <span class='ocrx_word' id='word_1_19' title='bbox 558 814 667 888; x_wconf 84' lang='lat' dir='ltr'>vitam</span> <span class='ocrx_word' id='word_1_20' title='bbox 687 811 779 884; x_wconf 87' lang='lat' dir='ltr'>liniri</span> <span class='ocrx_word' id='word_1_21' title='bbox 792 813 896 906; x_wconf 86' lang='lat' dir='ltr'>jussit</span> <span class='ocrx_word' id='word_1_22' title='bbox 919 813 1075 908; x_wconf 87' lang='lat' dir='ltr'>aliosque</span> <span class='ocrx_word' id='word_1_23' title='bbox 1097 813 1266 907; x_wconf 88' lang='lat' dir='ltr'>quosdam</span> <span class='ocrx_word' id='word_1_24' title='bbox 1292 811 1343 908; x_wconf 83' lang='lat' dir='ltr'>(a)</span> <span class='ocrx_word' id='word_1_25' title='bbox 1361 812 1532 909; x_wconf 80' lang='lat' dir='ltr'>principes</span> <span class='ocrx_word' id='word_1_26' title='bbox 1550 818 1584 884; x_wconf 89' lang='lat' dir='ltr'>et</span> <span class='ocrx_word' id='word_1_27' title='bbox 1599 811 1703 884; x_wconf 80' lang='lat' dir='ltr'>falsos</span> <span class='ocrx_word' id='word_1_28' title='bbox 1718 811 1755 882; x_wconf 91' lang='lat' dir='ltr'>iu</span> 
     </span>
     <span class='ocr_line' id='line_1_4' title="bbox 341 917 1755 1034; baseline -0.003 -22"><span class='ocrx_word' id='word_1_29' title='bbox 341 937 434 1013; x_wconf 89' lang='lat' dir='ltr'>dicto</span> <span class='ocrx_word' id='word_1_30' title='bbox 456 940 567 1034; x_wconf 91' lang='lat' dir='ltr'>prelio</span> <span class='ocrx_word' id='word_1_31' title='bbox 591 947 710 1034; x_wconf 84' lang='lat' dir='ltr'>captos</span> <span class='ocrx_word' id='word_1_32' title='bbox 731 935 880 1010; x_wconf 88' lang='lat' dir='ltr'>diversis</span> <span class='ocrx_word' id='word_1_33' title='bbox 904 936 1005 1033; x_wconf 86' lang='lat' dir='ltr'>penis</span> <span class='ocrx_word' id='word_1_34' title='bbox 1028 937 1207 1010; x_wconf 81' lang='lat' dir='ltr'><strong>cruciavit.</strong></span> <span class='ocrx_word' id='word_1_35' title='bbox 1235 935 1335 1009; x_wconf 85' lang='lat' dir='ltr'>Anno</span> <span class='ocrx_word' id='word_1_36' title='bbox 1360 958 1445 1009; x_wconf 90' lang='lat' dir='ltr'>vero</span> <span class='ocrx_word' id='word_1_37' title='bbox 1469 917 1606 1030; x_wconf 79' lang='lat' dir='ltr'>quarto</span> <span class='ocrx_word' id='word_1_38' title='bbox 1619 934 1755 1030; x_wconf 92' lang='lat' dir='ltr'>imperii</span> 
     </span>
     <span class='ocr_line' id='line_1_5' title="bbox 341 1058 1756 1160; baseline -0.004 -26"><span class='ocrx_word' id='word_1_39' title='bbox 341 1061 481 1136; x_wconf 87' lang='lat' dir='ltr'>Octonis</span> <span class='ocrx_word' id='word_1_40' title='bbox 498 1062 673 1160; x_wconf 89' lang='lat' dir='ltr'>principes</span> <span class='ocrx_word' id='word_1_41' title='bbox 690 1060 871 1134; x_wconf 84' lang='lat' dir='ltr'>Alamauic</span> <span class='ocrx_word' id='word_1_42' title='bbox 886 1061 1049 1134; x_wconf 85' lang='lat' dir='ltr'>mandatu</span> <span class='ocrx_word' id='word_1_43' title='bbox 1070 1060 1202 1135; x_wconf 89' lang='lat' dir='ltr'>domiui</span> <span class='ocrx_word' id='word_1_44' title='bbox 1220 1059 1407 1134; x_wconf 89' lang='lat' dir='ltr'>Innocentii</span> <span class='ocrx_word' id='word_1_45' title='bbox 1426 1079 1515 1154; x_wconf 90' lang='lat' dir='ltr'>pape</span> <span class='ocrx_word' id='word_1_46' title='bbox 1536 1058 1756 1150; x_wconf 80' lang='lat' dir='ltr'>Fredericnm</span> 
     </span>
     <span class='ocr_line' id='line_1_6' title="bbox 344 1175 1757 1282; baseline -0.004 -22"><span class='ocrx_word' id='word_1_47' title='bbox 344 1186 536 1282; x_wconf 85' lang='lat' dir='ltr'>predictum</span> <span class='ocrx_word' id='word_1_48' title='bbox 560 1187 597 1259; x_wconf 94' lang='lat' dir='ltr'>in</span> <span class='ocrx_word' id='word_1_49' title='bbox 619 1206 736 1280; x_wconf 79' lang='lat' dir='ltr'>ragam</span> <span class='ocrx_word' id='word_1_50' title='bbox 757 1185 988 1258; x_wconf 84' lang='lat' dir='ltr'>Romanorum</span> <span class='ocrx_word' id='word_1_51' title='bbox 1013 1185 1200 1278; x_wconf 80' lang='lat' dir='ltr'>elegerunt.</span> <span class='ocrx_word' id='word_1_52' title='bbox 1215 1175 1290 1270; x_wconf 68' lang='lat' dir='ltr'>‘Qui</span> <span class='ocrx_word' id='word_1_53' title='bbox 1315 1184 1360 1256; x_wconf 89' lang='lat' dir='ltr'>ab</span> <span class='ocrx_word' id='word_1_54' title='bbox 1378 1182 1504 1278; x_wconf 86' lang='lat' dir='ltr'><strong>Apulia</strong></span> <span class='ocrx_word' id='word_1_55' title='bbox 1528 1183 1670 1276; x_wconf 79' lang='lat' dir='ltr'>navigio</span> <span class='ocrx_word' id='word_1_56' title='bbox 1690 1203 1757 1255; x_wconf 86' lang='lat' dir='ltr'>ve·</span> 
     </span>
     <span class='ocr_line' id='line_1_7' title="bbox 342 1305 1757 1404; baseline -0.001 -22"><span class='ocrx_word' id='word_1_57' title='bbox 342 1311 443 1384; x_wconf 84' lang='lat' dir='ltr'>niens</span> <span class='ocrx_word' id='word_1_58' title='bbox 469 1330 584 1404; x_wconf 86' lang='lat' dir='ltr'>usque</span> <span class='ocrx_word' id='word_1_59' title='bbox 608 1310 751 1382; x_wconf 83' lang='lat' dir='ltr'><strong>Romam</strong></span> <span class='ocrx_word' id='word_1_60' title='bbox 776 1331 797 1381; x_wconf 93' lang='lat' dir='ltr'>a</span> <span class='ocrx_word' id='word_1_61' title='bbox 823 1309 964 1382; x_wconf 89' lang='lat' dir='ltr'>domino</span> <span class='ocrx_word' id='word_1_62' title='bbox 982 1330 1073 1404; x_wconf 89' lang='lat' dir='ltr'>papa</span> <span class='ocrx_word' id='word_1_63' title='bbox 1101 1319 1135 1381; x_wconf 86' lang='lat' dir='ltr'>cl</span> <span class='ocrx_word' id='word_1_64' title='bbox 1156 1310 1285 1404; x_wconf 93' lang='lat' dir='ltr'>populu</span> <span class='ocrx_word' id='word_1_65' title='bbox 1311 1309 1464 1400; x_wconf 81' lang='lat' dir='ltr'>Romano</span> <span class='ocrx_word' id='word_1_66' title='bbox 1485 1305 1672 1380; x_wconf 86' lang='lat' dir='ltr'>honorifice</span> <span class='ocrx_word' id='word_1_67' title='bbox 1696 1329 1757 1380; x_wconf 89' lang='lat' dir='ltr'>rc-</span> 
     </span>
     <span class='ocr_line' id='line_1_8' title="bbox 344 1430 1759 1528; baseline -0.003 -22"><span class='ocrx_word' id='word_1_68' title='bbox 344 1443 482 1528; x_wconf 88' lang='lat' dir='ltr'>oeptus,</span> <span class='ocrx_word' id='word_1_69' title='bbox 511 1433 638 1506; x_wconf 87' lang='lat' dir='ltr'>iterum</span> <span class='ocrx_word' id='word_1_70' title='bbox 664 1453 726 1528; x_wconf 89' lang='lat' dir='ltr'>per</span> <span class='ocrx_word' id='word_1_71' title='bbox 760 1452 854 1504; x_wconf 92' lang='lat' dir='ltr'>mare</span> <span class='ocrx_word' id='word_1_72' title='bbox 885 1432 1031 1504; x_wconf 87' lang='lat' dir='ltr'>Iannam</span> <span class='ocrx_word' id='word_1_73' title='bbox 1062 1432 1190 1506; x_wconf 84' lang='lat' dir='ltr'>mIssus</span> <span class='ocrx_word' id='word_1_74' title='bbox 1221 1433 1296 1504; x_wconf 86' lang='lat' dir='ltr'>init.</span> <span class='ocrx_word' id='word_1_75' title='bbox 1329 1431 1463 1504; x_wconf 82' lang='lat' dir='ltr'>Deinde</span> <span class='ocrx_word' id='word_1_76' title='bbox 1487 1453 1550 1528; x_wconf 88' lang='lat' dir='ltr'>per</span> <span class='ocrx_word' id='word_1_77' title='bbox 1575 1430 1693 1504; x_wconf 85' lang='lat' dir='ltr'>Aetam</span> <span class='ocrx_word' id='word_1_78' title='bbox 1725 1441 1759 1504; x_wconf 89' lang='lat' dir='ltr'>ct</span> 
     </span>
     <span class='ocr_line' id='line_1_9' title="bbox 343 1541 1760 1663; baseline -0.001 -33"><span class='ocrx_word' id='word_1_79' title='bbox 343 1557 572 1630; x_wconf 87' lang='lat' dir='ltr'>MouIeratnm</span> <span class='ocrx_word' id='word_1_80' title='bbox 608 1556 751 1663; x_wconf 82' lang='lat' dir='ltr'>Papiam</span> <span class='ocrx_word' id='word_1_81' title='bbox 784 1555 944 1646; x_wconf 78' lang='lat' dir='ltr'>umescit,</span> <span class='ocrx_word' id='word_1_82' title='bbox 976 1555 1023 1628; x_wconf 87' lang='lat' dir='ltr'>M.</span> <span class='ocrx_word' id='word_1_83' title='bbox 1039 1556 1101 1630; x_wconf 89' lang='lat' dir='ltr'>CC.</span> <span class='ocrx_word' id='word_1_84' title='bbox 1116 1557 1179 1628; x_wconf 85' lang='lat' dir='ltr'>XII</span> <span class='ocrx_word' id='word_1_85' title='bbox 1195 1541 1229 1628; x_wconf 60' lang='lat' dir='ltr'>&#39;a</span> <span class='ocrx_word' id='word_1_86' title='bbox 1257 1555 1491 1629; x_wconf 80' lang='lat' dir='ltr'>incarnatione</span> <span class='ocrx_word' id='word_1_87' title='bbox 1522 1555 1680 1644; x_wconf 80' lang='lat' dir='ltr'>Domini,</span> <span class='ocrx_word' id='word_1_88' title='bbox 1714 1553 1760 1628; x_wconf 89' lang='lat' dir='ltr'>de</span> 
     </span>
     <span class='ocr_line' id='line_1_10' title="bbox 345 1678 1760 1776; baseline -0.002 -22"><span class='ocrx_word' id='word_1_89' title='bbox 345 1702 465 1754; x_wconf 90' lang='lat' dir='ltr'>meuse</span> <span class='ocrx_word' id='word_1_90' title='bbox 479 1679 607 1768; x_wconf 90' lang='lat' dir='ltr'>madii;</span> <span class='ocrx_word' id='word_1_91' title='bbox 625 1687 661 1753; x_wconf 90' lang='lat' dir='ltr'>ct</span> <span class='ocrx_word' id='word_1_92' title='bbox 678 1678 736 1752; x_wconf 90' lang='lat' dir='ltr'>die</span> <span class='ocrx_word' id='word_1_93' title='bbox 754 1687 877 1774; x_wconf 85' lang='lat' dir='ltr'>quarto</span> <span class='ocrx_word' id='word_1_94' title='bbox 899 1681 1028 1752; x_wconf 81' lang='lat' dir='ltr'>mensis</span> <span class='ocrx_word' id='word_1_95' title='bbox 1050 1680 1189 1774; x_wconf 82' lang='lat' dir='ltr'>angusti</span> <span class='ocrx_word' id='word_1_96' title='bbox 1210 1680 1381 1776; x_wconf 83' lang='lat' dir='ltr'>proximi,</span> <span class='ocrx_word' id='word_1_97' title='bbox 1402 1701 1480 1751; x_wconf 90' lang='lat' dir='ltr'>cum</span> <span class='ocrx_word' id='word_1_98' title='bbox 1496 1679 1682 1776; x_wconf 85' lang='lat' dir='ltr'>PapIensas</span> <span class='ocrx_word' id='word_1_99' title='bbox 1696 1700 1760 1773; x_wconf 94' lang='lat' dir='ltr'>pro</span> 
     </span>
     <span class='ocr_line' id='line_1_11' title="bbox 345 1801 1759 1900; baseline -0.004 -22"><span class='ocrx_word' id='word_1_100' title='bbox 345 1803 484 1878; x_wconf 92' lang='lat' dir='ltr'>comuni</span> <span class='ocrx_word' id='word_1_101' title='bbox 514 1803 744 1876; x_wconf 78' lang='lat' dir='ltr'>associassent</span> <span class='ocrx_word' id='word_1_102' title='bbox 782 1801 977 1898; x_wconf 85' lang='lat' dir='ltr'>predictum</span> <span class='ocrx_word' id='word_1_103' title='bbox 1006 1826 1123 1898; x_wconf 79' lang='lat' dir='ltr'>regem</span> <span class='ocrx_word' id='word_1_104' title='bbox 1144 1802 1151 1900; x_wconf 85' lang='grc' dir='ltr'>Ι</span> <span class='ocrx_word' id='word_1_105' title='bbox 1173 1825 1285 1898; x_wconf 89' lang='lat' dir='ltr'>usque</span> <span class='ocrx_word' id='word_1_106' title='bbox 1313 1804 1350 1875; x_wconf 93' lang='lat' dir='ltr'>in</span> <span class='ocrx_word' id='word_1_107' title='bbox 1378 1802 1631 1880; x_wconf 85' lang='lat' dir='ltr'>Membrionum</span> <span class='ocrx_word' id='word_1_108' title='bbox 1661 1811 1697 1875; x_wconf 91' lang='lat' dir='ltr'>et</span> <span class='ocrx_word' id='word_1_109' title='bbox 1722 1803 1759 1874; x_wconf 90' lang='lat' dir='ltr'>in</span> 
     </span>
     <span class='ocr_line' id='line_1_12' title="bbox 345 1925 1760 2024; baseline 0 -24"><span class='ocrx_word' id='word_1_110' title='bbox 345 1929 413 2002; x_wconf 87' lang='lat' dir='ltr'>illia</span> <span class='ocrx_word' id='word_1_111' title='bbox 441 1927 618 2024; x_wconf 89' lang='lat' dir='ltr'>partibus,</span> <span class='ocrx_word' id='word_1_112' title='bbox 637 1935 673 2000; x_wconf 88' lang='lat' dir='ltr'>et</span> <span class='ocrx_word' id='word_1_113' title='bbox 696 1946 762 1998; x_wconf 83' lang='lat' dir='ltr'>rex</span> <span class='ocrx_word' id='word_1_114' title='bbox 785 1925 906 1998; x_wconf 80' lang='lat' dir='ltr'>inlucet</span> <span class='ocrx_word' id='word_1_115' title='bbox 929 1945 1009 1998; x_wconf 89' lang='lat' dir='ltr'>cum</span> <span class='ocrx_word' id='word_1_116' title='bbox 1035 1927 1233 2000; x_wconf 74' lang='lat' dir='ltr'>marchione</span> <span class='ocrx_word' id='word_1_117' title='bbox 1253 1927 1388 2000; x_wconf 86' lang='lat' dir='ltr'>IIstansi</span> <span class='ocrx_word' id='word_1_118' title='bbox 1414 1936 1449 2000; x_wconf 92' lang='lat' dir='ltr'>et</span> <span class='ocrx_word' id='word_1_119' title='bbox 1473 1926 1760 2000; x_wconf 87' lang='lat' dir='ltr'>Cremonensibus</span> 
     </span>
     <span class='ocr_line' id='line_1_13' title="bbox 345 2049 1757 2148; baseline -0.001 -23"><span class='ocrx_word' id='word_1_120' title='bbox 345 2052 408 2148; x_wconf 87' lang='lat' dir='ltr'>qui</span> <span class='ocrx_word' id='word_1_121' title='bbox 440 2051 473 2126; x_wconf 90' lang='lat' dir='ltr'>ei</span> <span class='ocrx_word' id='word_1_122' title='bbox 505 2050 647 2124; x_wconf 84' lang='lat' dir='ltr'>obviam</span> <span class='ocrx_word' id='word_1_123' title='bbox 677 2059 871 2142; x_wconf 87' lang='lat' dir='ltr'>venerant,</span> <span class='ocrx_word' id='word_1_124' title='bbox 901 2049 1087 2146; x_wconf 89' lang='lat' dir='ltr'>Papicuses</span> <span class='ocrx_word' id='word_1_125' title='bbox 1121 2050 1379 2124; x_wconf 78' lang='lat' dir='ltr'>revertebantur</span> <span class='ocrx_word' id='word_1_126' title='bbox 1414 2051 1530 2146; x_wconf 82' lang='lat' dir='ltr'>ylares</span> <span class='ocrx_word' id='word_1_127' title='bbox 1561 2061 1596 2124; x_wconf 91' lang='lat' dir='ltr'>et</span> <span class='ocrx_word' id='word_1_128' title='bbox 1631 2051 1757 2124; x_wconf 89' lang='lat' dir='ltr'>securi.</span> 
     </span>
     <span class='ocr_line' id='line_1_14' title="bbox 346 2171 1761 2269; baseline 0.003 -27"><span class='ocrx_word' id='word_1_129' title='bbox 346 2175 485 2242; x_wconf 85' lang='lat' dir='ltr'>luterIm</span> <span class='ocrx_word' id='word_1_130' title='bbox 507 2172 638 2244; x_wconf 90' lang='lat' dir='ltr'>milicia</span> <span class='ocrx_word' id='word_1_131' title='bbox 661 2171 844 2244; x_wconf 84' lang='lat' dir='ltr'>Mediolani</span> <span class='ocrx_word' id='word_1_132' title='bbox 871 2172 1097 2264; x_wconf 88' lang='lat' dir='ltr'>Papiensibus</span> <span class='ocrx_word' id='word_1_133' title='bbox 1121 2173 1276 2267; x_wconf 81' lang='lat' dir='ltr'>attingit,</span> <span class='ocrx_word' id='word_1_134' title='bbox 1304 2181 1339 2245; x_wconf 88' lang='lat' dir='ltr'>ut</span> <span class='ocrx_word' id='word_1_135' title='bbox 1359 2173 1449 2244; x_wconf 87' lang='lat' dir='ltr'>iuter</span> <span class='ocrx_word' id='word_1_136' title='bbox 1473 2195 1511 2246; x_wconf 86' lang='lat' dir='ltr'>ee</span> <span class='ocrx_word' id='word_1_137' title='bbox 1535 2173 1664 2246; x_wconf 86' lang='lat' dir='ltr'>lortiter</span> <span class='ocrx_word' id='word_1_138' title='bbox 1682 2193 1761 2269; x_wconf 89' lang='lat' dir='ltr'>pro-</span> 
     </span>
     <span class='ocr_line' id='line_1_15' title="bbox 346 2294 1763 2394; baseline 0.003 -28"><span class='ocrx_word' id='word_1_139' title='bbox 346 2294 487 2386; x_wconf 83' lang='lat' dir='ltr'>bantes,</span> <span class='ocrx_word' id='word_1_140' title='bbox 505 2295 692 2392; x_wconf 85' lang='lat' dir='ltr'>Papiansee</span> <span class='ocrx_word' id='word_1_141' title='bbox 713 2316 783 2367; x_wconf 92' lang='lat' dir='ltr'>nou</span> <span class='ocrx_word' id='word_1_142' title='bbox 806 2295 960 2368; x_wconf 88' lang='lat' dir='ltr'>valentes</span> <span class='ocrx_word' id='word_1_143' title='bbox 975 2295 1169 2371; x_wconf 88' lang='lat' dir='ltr'>substinere</span> <span class='ocrx_word' id='word_1_144' title='bbox 1190 2299 1324 2394; x_wconf 90' lang='lat' dir='ltr'>copiam</span> <span class='ocrx_word' id='word_1_145' title='bbox 1341 2295 1647 2387; x_wconf 85' lang='lat' dir='ltr'>Mediolanensem,</span> <span class='ocrx_word' id='word_1_146' title='bbox 1667 2307 1763 2391; x_wconf 80' lang='lat' dir='ltr'>terga</span> 
     </span>
     <span class='ocr_line' id='line_1_16' title="bbox 346 2419 1763 2516; baseline -0.002 -22"><span class='ocrx_word' id='word_1_147' title='bbox 346 2429 521 2494; x_wconf 81' lang='lat' dir='ltr'>vertentes</span> <span class='ocrx_word' id='word_1_148' title='bbox 543 2420 664 2516; x_wconf 78' lang='lat' dir='ltr'>lugam</span> <span class='ocrx_word' id='word_1_149' title='bbox 689 2419 880 2516; x_wconf 87' lang='lat' dir='ltr'>pecierunt.</span> <span class='ocrx_word' id='word_1_150' title='bbox 903 2420 942 2490; x_wconf 92' lang='lat' dir='ltr'>In</span> <span class='ocrx_word' id='word_1_151' title='bbox 977 2441 1048 2514; x_wconf 90' lang='lat' dir='ltr'>quo</span> <span class='ocrx_word' id='word_1_152' title='bbox 1080 2421 1171 2494; x_wconf 89' lang='lat' dir='ltr'>bollo</span> <span class='ocrx_word' id='word_1_153' title='bbox 1204 2422 1368 2495; x_wconf 82' lang='lat' dir='ltr'>CXXVIII</span> <span class='ocrx_word' id='word_1_154' title='bbox 1391 2423 1516 2494; x_wconf 84' lang='lat' dir='ltr'>milites</span> <span class='ocrx_word' id='word_1_155' title='bbox 1545 2443 1592 2495; x_wconf 86' lang='lat' dir='ltr'>cx</span> <span class='ocrx_word' id='word_1_156' title='bbox 1612 2421 1763 2516; x_wconf 87' lang='lat' dir='ltr'>PapIeu-</span> 
     </span>
     <span class='ocr_line' id='line_1_17' title="bbox 347 2541 1763 2640; baseline 0.002 -25"><span class='ocrx_word' id='word_1_157' title='bbox 347 2542 445 2615; x_wconf 90' lang='lat' dir='ltr'>sibus</span> <span class='ocrx_word' id='word_1_158' title='bbox 472 2551 652 2640; x_wconf 89' lang='lat' dir='ltr'>ceperunt.</span> <span class='ocrx_word' id='word_1_159' title='bbox 680 2541 813 2614; x_wconf 88' lang='lat' dir='ltr'>Deinde</span> <span class='ocrx_word' id='word_1_160' title='bbox 842 2541 957 2615; x_wconf 86' lang='lat' dir='ltr'>dictus</span> <span class='ocrx_word' id='word_1_161' title='bbox 980 2563 1045 2616; x_wconf 86' lang='lat' dir='ltr'>rex</span> <span class='ocrx_word' id='word_1_162' title='bbox 1072 2565 1133 2640; x_wconf 90' lang='lat' dir='ltr'>per</span> <span class='ocrx_word' id='word_1_163' title='bbox 1161 2545 1337 2618; x_wconf 89' lang='lat' dir='ltr'>Mantuam</span> <span class='ocrx_word' id='word_1_164' title='bbox 1365 2554 1400 2618; x_wconf 89' lang='lat' dir='ltr'>et</span> <span class='ocrx_word' id='word_1_165' title='bbox 1427 2547 1598 2618; x_wconf 89' lang='lat' dir='ltr'>Veronam</span> <span class='ocrx_word' id='word_1_166' title='bbox 1623 2544 1659 2616; x_wconf 92' lang='lat' dir='ltr'>iu</span> <span class='ocrx_word' id='word_1_167' title='bbox 1684 2542 1763 2618; x_wconf 82' lang='lat' dir='ltr'>Ala·</span> 
     </span>
     <span class='ocr_line' id='line_1_18' title="bbox 347 2664 1765 2762; baseline 0.001 -25"><span class='ocrx_word' id='word_1_168' title='bbox 347 2665 499 2738; x_wconf 90' lang='lat' dir='ltr'>maniam</span> <span class='ocrx_word' id='word_1_169' title='bbox 526 2665 737 2761; x_wconf 84' lang='lat' dir='ltr'>properavit.</span> <span class='ocrx_word' id='word_1_170' title='bbox 767 2664 888 2760; x_wconf 89' lang='lat' dir='ltr'>Ibique</span> <span class='ocrx_word' id='word_1_171' title='bbox 912 2673 1031 2738; x_wconf 89' lang='lat' dir='ltr'>contra</span> <span class='ocrx_word' id='word_1_172' title='bbox 1055 2667 1220 2738; x_wconf 88' lang='lat' dir='ltr'>Octoucm</span> <span class='ocrx_word' id='word_1_173' title='bbox 1247 2665 1389 2739; x_wconf 85' lang='lat' dir='ltr'>mirilice</span> <span class='ocrx_word' id='word_1_174' title='bbox 1415 2667 1614 2762; x_wconf 88' lang='lat' dir='ltr'>superando</span> <span class='ocrx_word' id='word_1_175' title='bbox 1642 2667 1765 2738; x_wconf 90' lang='lat' dir='ltr'>trium·</span> 
     </span>
     <span class='ocr_line' id='line_1_19' title="bbox 348 2787 1764 2888; baseline 0.003 -28"><span class='ocrx_word' id='word_1_176' title='bbox 348 2789 481 2884; x_wconf 81' lang='lat' dir='ltr'>pharit.</span> <span class='ocrx_word' id='word_1_177' title='bbox 503 2789 552 2863; x_wconf 90' lang='lat' dir='ltr'>M.</span> <span class='ocrx_word' id='word_1_178' title='bbox 565 2787 627 2862; x_wconf 87' lang='lat' dir='ltr'>CC.</span> <span class='ocrx_word' id='word_1_179' title='bbox 641 2789 766 2881; x_wconf 85' lang='lat' dir='ltr'>XVIII,</span> <span class='ocrx_word' id='word_1_180' title='bbox 789 2789 835 2862; x_wconf 91' lang='lat' dir='ltr'>de</span> <span class='ocrx_word' id='word_1_181' title='bbox 853 2811 971 2864; x_wconf 90' lang='lat' dir='ltr'>mense</span> <span class='ocrx_word' id='word_1_182' title='bbox 985 2789 1107 2886; x_wconf 89' lang='lat' dir='ltr'>madii,</span> <span class='ocrx_word' id='word_1_183' title='bbox 1125 2790 1239 2865; x_wconf 90' lang='lat' dir='ltr'>dictus</span> <span class='ocrx_word' id='word_1_184' title='bbox 1257 2793 1409 2866; x_wconf 88' lang='lat' dir='ltr'>Octonuu</span> <span class='ocrx_word' id='word_1_185' title='bbox 1427 2792 1612 2888; x_wconf 85' lang='lat' dir='ltr'>Imperator</span> <span class='ocrx_word' id='word_1_186' title='bbox 1625 2791 1710 2864; x_wconf 92' lang='lat' dir='ltr'>obiit</span> <span class='ocrx_word' id='word_1_187' title='bbox 1729 2791 1764 2864; x_wconf 92' lang='lat' dir='ltr'>iu</span> 
     </span>
     <span class='ocr_line' id='line_1_20' title="bbox 347 2909 543 2986; baseline 0.01 -2"><span class='ocrx_word' id='word_1_188' title='bbox 347 2909 543 2986; x_wconf 81' lang='lat' dir='ltr'>Alamania.</span> 
     </span>
    </p>

    <p class='ocr_par' dir='ltr' id='par_1_3' title="bbox 398 3036 1762 3134">
     <span class='ocr_line' id='line_1_21' title="bbox 398 3036 1762 3134; baseline 0.001 -27"><span class='ocrx_word' id='word_1_189' title='bbox 398 3036 586 3132; x_wconf 87' lang='lat' dir='ltr'>Imperavit</span> <span class='ocrx_word' id='word_1_190' title='bbox 611 3046 727 3110; x_wconf 90' lang='lat' dir='ltr'>autem</span> <span class='ocrx_word' id='word_1_191' title='bbox 749 3036 813 3109; x_wconf 84' lang='lat' dir='ltr'>iate</span> <span class='ocrx_word' id='word_1_192' title='bbox 834 3037 985 3112; x_wconf 86' lang='lat' dir='ltr'>Octouna</span> <span class='ocrx_word' id='word_1_193' title='bbox 1009 3038 1239 3130; x_wconf 79' lang='lat' dir='ltr'>annis&#39;llII113</span> <span class='ocrx_word' id='word_1_194' title='bbox 1266 3039 1415 3112; x_wconf 89' lang='lat' dir='ltr'>cessavit</span> <span class='ocrx_word' id='word_1_195' title='bbox 1434 3050 1550 3112; x_wconf 88' lang='lat' dir='ltr'>autem</span> <span class='ocrx_word' id='word_1_196' title='bbox 1580 3037 1762 3134; x_wconf 80' lang='lat' dir='ltr'>ImperIum</span> 
     </span>
    </p>
   </div>
   <div class='ocr_carea' id='block_1_3' title="bbox 349 3157 1763 3356">
    <p class='ocr_par' dir='ltr' id='par_1_4' title="bbox 349 3157 1763 3356">
     <span class='ocr_line' id='line_1_22' title="bbox 350 3157 1763 3260; baseline 0.003 -28"><span class='ocrx_word' id='word_1_197' title='bbox 350 3157 396 3232; x_wconf 93' lang='lat' dir='ltr'>ab</span> <span class='ocrx_word' id='word_1_198' title='bbox 413 3159 479 3232; x_wconf 88' lang='lat' dir='ltr'>isto</span> <span class='ocrx_word' id='word_1_199' title='bbox 495 3159 700 3258; x_wconf 84' lang='lat' dir='ltr'>imperatore</span> <span class='ocrx_word' id='word_1_200' title='bbox 716 3160 847 3234; x_wconf 88' lang='lat' dir='ltr'>Octune</span> <span class='ocrx_word' id='word_1_201' title='bbox 869 3183 982 3258; x_wconf 89' lang='lat' dir='ltr'>usque</span> <span class='ocrx_word' id='word_1_202' title='bbox 997 3161 1044 3236; x_wconf 90' lang='lat' dir='ltr'>ad</span> <span class='ocrx_word' id='word_1_203' title='bbox 1062 3162 1302 3260; x_wconf 89' lang='lat' dir='ltr'>imperatorem</span> <span class='ocrx_word' id='word_1_204' title='bbox 1326 3163 1547 3238; x_wconf 88' lang='lat' dir='ltr'>Fredericnm</span> <span class='ocrx_word' id='word_1_205' title='bbox 1569 3163 1763 3238; x_wconf 85' lang='lat' dir='ltr'>secuudum</span> 
     </span>
     <span class='ocr_line' id='line_1_23' title="bbox 349 3283 508 3356; baseline -0.013 0"><span class='ocrx_word' id='word_1_206' title='bbox 349 3283 450 3356; x_wconf 89' lang='lat' dir='ltr'>aunis</span> <span class='ocrx_word' id='word_1_207' title='bbox 465 3283 508 3355; x_wconf 93' lang='lat' dir='ltr'>II.</span> 
     </span>
    </p>
   </div>
   <div class='ocr_carea' id='block_1_4' title="bbox 350 3591 1759 3814">
    <p class='ocr_par' dir='ltr' id='par_1_5' title="bbox 350 3591 1759 3814">
     <span class='ocr_line' id='line_1_24' title="bbox 350 3591 1759 3693; baseline 0.008 -31"><span class='ocrx_word' id='word_1_208' title='bbox 350 3591 448 3664; x_wconf 79' lang='lat' dir='ltr'>Getta</span> <span class='ocrx_word' id='word_1_209' title='bbox 482 3592 608 3664; x_wconf 77' lang='lat' dir='ltr'>damulti</span> <span class='ocrx_word' id='word_1_210' title='bbox 635 3591 806 3665; x_wconf 76' lang='lat' dir='ltr'>Fredcrici</span> <span class='ocrx_word' id='word_1_211' title='bbox 838 3596 1047 3688; x_wconf 79' lang='lat' dir='ltr'>imperatoria</span> <span class='ocrx_word' id='word_1_212' title='bbox 1083 3595 1239 3682; x_wconf 79' lang='lat' dir='ltr'>secandi,</span> <span class='ocrx_word' id='word_1_213' title='bbox 1272 3595 1494 3668; x_wconf 68' lang='lat' dir='ltr'>anamma</span> <span class='ocrx_word' id='word_1_214' title='bbox 1528 3599 1759 3693; x_wconf 67' lang='lat' dir='ltr'>desperatoris,</span> 
     </span>
     <span class='ocr_line' id='line_1_25' title="bbox 514 3717 1596 3814; baseline 0.006 -26"><span class='ocrx_word' id='word_1_215' title='bbox 514 3717 703 3789; x_wconf 77' lang='lat' dir='ltr'>Jerusalem</span> <span class='ocrx_word' id='word_1_216' title='bbox 725 3729 756 3790; x_wconf 88' lang='lat' dir='ltr'>at</span> <span class='ocrx_word' id='word_1_217' title='bbox 774 3717 888 3790; x_wconf 80' lang='lat' dir='ltr'>Sicilie</span> <span class='ocrx_word' id='word_1_218' title='bbox 909 3721 1013 3814; x_wconf 75' lang='lat' dir='ltr'>repis,</span> <span class='ocrx_word' id='word_1_219' title='bbox 1038 3718 1078 3790; x_wconf 86' lang='lat' dir='ltr'>de</span> <span class='ocrx_word' id='word_1_220' title='bbox 1097 3721 1193 3792; x_wconf 80' lang='lat' dir='ltr'>rebus</span> <span class='ocrx_word' id='word_1_221' title='bbox 1209 3721 1311 3814; x_wconf 78' lang='lat' dir='ltr'>pectit</span> <span class='ocrx_word' id='word_1_222' title='bbox 1326 3723 1362 3792; x_wconf 79' lang='lat' dir='ltr'>ab</span> <span class='ocrx_word' id='word_1_223' title='bbox 1386 3722 1596 3796; x_wconf 77' lang='lat' dir='ltr'>Lumbarda&#39;n.</span> 
     </span>
    </p>
   </div>
   <div class='ocr_carea' id='block_1_5' title="bbox 348 3960 1763 4434">
    <p class='ocr_par' dir='ltr' id='par_1_6' title="bbox 348 3960 1763 4434">
     <span class='ocr_line' id='line_1_26' title="bbox 400 3960 1763 4064; baseline 0.009 -32"><span class='ocrx_word' id='word_1_224' title='bbox 400 3961 512 4045; x_wconf 89' lang='lat' dir='ltr'>Quum</span> <span class='ocrx_word' id='word_1_225' title='bbox 539 3960 682 4054; x_wconf 90' lang='lat' dir='ltr'>qnidam</span> <span class='ocrx_word' id='word_1_226' title='bbox 701 3961 867 4034; x_wconf 89' lang='lat' dir='ltr'>tribulant</span> <span class='ocrx_word' id='word_1_227' title='bbox 882 3961 993 4051; x_wconf 87' lang='lat' dir='ltr'>bella,</span> <span class='ocrx_word' id='word_1_228' title='bbox 1015 3964 1176 4057; x_wconf 78' lang='lat' dir='ltr'>angustie</span> <span class='ocrx_word' id='word_1_229' title='bbox 1200 3973 1236 4036; x_wconf 89' lang='lat' dir='ltr'>et</span> <span class='ocrx_word' id='word_1_230' title='bbox 1256 3973 1443 4058; x_wconf 90' lang='lat' dir='ltr'>tormenta,</span> <span class='ocrx_word' id='word_1_231' title='bbox 1469 3989 1539 4063; x_wconf 89' lang='lat' dir='ltr'>quo</span> <span class='ocrx_word' id='word_1_232' title='bbox 1562 3977 1660 4064; x_wconf 73' lang='lat' dir='ltr'>gesta</span> <span class='ocrx_word' id='word_1_233' title='bbox 1682 3979 1763 4044; x_wconf 89' lang='lat' dir='ltr'>snut</span> 
     </span>
     <span class='ocr_line' id='line_1_27' title="bbox 350 4085 1761 4188; baseline 0.008 -33"><span class='ocrx_word' id='word_1_234' title='bbox 350 4085 386 4155; x_wconf 91' lang='lat' dir='ltr'>in</span> <span class='ocrx_word' id='word_1_235' title='bbox 402 4085 606 4158; x_wconf 81' lang='lat' dir='ltr'>bombardia</span> <span class='ocrx_word' id='word_1_236' title='bbox 629 4095 782 4182; x_wconf 88' lang='lat' dir='ltr'>tempore</span> <span class='ocrx_word' id='word_1_237' title='bbox 804 4085 903 4158; x_wconf 85' lang='lat' dir='ltr'>istius</span> <span class='ocrx_word' id='word_1_238' title='bbox 926 4085 1060 4158; x_wconf 92' lang='lat' dir='ltr'>domiui</span> <span class='ocrx_word' id='word_1_239' title='bbox 1080 4087 1250 4161; x_wconf 84' lang='lat' dir='ltr'>Frederiri</span> <span class='ocrx_word' id='word_1_240' title='bbox 1266 4089 1480 4185; x_wconf 89' lang='lat' dir='ltr'>imperaturis</span> <span class='ocrx_word' id='word_1_241' title='bbox 1496 4091 1541 4165; x_wconf 89' lang='lat' dir='ltr'>ab</span> <span class='ocrx_word' id='word_1_242' title='bbox 1556 4093 1708 4188; x_wconf 83' lang='lat' dir='ltr'>autians</span> <span class='ocrx_word' id='word_1_243' title='bbox 1725 4093 1761 4166; x_wconf 89' lang='lat' dir='ltr'>lu</span> 
     </span>
     <span class='ocr_line' id='line_1_28' title="bbox 348 4207 1762 4306; baseline 0.007 -26"><span class='ocrx_word' id='word_1_244' title='bbox 348 4207 483 4303; x_wconf 87' lang='lat' dir='ltr'>scriptia</span> <span class='ocrx_word' id='word_1_245' title='bbox 498 4207 601 4282; x_wconf 91' lang='lat' dir='ltr'>uobis</span> <span class='ocrx_word' id='word_1_246' title='bbox 622 4208 748 4283; x_wconf 86' lang='lat' dir='ltr'>tradita</span> <span class='ocrx_word' id='word_1_247' title='bbox 771 4229 847 4282; x_wconf 90' lang='lat' dir='ltr'>essu</span> <span class='ocrx_word' id='word_1_248' title='bbox 871 4218 1073 4282; x_wconf 91' lang='lat' dir='ltr'>noscuntur.</span> <span class='ocrx_word' id='word_1_249' title='bbox 1092 4211 1243 4306; x_wconf 80' lang='lat' dir='ltr'>Dignum</span> <span class='ocrx_word' id='word_1_250' title='bbox 1267 4223 1301 4284; x_wconf 87' lang='lat' dir='ltr'>at</span> <span class='ocrx_word' id='word_1_251' title='bbox 1328 4213 1411 4288; x_wconf 90' lang='lat' dir='ltr'>utile</span> <span class='ocrx_word' id='word_1_252' title='bbox 1435 4213 1603 4288; x_wconf 80' lang='lat' dir='ltr'>danmns</span> <span class='ocrx_word' id='word_1_253' title='bbox 1619 4215 1666 4290; x_wconf 90' lang='lat' dir='ltr'>ad</span> <span class='ocrx_word' id='word_1_254' title='bbox 1684 4239 1762 4290; x_wconf 90' lang='lat' dir='ltr'>me-</span> 
     </span>
     <span class='ocr_line' id='line_1_29' title="bbox 349 4330 1763 4434; baseline 0.011 -34"><span class='ocrx_word' id='word_1_255' title='bbox 349 4330 492 4403; x_wconf 89' lang='lat' dir='ltr'>moriam</span> <span class='ocrx_word' id='word_1_256' title='bbox 517 4341 732 4428; x_wconf 87' lang='lat' dir='ltr'>posterorum</span> <span class='ocrx_word' id='word_1_257' title='bbox 756 4331 803 4429; x_wconf 86' lang='lat' dir='ltr'>(b)</span> <span class='ocrx_word' id='word_1_258' title='bbox 824 4333 1025 4408; x_wconf 82' lang='lat' dir='ltr'>reducenda</span> <span class='ocrx_word' id='word_1_259' title='bbox 1048 4335 1137 4410; x_wconf 85' lang='lat' dir='ltr'>bella</span> <span class='ocrx_word' id='word_1_260' title='bbox 1155 4345 1190 4410; x_wconf 90' lang='lat' dir='ltr'>et</span> <span class='ocrx_word' id='word_1_261' title='bbox 1204 4337 1457 4433; x_wconf 86' lang='lat' dir='ltr'>tribulationes,</span> <span class='ocrx_word' id='word_1_262' title='bbox 1483 4339 1678 4434; x_wconf 75' lang='lat' dir='ltr'>angustias,</span> <span class='ocrx_word' id='word_1_263' title='bbox 1704 4361 1763 4415; x_wconf 89' lang='lat' dir='ltr'>sa-</span> 
     </span>
    </p>
   </div>
   <div class='ocr_carea' id='block_1_6' title="bbox 365 4489 774 4749">
    <p class='ocr_par' dir='ltr' id='par_1_7' title="bbox 365 4489 774 4749">
     <span class='ocr_line' id='line_1_30' title="bbox 365 4489 700 4642; baseline 0.009 -22"><span class='ocrx_word' id='word_1_264' title='bbox 365 4489 370 4504; x_wconf 37' lang='lat'><em>·</em></span> <span class='ocrx_word' id='word_1_265' title='bbox 392 4557 434 4638; x_wconf 85' lang='lat' dir='ltr'>(a)</span> <span class='ocrx_word' id='word_1_266' title='bbox 455 4559 492 4620; x_wconf 90' lang='lat' dir='ltr'>In</span> <span class='ocrx_word' id='word_1_267' title='bbox 505 4560 607 4622; x_wconf 86' lang='lat' dir='ltr'>codlcc</span> <span class='ocrx_word' id='word_1_268' title='bbox 620 4577 700 4642; x_wconf 80' lang='lat' dir='ltr'>paor.</span> 
     </span>
     <span class='ocr_line' id='line_1_31' title="bbox 392 4663 774 4749; baseline 0.024 -23"><span class='ocrx_word' id='word_1_269' title='bbox 392 4663 434 4746; x_wconf 83' lang='lat' dir='ltr'>(b)</span> <span class='ocrx_word' id='word_1_270' title='bbox 454 4665 490 4728; x_wconf 92' lang='lat' dir='ltr'>In</span> <span class='ocrx_word' id='word_1_271' title='bbox 505 4667 607 4729; x_wconf 80' lang='lat' dir='ltr'>codice</span> <span class='ocrx_word' id='word_1_272' title='bbox 615 4675 774 4749; x_wconf 72' lang='lat' dir='ltr'>patens.</span> 
     </span>
    </p>
   </div>
   <div class='ocr_carea' id='block_1_7' title="bbox 0 0 2317 6066">
    <p class='ocr_par' dir='ltr' id='par_1_8' title="bbox 0 0 2317 6066">
     <span class='ocr_line' id='line_1_32' title="bbox 0 0 2317 6066; baseline 0 0"><span class='ocrx_word' id='word_1_273' title='bbox 0 0 2317 6066; x_wconf 95' lang='lat' dir='ltr'> </span> 
     </span>
    </p>
   </div>
  </div>
 </body>
</html>
