4534 6074
781 671 823 732 ΙΝ
847 672 987 734 lTALlA
1011 671 1163 734 obsita
1623 668 1679 730 iai

260 820 357 904 perat
383 807 600 882 dextrarium
626 807 842 902 imperaturis
857 829 919 903 per
938 808 1063 904 pedam
1090 808 1136 882 de
1160 816 1252 880 retro
1275 803 1372 899 quod
1387 826 1426 876 ss
1448 825 1589 877 movere
1612 823 1682 875 non

259 941 411 1028 poterat,
440 931 509 1003 nisi
529 931 693 1004 dominus
710 931 897 1004 Guiiredus
913 932 959 1004 de
976 933 1128 1006 lomello
1148 933 1307 1026 quicum
1332 949 1375 1000 eo
1398 929 1518 1020 fugam
1545 935 1684 1020 ceperat

259 1064 356 1128 stans
371 1055 408 1126 in
426 1075 492 1127 suo
508 1073 601 1148 equo
612 1073 694 1124 cum
711 1051 864 1127 brachiis
877 1053 1020 1125 abstulit
1037 1065 1070 1126 et
1087 1053 1202 1148 posuit
1217 1075 1298 1125 eum
1314 1074 1420 1146 super
1434 1049 1541 1124 alium
1554 1071 1683 1142 equum

259 1197 366 1271 quem
392 1177 538 1272 quidalm
563 1177 640 1268 ejus
657 1175 808 1269 armiger
825 1175 875 1248 ibi
900 1175 1067 1269 babebat;
1098 1177 1206 1250 etsie
1232 1175 1547 1266 liberatus,'ambo
1564 1173 1683 1266 lugam

259 1301 445 1396 petierunt

307 1425 497 1498 Comenses
510 1444 594 1496 vero
612 1423 675 1522 qui
693 1422 789 1496 evasi
804 1433 902 1496 erant
919 1422 1160 1496 adcenderunt
1183 1422 1219 1494 in
1233 1421 1386 1516 quodam
1405 1429 1535 1494 monte.
1557 1420 1684 1492 Crede-

258 1547 344 1620 bant
360 1548 455 1622 enim
472 1548 523 1620 ibi
541 1567 644 1647 posse
659 1545 812 1622 evadere
830 1565 852 1620 a
871 1547 1032 1618 manibus
1049 1545 1362 1620 Mediolanensium
1378 1542 1428 1639 (a)
1446 1541 1540 1637 ipsos
1562 1563 1685 1636 capere

258 1692 329 1746 non
345 1693 447 1766 posse
460 1671 537 1744 sine
550 1691 677 1765 magno
692 1669 899 1742 detrimento
912 1677 1052 1764 propter
1066 1669 1132 1742 loci
1146 1668 1366 1764 asperitatem
1378 1675 1414 1740 et
1430 1664 1681 1753 fortitudinem,

258 1793 417 1866 lecerunt
433 1793 594 1886 colligere
610 1792 745 1887 paleam
765 1801 800 1865 et
815 1790 910 1885 ligna
927 1790 1025 1864 arida
1039 1802 1074 1864 et
1090 1801 1281 1886 posueruut
1296 1791 1389 1862 circa
1410 1811 1490 1879 eos,
1512 1789 1685 1862 mittentes

258 1915 379 2008 ignem
406 1915 444 1986 in
468 1915 564 2009 ipsis.
586 1912 686 1988 Unde
707 1913 869 2008 exiguis
894 1915 1007 1987 calore
1024 1914 1123 1986 multi
1142 1915 1329 2010 perierunt.
1349 1911 1578 2006 percipientes
1603 1935 1685 1986 vero

260 2038 449 2112 Comenses
461 2057 531 2110 non
546 2057 649 2133 posse
661 2035 825 2124 evadere,
842 2045 980 2132 propter
995 2037 1087 2130 ignis
1098 2039 1245 2112 calorem
1258 2036 1488 2112 reddiderunt
1502 2059 1540 2110 se
1554 2038 1686 2110 Medio·

261 2163 477 2236 lunensibus.

309 2283 451 2356 Decimo
473 2293 590 2354 autem
610 2280 669 2354 die
691 2281 819 2354 mensis
847 2281 1071 2374 septembris,
1092 2281 1303 2354 habitatores
1318 2281 1460 2354 Carcani
1480 2283 1687 2374 juraverunt

259 2417 351 2480 stare
364 2407 536 2501 preceptis
546 2404 796 2499 archiepiscopi
811 2412 846 2476 et
863 2406 1059 2478 communis
1071 2405 1256 2478 Mediolani
1272 2406 1347 2478 sine
1362 2407 1478 2500 aliqua
1492 2407 1687 2480 contradic-

262 2527 376 2618 tione,
404 2537 440 2600 et
458 2535 608 2600 castrum
627 2525 770 2598 Carcani
795 2525 1023 2600 reddiderunt
1040 2537 1075 2600 et
1093 2527 1265 2601 dederunt
1282 2529 1459 2602 communi
1484 2529 1684 2605 Mediolani.

309 2649 414 2722 Anno
429 2649 476 2722 M.
490 2649 529 2722 C.
543 2649 634 2740 LXI,
657 2669 775 2720 mense
789 2649 907 2743 itaque
925 2648 1060 2738 madio,
1075 2651 1264 2745 imperator
1282 2653 1507 2745 congregavit
1529 2655 1685 2727 virorum

260 2771 455 2844 exercitum
473 2793 640 2866 magnum
659 2779 695 2846 et
707 2771 903 2844 devastavit
920 2782 1055 2867 segetes
1074 2773 1383 2846 Mediolanensium
1400 2775 1492 2849 circa
1511 2778 1686 2852 civitatem

259 2917 373 2989 usque
398 2895 445 2968 ad
473 2897 617 2986 fossata,
640 2895 809 2990 capiendo
826 2893 940 2969 Adam
960 2895 1006 2969 dc
1025 2896 1196 2970 Paradino
1214 2908 1248 2969 et
1263 2899 1377 2970 Unum
1406 2897 1451 2972 de
1477 2900 1581 2973 Moris
1599 2923 1689 2996 quos

259 3018 376 3091 statim
391 3017 586 3112 suspendit.
605 3015 739 3090 liudem
758 3037 900 3112 quoque
918 3039 1039 3090 mense
1062 3019 1334 3092 Mediolanenses
1356 3041 1496 3114 quoque
1516 3023 1688 3116 eligerunt

259 3137 307 3212 de
334 3159 547 3233 unaquaque
574 3139 737 3233 parocbia
771 3138 860 3213 duos
886 3139 1044 3212 homines
1073 3149 1109 3214 et
1145 3149 1213 3214 tres
1238 3141 1283 3214 de
1308 3163 1519 3236 unaquaque
1541 3149 1547 3234 l
1569 3155 1683 3239 porta,
1719 3163 1767 3209 ru.
1780 3167 1888 3208 noveno.

258 3261 403 3334 arbitrio
417 3281 567 3355 quorum
580 3283 719 3334 annona
732 3271 768 3352 et
779 3262 902 3336 viuum
917 3271 953 3334 et
966 3285 1097 3336 merces
1110 3263 1344 3338 venderentur
1358 3275 1393 3337 et
1405 3267 1552 3359 pecunia
1567 3279 1687 3342 mutuo

258 3383 402 3458 daretur
423 3409 431 3454 :
450 3382 548 3478 quod
564 3393 684 3478 postea
708 3385 744 3456 in
765 3385 951 3481 pernicicm
973 3385 1123 3459 civitatis
1146 3409 1288 3460 versum
1306 3397 1371 3460 est.
1394 3387 1514 3462 Postea
1535 3391 1609 3464 Vlll
1629 3392 1688 3466 die

257 3509 424 3602 augusti,
453 3528 533 3578 cnm
565 3507 751 3604 imperator
778 3517 868 3582 esset
896 3511 999 3602 juxta
1025 3511 1271 3605 Malagnanum
1298 3534 1378 3584 cum
1406 3533 1470 3585 suo
1506 3517 1683 3610 exercitu,

257 3631 416 3726 premisit
439 3630 611 3725 quosdam
630 3631 755 3706 milites
775 3653 837 3728 per
853 3632 962 3726 Caput
980 3634 1142 3708 Casinum
1161 3631 1224 3731 (b).
1245 3635 1342 3710 Circa
1360 3659 1522 3732 vesperas
1539 3640 1686 3735 prelium

257 3755 522 3830 inchoaverunt.
539 3757 695 3850 Egressis
706 3765 823 3830 autem
839 3755 1154 3832 Mediolanensibus
1165 3779 1229 3852 pro
1245 3761 1366 3854 majori
1383 3774 1480 3856 parte
1492 3763 1567 3836 sine
1580 3765 1686 3838 armis

258 3889 294 3952 et
310 3879 524 3973 quibusdam
543 3901 624 3953 cum
642 3880 769 3972 armis,
788 3891 954 3976 ceperunt
968 3882 1004 3954 iu
1022 3883 1081 3954 via
1097 3882 1235 3976 preliari
1251 3881 1310 3978 (c),
1331 3893 1366 3956 et
1382 3884 1469 3959 dum
1484 3887 1536 3960 sic
1551 3911 1686 3983 pugna-

258 4011 347 4094 rent,
368 4004 555 4100 imperator
573 4025 655 4074 cum
669 4025 735 4076 suo
752 4003 804 4101 (d)
817 4005 973 4078 exercitu
992 4005 1158 4099 paulatim
1173 4007 1283 4101 prelio
1299 4009 1579 4106 apropinquavit,
1601 4013 1684 4084 mit-

298 4243 342 4322 (α)
364 4244 411 4304 lbi
424 4245 571 4320 quaedam
591 4247 752 4306 certbsime
770 4246 890 4310 dmuut.
912 4248 1032 4327 Legitur
1052 4255 1152 4311 autem
1177 4250 1210 4310 ln
1231 4251 1332 4314 codice
1346 4253 1529 4318 Parlaicusi:
1550 4253 1682 4320 Videuter

254 4353 356 4409 auum
367 4345 595 4410 Mediolanenses
608 4348 695 4430 ἅμα,
709 4358 768 4414 etc.

300 4452 342 4533 (b)
364 4457 401 4517 ln
412 4455 482 4516 cod.
492 4455 586 4516 Paris.
601 4461 632 4516 ct
644 4473 694 4536 ap.
709 4457 854 4520 Murator.
869 4455 912 4520 ud
926 4459 1077 4522 Carinum
1093 4457 1206 4526 rim

298 4559 337 4638 (c)
364 4561 399 4620 ln
412 4561 514 4622 codice
522 4557 655 4640 prolicit.

298 4661 344 4744 (d)
365 4664 422 4726 liic
444 4669 635 4730 amanuensis
649 4669 755 4745 repetit
766 4683 845 4747 quac
859 4673 921 4750 lam
938 4673 1141 4750 transcripsit,
1158 4673 1269 4734 scillcet
1282 4689 1300 4735 a
1314 4673 1406 4736 verbo
1415 4677 1566 4756 premisit,
1586 4697 1681 4758 usque

254 4770 293 4831 ad
307 4785 373 4830 cum
385 4772 488 4833 camb.

1648 4853 1652 4866 Ι
