4554 6080
590 588 652 649 332
1064 584 1304 648 canonicos
1328 587 1379 653 llll
1404 587 1532 646 lllillUS

590 721 725 792 statutis
733 718 827 814 quod
839 719 985 812 quilibet
997 720 1210 794 forbannitus
1219 722 1411 794 communis
1420 721 1590 794 Placentia
1601 728 1715 816 posset
1724 720 1863 794 reddire
1873 723 1909 794 in
1919 724 2002 795 civi·

590 855 696 918 tatem
713 846 884 918 Placentia
905 867 1019 940 usque
1043 844 1090 918 ad
1115 867 1225 918 unum
1243 869 1395 919 mensem
1415 844 1461 919 ad
1478 854 1638 943 precepta
1656 845 1788 918 domini
1801 847 1905 941 regis.
1924 849 2000 934 Quo

589 969 710 1043 audito
732 991 793 1064 per
818 970 1036 1042 Placentinos
1058 969 1289 1062 extrinsecos,
1318 970 1482 1065 paulatim
1508 971 1709 1065 inceperunt
1733 971 1784 1042 ire
1807 971 1844 1042 in
1868 973 2001 1046 Placen·

589 1093 672 1164 tiam
689 1102 724 1165 at
744 1103 818 1164 orta
834 1091 1006 1164 discordia
1029 1093 1119 1164 inter
1136 1115 1195 1166 eos
1212 1095 1313 1188 quasi
1330 1116 1450 1167 omnes
1470 1096 1609 1166 iverunt
1633 1091 1680 1166 ad
1694 1103 1854 1189 precepta
1871 1095 1999 1169 domini

589 1215 702 1308 regis3
719 1215 882 1289 dominus
894 1213 1055 1287 Albertus
1068 1216 1302 1307 blanchasola‚
1321 1217 1467 1290 lacobus
1481 1217 1525 1290 da
1538 1218 1746 1306 Peccoraria‚
1766 1218 1941 1292 Gerardus
1956 1220 2001 1293 de

589 1339 726 1411 Turano
752 1337 965 1434 quidudum
995 1349 1113 1411 contra
1136 1340 1297 1412 comitem
1314 1341 1600 1434 conspirationem
1624 1342 1789 1432 fecerant,
1814 1343 2001 1416 incitabant

588 1463 748 1536 homines
766 1473 801 1536 et
828 1463 895 1558 ipsi
926 1463 1081 1536 similiter
1107 1463 1246 1536 iverunt
1269 1490 1278 1534 ε
1307 1463 1363 1537 isti
1389 1473 1488 1536 erant
1519 1465 1556 1535 in
1579 1465 1701 1560 Papia;
1724 1466 1760 1536 in
1786 1467 1999 1540 Zaratarello

588 1585 780 1659 Gnizardos
799 1585 845 1659 de
864 1584 994 1659 Audito
1016 1597 1050 1659 et
1071 1585 1253 1680 Ugozouus
1270 1588 1397 1678 Foras,
1422 1589 1469 1660 illi
1495 1586 1540 1660 da
1566 1586 1744 1681 Gravago,
1771 1589 1938 1684 liebertus
1957 1591 2000 1664 de

588 1711 728 1784 Roncho
746 1710 875 1798 Veteri,
893 1709 1096 1782 Fredericus
1113 1710 1159 1784 de
1174 1709 1315 1801 Audito,
1331 1713 1428 1784 Balbi
1444 1721 1479 1785 et
1494 1713 1700 1807 Flamengus
1716 1713 1760 1786 da
1771 1713 1900 1786 Audito
1920 1741 1929 1784 :
1945 1715 1997 1786 isti

589 1835 727 1907 luerunt
751 1844 882 1906 actores
908 1833 1150 1907 destructionis
1170 1838 1277 1930 partis
1303 1846 1338 1909 at
1364 1837 1502 1908 ivemnt
1527 1838 1584 1908 isti
1602 1859 1723 1912 omnes
1745 1849 1780 1910 ot
1807 1841 1906 1932 quasi
1930 1849 1998 1912 tota

587 1980 667 2052 pars
683 1969 830 2052 excepto
849 1960 972 2031 comite
988 1969 1023 2030 et
1041 1959 1226 2032 Luxiardis
1241 1967 1276 2032 et
1292 1961 1468 2055 aliquibus
1482 1962 1615 2056 paucis,
1634 1961 1772 2056 penitus
1792 1971 1828 2034 et
1844 1963 1920 2036 siue
1934 1942 1997 2034 ali·

586 2083 717 2176 quibus
739 2083 850 2178 pactis
874 2081 920 2155 ad
948 2093 1110 2179 precepta
1133 2083 1265 2156 domini
1289 2086 1379 2179 regis
1400 2086 1514 2158 Kamli
1542 2094 1576 2158 et
1597 2086 1789 2158 communis
1812 2086 1995 2160 Placentia.

586 2208 787 2281 Fredericus
809 2205 855 2280 de
872 2205 1002 2280 Audito
1025 2207 1152 2280 habitis
1171 2209 1222 2279 CL
1240 2209 1335 2280 libris
1362 2209 1460 2282 dedit
1480 2210 1654 2281 communi
1675 2219 1825 2282 castrum
1847 2209 1893 2285 da
1911 2213 1997 2308 Sep·

587 2342 657 2404 tem
675 2330 835 2404 Sorribus
852 2339 887 2404 et
902 2331 1071 2426 captivos,
1085 2341 1120 2403 at
1134 2351 1248 2404 comas
1264 2339 1401 2427 propter
1414 2353 1586 2426 expansas
1604 2330 1889 2424 reliquitPetram
1901 2333 1998 2406 Silla-

586 2457 690 2546 riam;
707 2454 804 2526 Balbi
823 2475 944 2526 omnes
959 2453 1098 2524 iverunt
1114 2453 1161 2527 ad
1178 2465 1339 2550 precepta
1358 2455 1563 2527 communis.
1585 2455 1648 2526 Die
1665 2455 1825 2527 mercurii
1843 2457 1997 2530 XXVllll

585 2581 713 2652 mensis
740 2577 859 2673 aprilis
889 2577 1136 2651 Cremonenses
1160 2601 1244 2652 vero
1270 2579 1443 2652 intrinseci
1478 2579 1573 2651 tactis
1602 2579 1730 2673 cepatis
1760 2579 1935 2671 lignorum
1964 2589 1998 2654 et

584 2703 674 2774 iacto
691 2702 784 2774 omni
803 2709 971 2796 apparatu
987 2723 1050 2796 per
1063 2709 1188 2774 terram
1207 2711 1242 2775 et
1256 2724 1383 2796 aquam
1402 2725 1480 2774 cum
1499 2703 1649 2774 navibus
1671 2701 1865 2798 cohcpertis
1891 2725 1997 2778 vene-

583 2833 666 2895 runt
687 2821 732 2896 ad
755 2833 905 2896 castrum
932 2823 977 2896 da
1002 2824 1170 2916 Malgrato
1196 2823 1292 2917 quod
1313 2833 1449 2897 tenetur
1476 2847 1538 2920 per
1566 2825 1746 2898 dominum
1771 2825 1929 2898 Bossium
1952 2829 1995 2902 de

583 2947 732 3020 Dovaria
762 2955 796 3020 et
828 2947 1073 3020 Cremonenses
1102 2949 1336 3039 extrinsecos,
1363 2959 1397 3022 at
1423 2949 1580 3044 undique
1611 2950 1795 3044 preliantes
1833 2961 1994 3048 cepemnt

583 3073 712 3167 burgos
736 3069 824 3144 duos
844 3069 927 3142 dicti
951 3071 1057 3144 castri
1080 3080 1116 3144 et
1137 3080 1276 3167 pontem
1297 3095 1402 3166 quem
1423 3095 1527 3168 super
1546 3069 1709 3145 Adduam
1732 3083 1993 3148 construxerant

583 3195 621 3266 in
645 3195 832 3268 offensione
857 3194 1004 3267 civitatis
1026 3193 1191 3267 Cremona
1214 3205 1381 3290 ceperunt
1406 3206 1441 3268 et
1469 3195 1732 3288 destruxerunt,
1763 3207 1798 3270 et
1825 3200 1874 3271 ibi
1903 3201 1993 3274 eima

584 3327 732 3390 castrum
749 3317 915 3391 ordinatis
930 3318 1051 3390 amicis
1065 3339 1184 3390 eorum
1201 3319 1237 3389 in
1252 3319 1454 3392 ossiditione
1468 3328 1635 3392 steterunt
1652 3321 1810 3394 iaciendo
1826 3322 1876 3394 ibi
1893 3345 1995 3396 cavas

583 3444 630 3517 ad
658 3465 797 3516 murum
821 3443 922 3514 castri
946 3451 981 3514 et
1003 3439 1168 3532 erigendo
1198 3442 1247 3514 ibi
1274 3443 1338 3514 tria
1366 3441 1529 3515 addilicia
1552 3464 1691 3535 magna.
1721 3445 1764 3514 Et
1791 3444 1850 3516 die
1878 3446 1994 3519 domi-

583 3569 662 3639 nico
681 3557 806 3638 XXllll
825 3567 954 3638 mensis
978 3565 1086 3638 madii
1105 3587 1174 3637 non
1193 3587 1257 3660 per
1278 3565 1370 3654 vim,
1397 3566 1460 3639 sad
1480 3587 1543 3660 per
1560 3565 1771 3638 debilitatem
1790 3568 1925 3640 illorum
1949 3570 1994 3644 de

582 3701 707 3779 castro,
731 3687 880 3762 affidatis
895 3688 1052 3785 personis
1072 3688 1229 3760 strabus
1254 3709 1332 3760 cum
1351 3689 1451 3761 certis
1474 3687 1582 3783 pactis
1594 3689 1690 3782 quod
1708 3690 1854 3782 quilibet
1878 3703 1995 3786 posset

582 3813 721 3888 reddire
746 3813 782 3885 in
807 3813 979 3885 civitatem
1002 3811 1166 3884 Cremona
1188 3812 1365 3883 restitutus
1384 3812 1421 3882 in
1439 3809 1600 3884 omuibus
1622 3811 1695 3883 suis
1717 3811 1835 3898 bonis,
1862 3813 1992 3888 dictum

583 3947 731 4012 castrum
752 3936 966 4024 habuerunt,
994 3934 1052 4006 alii
1077 3933 1216 4006 iverunt
1240 3935 1275 4005 in
1302 3934 1504 4006 Cremonam
1528 3943 1563 4006 et
1586 3935 1645 4006 alii
1671 3935 1858 4006 noluerunt
1885 3937 1937 4008 ira
1960 3947 1993 4009 st

581 4064 697 4158 ipsum
721 4068 871 4132 castrum
896 4057 1051 4131 fonditus
1077 4055 1334 4130 destruxerunt.
1359 4056 1488 4129 Eodem
1514 4066 1667 4152 tempcm
1693 4055 1738 4128 de
1766 4077 1884 4130 mensa
1902 4059 1993 4150 junii

581 4184 855 4258 Mediolanenses
889 4203 969 4252 oum
1007 4181 1164 4254 exercitu
1197 4181 1242 4252 ad
1265 4177 1271 4276 Ι
1292 4181 1556 4276 postulationem
1595 4179 1911 4253 Gambazochorum
1949 4183 1993 4256 da

581 4309 700 4382 Crema
724 4307 863 4379 iverunt
889 4302 936 4377 ad
964 4301 1218 4376 devastandum
1244 4305 1399 4376 Cremam
1433 4326 1514 4376 cum
1541 4303 1739 4376 bominibus
1773 4305 1992 4400 episcopatus

580 4431 766 4507 Mediolani
780 4439 815 4502 et
830 4451 910 4501 cum
926 4449 1044 4500 eorum
1065 4428 1184 4500 amicis
1204 4436 1239 4500 et
1254 4427 1412 4522 undique
1431 4429 1546 4523 ipsum
1568 4429 1682 4500 locum
1707 4428 1987 4520 devastaverunt,

580 4557 715 4638 blavas,
735 4553 857 4626 vineas
872 4560 908 4624 et
919 4551 1076 4642 arbores;
1095 4551 1288 4624 Cremascbi
1304 4553 1433 4624 fortiter
1445 4551 1640 4624 resistentes
1659 4551 1801 4622 viriliter
1812 4551 1876 4622 tuti
1894 4561 1986 4626 sunt.

580 4680 710 4753 Eodem
728 4688 880 4773 tempore
903 4676 948 4748 de
970 4695 1089 4749 mense
1106 4673 1197 4767 junii
1220 4661 1377 4748 homines
1404 4675 1449 4749 de
1463 4675 1580 4748 Yvrea
1597 4683 1737 4769 propter
1756 4673 1880 4746 odium
1893 4674 1990 4778 qnod
