4594 6066
778 680 822 742 IN
846 677 987 740 lunula
1010 677 1160 740 Gestis.
1619 678 1681 742 229

261 820 364 894 eone
381 817 512 892 indixit
531 825 570 890 ut
587 838 664 890 eam
692 837 757 890 nee
781 816 907 890 ottavo
924 793 1087 912 proctivis'
1106 814 1152 888 aa
1171 835 1295 909 penam
1313 815 1453 890 eruero
1470 817 1596 890 erens
1613 819 1682 890 ae-

261 941 404 1017 ducoret
432 964 497 1016 nec
524 941 741 1036 baptismatis
765 949 835 1012 tam
865 939 1011 1012 celebris
1032 947 1103 1010 tam
1127 937 1275 1010 salubris
1307 937 1403 1012 unda
1419 939 1554 1032 liniret,
1576 963 1682 1036 quem

260 1064 434 1140 felicitatis
461 1065 513 1161 (a)
542 1073 689 1138 eventus
719 1063 945 1154 mortalibus,
974 1061 1186 1134 senescentis
1211 1061 1268 1134 evi
1301 1061 1485 1156 precinctis
1514 1061 1679 1150 lascivia,

260 1190 542 1284 transgressionis
565 1191 601 1260 in
617 1210 708 1284 pena
724 1189 826 1282 culpa
849 1187 1038 1259 transfossa
1054 1194 1233 1281 tamquam
1251 1185 1395 1258 cicatrix
1410 1185 1453 1282 (b)
1471 1207 1519 1258 ex
1537 1188 1683 1260 vulnere

260 1324 466 1387 remaneret.
502 1313 573 1385 Nos
603 1313 709 1406 igitur
735 1308 940 1383 Frederious
969 1308 1161 1400 secundus,
1183 1307 1304 1381 divina
1331 1310 1470 1382 favente
1500 1311 1682 1386 clementia

260 1438 492 1512 Romanorum
505 1437 691 1532 imperatur
703 1457 840 1531 semper
856 1442 1040 1528 augustus,
1050 1433 1238 1506 Jerusalem
1251 1443 1286 1505 et
1295 1433 1409 1505 Sicilie
1423 1453 1500 1527 rex,
1513 1457 1683 1510 memores

261 1561 472 1634 conditionis
489 1561 643 1634 humane
661 1581 768 1654 quam
790 1578 927 1655 semper
944 1556 1126 1630 comitatur
1151 1557 1268 1629 innata
1291 1557 1474 1650 fragilitas,
1500 1557 1586 1631 dum
1611 1560 1683 1634 vite

261 1695 379 1759 nostre
400 1685 502 1758 nobis
526 1685 669 1758 instaret
686 1683 875 1774 terminus,
896 1681 1033 1776 laqueis
1053 1689 1088 1754 et
1113 1681 1276 1753 memorie
1298 1681 1334 1752 in
1362 1682 1462 1754 nobis
1489 1682 1684 1776 integritate

260 1811 480 1904 vigentibus,
496 1811 569 1904 egri
583 1829 739 1904 corpore,
756 1807 832 1880 sani
856 1815 985 1898 monte,
1003 1804 1054 1878 sic
1069 1805 1185 1877 anime
1205 1817 1320 1877 nostre
1334 1806 1585 1879 consulendum
1601 1831 1683 1903 pre·

260 1933 437 2026 vidimus,
463 1933 514 2006 sic
542 1933 588 2007 de
618 1931 764 2028 imperio
796 1939 831 2004 et
856 1930 973 2023 regnis
998 1929 1124 2002 nostris
1146 1928 1313 2001 duximus
1340 1927 1614 2024 disponendum,
1647 1941 1685 2004 ut

260 2057 369 2130 rebus
396 2056 559 2132 humanis
587 2055 738 2151 asumpti
766 2055 887 2128 vivere
915 2051 1112 2144 videamur,
1142 2062 1178 2124 et
1205 2051 1284 2124 liliis
1311 2053 1438 2126 nostris
1463 2055 1592 2148 quibus
1621 2077 1684 2128 nos

261 2179 382 2254 divina
413 2181 595 2254 clementia
629 2177 845 2269 secundavit,
872 2199 961 2272 quos
986 2177 1136 2273 presenti
1160 2175 1387 2271 dispositione
1418 2178 1581 2251 volumus
1607 2201 1684 2252 esse

262 2313 479 2399 contemptos
500 2303 568 2376 sub
586 2323 676 2397 pena
698 2299 937 2375 benedicionis
956 2311 1089 2391 nostre,
1112 2301 1302 2373 ambitione
1326 2301 1461 2375 sublata
1479 2303 1591 2375 omnis
1610 2325 1685 2376 ma·

262 2427 348 2502 teria
364 2425 521 2500 scandali
537 2427 705 2522 sopiatur.
719 2427 909 2499 Statuimus
923 2426 1042 2518 itaque
1057 2423 1254 2498 Conradum
1270 2426 1306 2496 in
1323 2447 1439 2519 regem
1454 2429 1684 2502 Romanorum

260 2551 410 2622 electum
427 2557 462 2622 et
479 2549 579 2642 regni
593 2549 866 2624 Jerusalemitani
882 2548 1062 2638 heredem,
1082 2547 1248 2622 dilectum
1265 2547 1375 2621 lilium
1389 2561 1561 2644 nostrum,
1584 2553 1684 2626 nobis

259 2672 427 2747 heredem
446 2673 483 2744 in
499 2673 645 2768 imperio
672 2683 708 2746 et
732 2673 895 2746 omnibus
914 2674 992 2746 aliis
1013 2670 1020 2769 Ι
1041 2673 1211 2766 empticiis
1239 2694 1461 2768 quocumque
1491 2673 1596 2748 modo
1622 2699 1686 2750 ac-

259 2796 397 2891 quieitis
415 2805 451 2869 et
471 2795 666 2892 specialiter
690 2795 727 2866 in
743 2817 851 2892 regno
871 2806 987 2868 nostro
1009 2794 1139 2868 Sicilie.
1158 2795 1270 2879 Quem
1295 2798 1325 2868 si
1349 2796 1519 2870 decedere
1543 2801 1686 2873 eontin-

259 2920 350 3014 gerit
369 2920 445 2992 sine
466 2919 602 3008 liberie,
628 2918 793 2992 succedat
816 2919 849 2991 ei
867 2918 1036 2992 Henrious
1062 2916 1155 2989 lilius
1173 2927 1299 2990 noster.
1323 2919 1400 3004 Quo
1419 2919 1584 2996 deiuncto
1608 2926 1685 3000 sine

259 3043 399 3135 liberis,
428 3041 597 3116 succedat
625 3041 659 3116 ei
683 3041 886 3115 lllauiredus
909 3039 1002 3114 fitius
1024 3049 1152 3115 noster.
1174 3041 1331 3116 Conrado
1358 3065 1444 3117 vero
1470 3055 1626 3119 morante
1649 3049 1685 3121 in

259 3165 443 3240 Alamania
472 3165 531 3239 vel
561 3165 645 3239 alibi
674 3174 775 3238 extra
803 3185 972 3258 regnum,
999 3165 1184 3236 statuimus
1213 3165 1345 3238 dictum
1372 3169 1590 3242 Manlredum
1621 3169 1685 3245 ba·

259 3289 348 3361 lium
372 3288 455 3362 dieti
474 3288 622 3362 Commi
648 3289 686 3360 in
708 3289 839 3378 Ytalia,
865 3295 900 3359 et
921 3287 1114 3382 specialiter
1137 3288 1174 3360 in
1192 3311 1299 3382 regno
1324 3291 1478 3382 Scieilie,
1502 3292 1626 3366 dantes
1651 3295 1684 3366 ei

258 3412 451 3507 plenariam
469 3419 672 3507 potestatem
694 3411 811 3484 omnia
833 3411 982 3484 faciendi
1002 3433 1072 3506 qne
1091 3433 1238 3506 persona
1255 3421 1370 3528 nostre
1388 3415 1501 3486 lacere
1521 3427 1636 3510 posset
1652 3418 1682 3490 si

303 3601 345 3681 (a)
367 3601 426 3679 Ap.
442 3603 529 3664 Pertz
542 3601 615 3682 qttio
625 3595 799 3678 fatalitatis.

304 3705 346 3788 (b)
372 3707 409 3770 In
422 3707 523 3770 codice
537 3705 690 3768 cicatricis.

263 4028 330 4085 timo
349 4026 462 4085 mimo.
475 4026 517 4082 Eu
529 4023 592 4082 edet
605 4025 646 4082 les
662 4029 754 4082 autres
767 4023 869 4096 lecons,
886 4023 933 4096 qui
946 4027 1053 4098 portent
1061 4021 1149 4081 tantdt
1159 4023 1184 4080 le
1198 4025 1228 4095 t,
1243 4023 1330 4082 tantdt
1350 4024 1376 4082 le
1395 4027 1427 4098 7,
1444 4027 1531 4084 tantdt
1549 4028 1575 4086 le
1595 4033 1629 4086 ta
1642 4031 1687 4088 dd·

260 4123 386 4196 cembre,
402 4123 512 4181 doivent
522 4122 580 4180 etro
591 4121 726 4192 domitas,
737 4135 783 4178 ces
792 4121 933 4200 differente
940 4121 1017 4194 jours
1030 4119 1065 4178 du
1081 4120 1150 4178 mois
1162 4137 1197 4178 ne
1213 4121 1337 4180 tombant
1346 4137 1395 4196 pes
1409 4139 1446 4180 un
1458 4125 1574 4182 mmedi:
1588 4142 1621 4184 co
1636 4129 1683 4202 qui

261 4221 350 4279 arrivs
362 4237 397 4279 au
409 4221 541 4278 corbeie
555 4236 624 4292 pour
644 4217 668 4276 le
686 4221 730 4276 tt.
746 4217 814 4277 blais
833 4233 938 4275 comme
951 4217 969 4275 il
988 4222 1030 4276 est
1045 4217 1211 4291 auiourd’bui
1229 4218 1333 4292 prourd
1347 4219 1382 4277 de
1403 4218 1429 4278 la
1446 4223 1565 4279 maniere
1581 4224 1607 4281 la
1624 4225 1686 4298 plus

260 4319 379 4377 certaine
392 4333 446 4392 que
461 4319 623 4393 l’empereur
634 4321 744 4375 mourut
755 4317 781 4373 le
794 4320 827 4372 ta
837 4316 995 4388 decembre,
1014 4317 1032 4374 il
1046 4315 1103 4373 faut
1118 4317 1181 4374 bien
1203 4317 1334 4376 admettre
1348 4318 1411 4391 qu'il
1423 4336 1439 4377 a
1453 4320 1524 4378 dicte
1535 4337 1585 4380 son
1603 4329 1685 4380 testa·

261 4421 337 4474 ment
345 4417 477 4490 quelques
486 4419 563 4490 joma
571 4415 633 4489 plus
645 4415 686 4473 tot
696 4421 725 4472 et
736 4414 941 4489 probablement
949 4415 975 4472 le
986 4415 1087 4472 mmedi
1095 4414 1251 4488 precedent,
1264 4415 1311 4488 qui
1324 4416 1437 4473 tombait
1449 4417 1473 4474 le
1488 4421 1532 4473 to.
1543 4419 1685 4477 Fert-etro

260 4513 286 4571 le
297 4519 369 4571 texte
380 4513 495 4588 primitil
503 4512 547 4570 dic
557 4511 666 4570 subbati
683 4511 784 4569 decimo
799 4512 913 4570 aura-t-il
924 4511 967 4570 ete
976 4512 1073 4582 altere,
1089 4512 1202 4570 d’abord
1213 4529 1247 4569 en
1262 4511 1306 4570 dic
1321 4516 1433 4587 septimo
1445 4513 1563 4578 decimo:
1574 4515 1646 4588 puis,
1659 4516 1685 4574 le

259 4617 317 4668 mot
322 4609 429 4668 subbati
437 4615 519 4684 ayant
526 4625 637 4685 reparo,
647 4614 787 4667 aura-t-on
797 4608 877 4666 luisse
887 4609 1019 4666 subsister
1026 4609 1052 4665 la
1062 4609 1139 4680 leqon
1150 4608 1267 4666 viciense
1280 4613 1402 4684 septimo.
1416 4612 1470 4667 Des
1483 4611 1686 4686 interpolatione

258 4707 294 4764 de
308 4723 341 4764 oe
349 4723 432 4780 genre
446 4722 476 4764 se
490 4711 665 4764 rencontrent
682 4706 878 4779 trequsmment
888 4706 958 4765 dans
971 4707 1011 4764 les
1024 4706 1115 4778 copies
1126 4707 1292 4765 successivus
1306 4708 1340 4765 de
1351 4713 1437 4766 textm
1449 4707 1610 4782 importante
1621 4709 1686 4765 dont

258 4801 298 4860 les
309 4802 450 4876 odpnaux
463 4807 511 4860 ont
521 4802 641 4878 disparu.
