4554 6080
598 583 658 646 308
1074 583 1315 646 CllllssNlCO‘N
1339 584 1391 644 DE
1415 582 1544 644 RERUS

245 760 250 771 ·
387 728 556 777 ausones.
598 727 746 813 excepto
766 718 903 790 Roffino
925 715 930 814 Ι
953 718 999 790 dc
1021 719 1240 792 Zenuchallis
1260 730 1294 794 et
1317 729 1497 814 partesue
1521 726 1555 788 et
1574 723 1705 788 stantes
1724 715 1759 786 in
1782 735 1907 808 magna
1931 737 2022 787 con·

598 842 717 914 cordia
744 863 867 916 omnes
888 851 1079 914 carceratos
1105 841 1270 916 Cremone
1290 865 1379 937 qnos
1399 849 1562 936 ceperant
1587 840 1623 912 in
1645 840 1777 912 Tezolis
1799 848 1834 912 ct
1852 839 1935 912 alibi
1960 859 2022 910 re·

597 967 824 1056 laxaverunt,
847 965 908 1059 qui
928 967 1067 1037 fuerunt
1090 967 1179 1038 bene
1203 987 1350 1038 numero
1368 967 1460 1038 circa
1480 963 1557 1038 CCC
1577 963 1622 1036 de
1640 972 1737 1058 parte
1755 962 1888 1035 domini
1906 962 2022 1036 Bossii

598 1089 643 1163 de
659 1089 826 1180 Dotaria,
850 1098 884 1160 et
903 1099 1095 1162 statuerunt
1112 1099 1202 1162 stare
1223 1091 1259 1162 in
1280 1089 1464 1162 concordia
1480 1111 1560 1162 cum
1577 1086 1739 1161 omnibus
1756 1087 1876 1159 ricinis
1891 1087 1968 1159 suis
1985 1100 2024 1158 et

597 1214 792 1308 specialiter
808 1235 886 1284 curn
905 1213 1178 1285 Veronensibus.
1195 1213 1326 1288 Eodem
1340 1225 1494 1310 tempore
1509 1211 1672 1286 Albertus
1686 1211 1732 1285 de
1750 1211 1903 1283 Fontana
1915 1218 2023 1284 extra
2239 1229 2240 1274 t

597 1337 764 1410 kalendas
778 1337 930 1428 Januarii
953 1349 1045 1409 retro
1065 1348 1218 1432 potestas
1235 1337 1388 1410 Bononie
1408 1347 1547 1432 propter
1566 1335 1723 1409 fraudem
1746 1357 1852 1428 quam
1878 1334 1914 1405 in
1938 1333 2022 1428 ipso

596 1463 766 1555 regimine
788 1462 1025 1550 commiserat,
1053 1462 1098 1533 ab
1123 1461 1208 1555 ipsis
1235 1463 1511 1536 Bononiensibus
1539 1471 1661 1556 captus
1687 1470 1740 1533 est
1769 1470 1803 1533 et
1830 1458 2022 1553 detemptus
2239 1481 2240 1568 p

596 1587 718 1658 ultimo
734 1586 793 1658 die
816 1586 944 1658 mensis
962 1585 1154 1658 decembris
1170 1607 1249 1656 cnm
1266 1586 1445 1678 judicibus
1464 1594 1499 1658 et
1516 1585 1682 1657 militibus
1704 1584 1795 1674 suis,
1814 1593 1931 1656 tamen
1947 1584 2021 1655 cito
2239 1569 2240 1634 i

595 1711 773 1782 relaxatus
798 1709 863 1778 luit
880 1709 1041 1802 privatim
1062 1708 1108 1781 dc
1127 1718 1240 1782 nocte.
1269 1709 1401 1782 Eodem
1424 1719 1579 1804 tempore
1604 1708 1662 1782 die
1686 1709 1768 1780 lune
1789 1709 1867 1780 Xlll
1886 1707 2020 1779 mensis

593 1833 742 1926 januarii
760 1833 918 1904 ordinata
932 1842 966 1903 et
984 1833 1073 1903 iacta
1088 1844 1142 1904 est
1157 1841 1303 1926 treugua
1319 1834 1407 1906 inter
1421 1853 1605 1906 commune
1625 1832 1729 1927 Papie
1748 1839 1784 1902 et
1799 1832 2021 1904 Placentinos

595 1957 798 2028 intrinsecos
813 1977 927 2050 usque
946 1956 992 2028 ad
1015 1969 1175 2028 octavam
1198 1955 1347 2046 Pasche,
1375 1965 1410 2028 et
1433 1955 1492 2028 die
1518 1955 1680 2029 mercurii
1704 1955 1859 2026 XXVllll
1884 1955 2019 2026 mensis
2239 1951 2240 2042 l

591 2081 741 2175 januarii
757 2081 874 2173 jurata
893 2080 958 2149 luit
974 2089 1008 2149 et
1028 2077 1161 2151 firmata
1179 2079 1245 2151 luit
1262 2101 1333 2174 pax
1352 2081 1440 2152 inter
1456 2099 1516 2152 eos
1529 2101 1608 2151 curn
1624 2077 1828 2152 condicione
1841 2078 1901 2149 tali
1918 2076 2018 2170 quod

594 2205 680 2278 illud
700 2225 884 2276 commune
908 2202 1004 2298 quod
1023 2204 1170 2276 noluerit
1189 2205 1316 2276 dictam
1336 2226 1456 2299 pacem
1481 2204 1730 2276 interveniente
1754 2223 1859 2275 causa
1879 2209 2015 2293 tenere,
2239 2259 2240 2294 ,

594 2329 698 2401 debet
714 2351 776 2422 per
795 2349 949 2400 mensem
963 2336 1044 2400 ante
1061 2327 1159 2400 alteri
1180 2329 1355 2401 communi
1373 2327 1585 2402 denunciare
1600 2327 1645 2400 de
1659 2348 1744 2422 pace
1759 2347 1829 2398 non
1846 2323 2014 2398 tenenda.

593 2453 669 2536 Que
688 2450 848 2524 condicio
866 2450 1000 2543 adjecta
1018 2449 1083 2522 luit
1102 2473 1165 2545 pro
1189 2450 1332 2523 domino
1356 2451 1480 2524 comite
1505 2451 1672 2524 Ubertino
1693 2450 1738 2522 de
1756 2449 1876 2522 Laudo
1892 2459 1929 2521 et
1948 2447 2017 2518 illis

594 2574 640 2647 de
658 2584 756 2670 parte
773 2595 856 2662 sna3
881 2595 952 2668 qne
965 2594 1038 2668 pax
1055 2572 1159 2646 valde
1179 2573 1356 2669 displicuit
1371 2574 1538 2647 militibus
1558 2583 1593 2648 et
1614 2574 1816 2646 Fallabrinis
1831 2574 1894 2667 qui
1915 2583 2018 2646 erant

591 2697 638 2770 ad
657 2699 895 2790 Basegnanam
910 2706 944 2768 et
962 2717 1080 2768 eorum
1100 2697 1338 2792 sequentibus.

640 2822 704 2892 Die
721 2820 856 2892 sabbati
870 2819 985 2914 primo
1003 2821 1134 2891 mensis
1153 2821 1317 2892 februarii
1332 2821 1518 2894 Placentini
1534 2821 1731 2910 extrinseci,
1752 2821 1882 2894 scilicet
1902 2822 1955 2892 illi
1970 2823 2016 2895 da

591 2943 750 3038 Gravago
768 2952 802 3018 et
819 2941 988 3014 Luxiardi
1007 2943 1115 3014 etalii
1141 2943 1185 3015 de
1204 2953 1302 3036 parte
1318 2945 1513 3016 extrinseca
1532 2943 1577 3016 de
1598 2944 1767 3016 Placentia
1786 2945 1953 3038 quisunt
1978 2946 2014 3017 in

591 3067 748 3164 partibus
767 3067 952 3138 Vallisoeni
977 3075 1014 3138 et
1033 3065 1124 3137 Tarii
1150 3087 1229 3138 cum
1256 3088 1375 3140 eorum
1400 3077 1503 3158 gente
1521 3066 1565 3138 de
1587 3077 1689 3140 nocte
1711 3077 1792 3139 ante
1813 3067 1908 3141 diem
1927 3091 2015 3144 aura

591 3212 720 3281 magna
738 3189 843 3262 flante
861 3189 978 3282 ignem
998 3199 1211 3284 possuerunt
1230 3189 1265 3260 in
1283 3189 1433 3284 burgum
1450 3190 1567 3262 lloche
1579 3191 1683 3264 Bardi
1698 3191 1866 3264 obierant
1882 3193 2013 3266 milites

590 3311 764 3385 adsoldati
788 3335 852 3409 pro
869 3313 1079 3384 Placentinis
1095 3313 1307 3402 intrinsecis,
1328 3325 1363 3386 et
1380 3315 1495 3408 ipsum
1515 3313 1667 3408 burgum
1688 3325 1799 3387 totum
1818 3315 2014 3388 combuxe-

589 3447 719 3510 runtet
736 3458 847 3531 equos
867 3449 901 3509 et
923 3459 1018 3508 arma
1044 3457 1163 3508 eornm
1181 3437 1381 3510 babuerunt
1403 3438 1531 3510 scilicet
1555 3439 1617 3510 Xll
1641 3461 1749 3533 equos
1772 3449 1808 3512 et
1824 3439 1887 3511 XV
1913 3461 2012 3513 com·

589 3563 759 3636 buserunt
779 3570 814 3632 et
835 3561 908 3632 lllll
937 3560 1096 3632 homines
1125 3571 1292 3655 ceperunt
1318 3572 1352 3633 et
1373 3562 1434 3632 llll
1457 3561 1657 3635 occiderunt
1678 3574 1713 3636 et
1732 3563 1791 3633 vlt
1815 3573 2010 3638 carceratos

589 3687 651 3781 qui
669 3687 704 3758 in
720 3687 832 3781 burgo
847 3683 1055 3758 tenebantur
1071 3696 1377 3778 recuperaverunt,
1399 3696 1433 3758 et
1446 3687 1538 3758 bene
1552 3686 1756 3760 habuissent
1772 3685 1924 3759 Rocbam
1944 3690 2010 3760 nisi

589 3824 681 3884 osset
695 3809 799 3902 ignis.
821 3809 884 3880 Die
904 3809 1023 3880 martis
1036 3809 1096 3880 llll
1117 3809 1246 3880 mensis
1265 3809 1429 3880 februarii
1453 3809 1578 3881 milites
1593 3809 1697 3906 Papie
1722 3811 1781 3903 qui
1807 3813 1842 3881 in
1869 3811 2011 3885 civitate

588 3942 839 4023 remanserant,
852 3931 984 4003 scilicet
994 3931 1182 4004 Marcaboti
1195 3941 1229 4002 et
1242 3931 1315 4022 alii,
1328 3932 1361 4002 in
1376 3933 1510 4026 palacio
1522 3933 1827 4028 communisPapic
1838 3935 2010 4028 eligerunt

589 4059 626 4134 in
650 4079 768 4130 eorum
789 4065 991 4151 potestatem
1017 4055 1196 4126 dominum
1215 4055 1435 4127 Francisoum
1457 4056 1502 4128 de
1525 4055 1752 4130 Cenevanova
1773 4057 1873 4150 quia
1892 4059 2008 4130 Bessi·

588 4203 703 4277 gnana
721 4202 801 4252 cum
823 4179 985 4251 tratribus
1007 4179 1079 4250 suis
1104 4177 1234 4250 discors
1259 4178 1390 4252 abillis
1412 4178 1473 4272 qui
1495 4179 1544 4250 ibi
1562 4191 1659 4252 erant
1676 4181 1881 4253 rebellantes
1907 4203 2008 4255 com-

587 4303 686 4376 muni
714 4303 819 4397 Papie
849 4301 885 4374 in
909 4302 1050 4374 civitate
1073 4310 1237 4392 venerat,
1269 4301 1353 4394 quia
1376 4301 1488 4374 noluit
1516 4304 1709 4375 consentire
1730 4303 1827 4396 quod
1851 4305 2008 4380 marchio

587 4428 813 4501 Montislerati
831 4427 975 4499 haberet
995 4429 1108 4498 locum
1128 4424 1275 4497 Pomarii
1293 4445 1397 4518 quem
1416 4423 1497 4497 dicti
1518 4427 1642 4498 milites
1659 4429 1720 4520 qui
1737 4426 1773 4498 in
1793 4429 2005 4522 Bassignana

587 4561 685 4626 erant
706 4550 819 4624 eidem
839 4549 1026 4623 marchioni
1042 4548 1213 4620 dederunt
1227 4569 1274 4620 ex
1288 4557 1389 4643 pacto
1401 4557 1440 4619 ut
1453 4569 1573 4621 eornm
1586 4550 1739 4646 regimen
1754 4551 1922 4646 reciperet
1936 4551 2000 4649 (a).

630 4696 672 4780 (a)
692 4697 728 4759 ln
741 4697 843 4759 codice
860 4695 1034 4776 reciperarit.
