4534 6074
703 653 949 716 CIIIIONIGON
971 653 1276 716 Ptecnrlrtltunl.
1662 655 1702 714 'll

280 813 344 888 por
370 790 579 864 Placentiam
612 789 648 862 et
673 788 846 862 Veronam
873 789 920 862 ad
953 789 1085 862 domini
1113 789 1330 886 imperaturis
1354 790 1485 862 curiam
1512 783 1703 862 demensa

281 913 406 1006 madii,
434 914 525 1007 junii
548 923 583 987 et
613 913 692 1007 julii
726 921 957 1008 perexerunt,
991 923 1168 1008 sperantes
1190 923 1225 986 et
1254 914 1491 988 indubitanter
1522 905 1701 986 credentes

281 1040 478 1131 transitum,
495 1039 587 1112 sicut
602 1059 740 1111 summo
753 1037 958 1134 promiserat
969 1037 1139 1134 pontifici,
1156 1040 1241 1115 dare
1259 1038 1474 1123 debere.Qui
1490 1037 1527 1107 in
1544 1038 1702 1131 partibus

280 1162 408 1258 Apulia
435 1164 574 1258 longam
597 1162 764 1234 facientes
787 1181 937 1251 moram,
964 1163 1047 1235 tacti
1071 1163 1204 1256 ingenti
1226 1161 1365 1251 morbo,
1390 1161 1605 1255 gravissimis
1624 1162 1701 1234 lan·

280 1287 425 1380 guribus
450 1295 486 1358 et
506 1284 763 1356 iufirmitatibus
780 1284 953 1379 perpessi,
974 1281 1242 1360 innumerabiles
1269 1296 1350 1358 sunt
1372 1284 1566 1378 interempti
1588 1293 1624 1356 et
1648 1307 1702 1356 se·

279 1411 384 1505 pulli.
403 1410 474 1482 Alii
508 1431 590 1483 vero
605 1409 668 1504 qui
689 1417 876 1482 evaserunt
895 1407 1055 1482 videntes
1076 1432 1114 1482 se
1134 1411 1315 1482 transitum
1333 1410 1462 1481 habere
1482 1429 1551 1480 non
1579 1431 1697 1502 posse,

280 1533 327 1606 ad
345 1534 519 1628 propriam
541 1543 624 1606 sunt
641 1533 758 1606 conati
779 1531 896 1604 redire
912 1533 1072 1626 patrIam.
1101 1533 1206 1604 Pauci
1226 1533 1319 1604 enim
1343 1533 1409 1604 viri
1432 1532 1564 1604 nobiles
1585 1543 1619 1605 et
1637 1553 1700 1626 po·

280 1661 393 1730 latites
414 1679 495 1728 oum
518 1657 725 1752 imperatore
747 1665 998 1728 remanserunt.
1026 1656 1126 1728 Unde
1148 1679 1306 1728 summus
1333 1657 1489 1750 pontifex
1511 1657 1700 1750 plurimum

280 1781 390 1852 Iratus
415 1791 451 1852 et
473 1781 606 1874 ingenti
633 1771 773 1852 'tristitia
799 1779 963 1874 repletus,
982 1779 1135 1874 quadam
1153 1780 1212 1852 die
1235 1782 1328 1873 jovis
1348 1781 1410 1875 qui
1429 1779 1557 1852 dicitur
1581 1789 1700 1854 sancta

280 1907 396 1975 coram
415 1904 579 1976 universa
597 1911 701 1994 gente
722 1922 793 1994 que
817 1901 937 1972 limina
954 1903 1186 1996 apostulorum
1204 1904 1292 1975 Petri
1309 1912 1343 1976 et
1364 1903 1462 1976 Pauli
1476 1903 1697 1992 visitaverat,

279 2024 422 2118 publice
447 2025 689 2120 imperatorem
711 2021 1013 2102 anathematizavit
1037 2035 1072 2096 et
1097 2025 1424 2098 excommunicavit.
1456 2028 1699 2100 Verumtamen

279 2149 402 2220 nolens
416 2149 573 2242 nequitie
592 2157 627 2219 et
648 2145 794 2242 perfidie
811 2167 875 2218 sue
894 2147 1109 2239 satisfacere,
1127 2148 1246 2220 iterato
1262 2130 1447 2222 terminum
1467 2151 1500 2222 ei
1518 2151 1694 2243 dilatavit,

280 2270 524 2345 denuntiantes
549 2271 563 2366 (
586 2271 621 2366 ')
645 2273 761 2346 eidem
788 2279 823 2344 et
847 2271 1083 2343 indubitanter
1107 2283 1351 2366 cognoscentes
1378 2272 1452 2369 (sic)
1476 2275 1506 2345 si
1529 2275 1575 2348 ad
1600 2277 1696 2348 illum

279 2415 349 2466 non
370 2396 635 2468 transmeaverit
663 2395 867 2484 terminum,
885 2417 949 2490 per
968 2397 1168 2468 universum
1185 2399 1367 2492 Imperium
1383 2400 1698 2472 excommunicaret

279 2525 314 2588 st
339 2515 530 2590 hereticum
556 2519 686 2590 laceret
707 2517 870 2591 eumdem
901 2518 1079 2592 denotare.
1108 2520 1185 2604 Quo
1209 2521 1355 2593 termino
1385 2531 1571 2614 transacto,
1597 2527 1696 2617 jura-

278 2649 396 2712 mento
418 2647 453 2712 et
474 2640 835 2714 excommunicatione
855 2650 987 2736 spreta,
1008 2651 1217 2715 transmeare
1237 2645 1378 2738 penitus
1400 2647 1593 2737 recusavit,
1615 2669 1696 2741 pos-

277 2763 449 2836 sessiones
476 2773 511 2836 et
531 2765 610 2856 jura
639 2771 758 2836 sancte
781 2765 936 2837 Romane
970 2765 1125 2838 Ecclesia
1153 2765 1353 2838 omnimode
1377 2767 1582 2840 invadentes
1607 2767 1693 2864 (stc).

276 2885 407 2958 Verum
425 2895 465 2958 ut
481 2887 580 2979 jussa
602 2887 728 2960 summi
753 2886 926 2982 pontilicIs
946 2888 1126 2960 videretur
1150 2889 1239 2961 velle
1262 2889 1463 2980 observare,
1495 2914 1575 2964 cum
1598 2894 1695 2967 aliud

275 3009 420 3083 baberet
441 3011 477 3081 in
500 3009 606 3084 corde
625 3031 731 3104 quam
752 3013 916 3106 preferret
938 3031 1016 3100 ore,
1037 3033 1117 3083 curn
1141 3012 1317 3106 aliquibus
1343 3013 1428 3084 viris
1455 3016 1631 3090 nubilibus
1661 3029 1695 3092 et

275 3135 348 3208 fere
366 3139 447 3206 curn
465 3135 616 3225 Lgaleis
630 3134 675 3206 ad
693 3135 939 3208 transmarinas
956 3135 1132 3208 festinavit
1146 3145 1279 3231 partes,
1301 3137 1336 3207 in
1355 3139 1401 3211 M.
1414 3139 1476 3212 CC.
1489 3141 1630 3214 XXVIII
1647 3143 1694 3218 de

275 3279 396 3330 mense
419 3259 532 3348 junIo.
563 3257 695 3330 Vidcns
718 3267 836 3332 autem
866 3258 1030 3331 dominus
1055 3259 1264 3353 apostolicus
1297 3261 1455 3352 ejusdem
1479 3263 1693 3359 imperaturis

273 3381 424 3454 vicarios
456 3380 505 3477 (a)
537 3403 683 3474 regnum
714 3380 907 3476 Apulorum
940 3391 975 3456 et
1009 3383 1222 3454 Scioulorum
1255 3384 1449 3456 obtinentes
1483 3387 1529 3458 ub
1555 3389 1693 3484 inceptu

274 3504 442 3578 desistere
469 3504 641 3593 nolentes,
662 3503 726 3577 ssd
753 3505 865 3599 magle
882 3525 924 3578 ac
953 3505 1065 3598 magle
1084 3507 1164 3596 jura
1187 3515 1222 3578 et
1240 3507 1474 3599 possessiones
1493 3523 1609 3582 sancte
1626 3513 1693 3584 Ro·

274 3648 379 3701 mane
414 3629 570 3702 Ecclesia
602 3627 827 3720 invadentes,
862 3637 1000 3724 propter
1030 3628 1183 3722 quedam
1222 3629 1484 3702 sceleratissIma
1525 3641 1559 3704 et
1590 3635 1691 3708 iude-

275 3751 388 3824 ceutia
421 3763 456 3824 et
489 3752 689 3847 turpissIma
721 3753 811 3824 facta
834 3773 903 3846 que
930 3751 1128 3824 adsummi
1153 3751 1325 3846 pontilicis
1351 3753 1564 3828 andlentiam
1586 3758 1691 3831 etiam

275 3883 310 3946 et
333 3876 565 3968 cognitionem
584 3884 831 3970 pervenerant,
851 3875 966 3969 ipsum
990 3883 1107 3946 contra
1130 3897 1233 3946 usum
1257 3882 1292 3946 et
1310 3885 1468 3949 naturam
1492 3878 1692 3954 indecenter

273 4019 436 4071 exeruere
456 3998 527 4092 (l);
552 4003 559 4090 Ι
580 3999 718 4092 cognita
736 3997 880 4092 quidem
896 3997 1059 4089 veritate,
1078 3996 1345 4070 destructionem
1370 3999 1520 4072 Romane
1538 4003 1691 4078 Ecclesia

273 4123 401 4214 pariter
414 4131 449 4193 et
466 4122 572 4194 totius
593 4121 690 4193 ltalie
713 4120 959 4192 desolationem
977 4120 1176 4194 omnimode
1199 4129 1349 4194 statuere
1373 4131 1407 4196 et
1430 4125 1591 4200 ordinare
1609 4151 1690 4223 pro-

273 4245 450 4336 posuisse,
470 4252 506 4314 et
528 4242 625 4336 quod
642 4242 794 4317 deterius
813 4252 848 4314 et
865 4243 1008 4336 gravius
1022 4243 1174 4334 videtur,
1196 4243 1231 4316 in
1254 4249 1610 4324 excommunicatione
1626 4275 1690 4348 per

316 4399 358 4480 (υ)
379 4403 416 4462 n
429 4402 530 4463 aare
541 4403 653 4462 υκακ.

308 4661 344 4734 (l)
362 4661 437 4720 Getta
459 4669 646 4724 monstrueuse
664 4665 819 4724 accusation
839 4663 911 4722 n’sst
931 4665 1059 4724 articulet
1078 4665 1151 4724 aussi
1174 4672 1320 4726 nettemeut
1333 4667 1400 4727 dans
1418 4683 1504 4727 aucun
1522 4677 1598 4730 autre
1614 4677 1687 4730 texte

268 4757 481 4830 contemporale.
1495 4773 1498 4781 '
