<?xml version="1.0" encoding="UTF-8"?>
<!DOCTYPE html PUBLIC "-//W3C//DTD XHTML 1.0 Transitional//EN"
    "http://www.w3.org/TR/xhtml1/DTD/xhtml1-transitional.dtd">
<html xmlns="http://www.w3.org/1999/xhtml" xml:lang="en" lang="en">
 <head>
  <title>
</title>
<meta http-equiv="Content-Type" content="text/html;charset=utf-8" />
  <meta name='ocr-system' content='tesseract 3.04.00' />
  <meta name='ocr-capabilities' content='ocr_page ocr_carea ocr_par ocr_line ocrx_word'/>
</head>
<body>
  <div class='ocr_page' id='page_1' title='image "./chroniconplacen00huilgoog_0363.png"; bbox 0 0 4554 6080; ppageno 0'>
   <div class='ocr_carea' id='block_1_1' title="bbox 622 637 1568 710">
    <p class='ocr_par' dir='ltr' id='par_1_1' title="bbox 622 637 1568 710">
     <span class='ocr_line' id='line_1_1' title="bbox 622 637 1568 710; baseline 0.013 -12"><span class='ocrx_word' id='word_1_1' title='bbox 622 637 683 699; x_wconf 76' lang='lat' dir='ltr'>aot</span> <span class='ocrx_word' id='word_1_2' title='bbox 1099 645 1339 710; x_wconf 85' lang='lat' dir='ltr'>CllllONlCON</span> <span class='ocrx_word' id='word_1_3' title='bbox 1364 649 1417 710; x_wconf 80' lang='lat' dir='ltr'>llll</span> <span class='ocrx_word' id='word_1_4' title='bbox 1440 651 1568 710; x_wconf 74' lang='lat' dir='ltr'>nunus</span> 
     </span>
    </p>
   </div>
   <div class='ocr_carea' id='block_1_2' title="bbox 621 774 2039 1003">
    <p class='ocr_par' dir='ltr' id='par_1_2' title="bbox 621 774 2039 1003">
     <span class='ocr_line' id='line_1_2' title="bbox 670 774 2038 879; baseline 0.006 -31"><span class='ocrx_word' id='word_1_5' title='bbox 670 774 733 848; x_wconf 89' lang='lat' dir='ltr'>Die</span> <span class='ocrx_word' id='word_1_6' title='bbox 747 776 884 848; x_wconf 89' lang='lat' dir='ltr'>veneris</span> <span class='ocrx_word' id='word_1_7' title='bbox 897 777 960 848; x_wconf 87' lang='lat' dir='ltr'>XV</span> <span class='ocrx_word' id='word_1_8' title='bbox 974 781 1101 852; x_wconf 83' lang='lat' dir='ltr'>mensis</span> <span class='ocrx_word' id='word_1_9' title='bbox 1116 783 1317 856; x_wconf 83' lang='lat' dir='ltr'>novembris</span> <span class='ocrx_word' id='word_1_10' title='bbox 1333 784 1496 858; x_wconf 91' lang='lat' dir='ltr'>dominus</span> <span class='ocrx_word' id='word_1_11' title='bbox 1511 785 1652 858; x_wconf 88' lang='lat' dir='ltr'>Boesius</span> <span class='ocrx_word' id='word_1_12' title='bbox 1667 783 1715 858; x_wconf 91' lang='lat' dir='ltr'>de</span> <span class='ocrx_word' id='word_1_13' title='bbox 1727 785 1878 859; x_wconf 80' lang='lat' dir='ltr'>bovaria</span> <span class='ocrx_word' id='word_1_14' title='bbox 1890 786 1954 879; x_wconf 91' lang='lat' dir='ltr'>qui</span> <span class='ocrx_word' id='word_1_15' title='bbox 1968 795 2038 860; x_wconf 84' lang='lat' dir='ltr'>erut</span> 
     </span>
     <span class='ocr_line' id='line_1_3' title="bbox 621 897 2039 1003; baseline 0.009 -33"><span class='ocrx_word' id='word_1_16' title='bbox 621 898 657 970; x_wconf 92' lang='lat' dir='ltr'>in</span> <span class='ocrx_word' id='word_1_17' title='bbox 674 897 814 972; x_wconf 86' lang='lat' dir='ltr'>civitate</span> <span class='ocrx_word' id='word_1_18' title='bbox 840 902 975 974; x_wconf 83' lang='lat' dir='ltr'>verone</span> <span class='ocrx_word' id='word_1_19' title='bbox 996 924 1077 974; x_wconf 92' lang='lat' dir='ltr'>cum</span> <span class='ocrx_word' id='word_1_20' title='bbox 1100 913 1170 978; x_wconf 91' lang='lat' dir='ltr'>toto</span> <span class='ocrx_word' id='word_1_21' title='bbox 1187 907 1349 981; x_wconf 90' lang='lat' dir='ltr'>thesauro</span> <span class='ocrx_word' id='word_1_22' title='bbox 1368 929 1434 980; x_wconf 91' lang='lat' dir='ltr'>sno</span> <span class='ocrx_word' id='word_1_23' title='bbox 1459 920 1494 981; x_wconf 89' lang='lat' dir='ltr'>et</span> <span class='ocrx_word' id='word_1_24' title='bbox 1511 931 1590 982; x_wconf 91' lang='lat' dir='ltr'>cum</span> <span class='ocrx_word' id='word_1_25' title='bbox 1617 908 1786 982; x_wconf 79' lang='lat' dir='ltr'>militibus</span> <span class='ocrx_word' id='word_1_26' title='bbox 1808 931 1897 1003; x_wconf 87' lang='lat' dir='ltr'>quos</span> <span class='ocrx_word' id='word_1_27' title='bbox 1913 910 2039 983; x_wconf 87' lang='lat' dir='ltr'>babere</span> 
     </span>
    </p>
   </div>
   <div class='ocr_carea' id='block_1_3' title="bbox 619 1024 2037 1222">
    <p class='ocr_par' dir='ltr' id='par_1_3' title="bbox 619 1024 2037 1222">
     <span class='ocr_line' id='line_1_4' title="bbox 620 1024 2037 1128; baseline 0.009 -35"><span class='ocrx_word' id='word_1_28' title='bbox 620 1026 732 1117; x_wconf 85' lang='lat' dir='ltr'>potuit</span> <span class='ocrx_word' id='word_1_29' title='bbox 745 1024 884 1098; x_wconf 82' lang='lat' dir='ltr'>miravit</span> <span class='ocrx_word' id='word_1_30' title='bbox 894 1024 944 1122; x_wconf 86' lang='lat' dir='ltr'>(a)</span> <span class='ocrx_word' id='word_1_31' title='bbox 958 1027 1132 1101; x_wconf 88' lang='lat' dir='ltr'>civitatem</span> <span class='ocrx_word' id='word_1_32' title='bbox 1147 1031 1266 1106; x_wconf 87' lang='lat' dir='ltr'>Laudo</span> <span class='ocrx_word' id='word_1_33' title='bbox 1280 1033 1341 1104; x_wconf 92' lang='lat' dir='ltr'>ubi</span> <span class='ocrx_word' id='word_1_34' title='bbox 1356 1043 1515 1128; x_wconf 77' lang='lat' dir='ltr'>mospius</span> <span class='ocrx_word' id='word_1_35' title='bbox 1528 1033 1594 1105; x_wconf 90' lang='lat' dir='ltr'>luit</span> <span class='ocrx_word' id='word_1_36' title='bbox 1605 1033 1751 1106; x_wconf 92' lang='lat' dir='ltr'>libenter</span> <span class='ocrx_word' id='word_1_37' title='bbox 1767 1041 1803 1106; x_wconf 93' lang='lat' dir='ltr'>et</span> <span class='ocrx_word' id='word_1_38' title='bbox 1815 1055 1895 1106; x_wconf 94' lang='lat' dir='ltr'>cnm</span> <span class='ocrx_word' id='word_1_39' title='bbox 1915 1053 2037 1128; x_wconf 79' lang='lat' dir='ltr'>magno</span> 
     </span>
     <span class='ocr_line' id='line_1_5' title="bbox 619 1147 765 1222; baseline 0 -2"><span class='ocrx_word' id='word_1_40' title='bbox 619 1147 765 1222; x_wconf 81' lang='lat' dir='ltr'><strong>honore.</strong></span> 
     </span>
    </p>
   </div>
   <div class='ocr_carea' id='block_1_4' title="bbox 618 1274 2040 2117">
    <p class='ocr_par' dir='ltr' id='par_1_4' title="bbox 618 1274 2040 2117">
     <span class='ocr_line' id='line_1_6' title="bbox 669 1274 2038 1375; baseline 0.004 -31"><span class='ocrx_word' id='word_1_41' title='bbox 669 1274 732 1346; x_wconf 86' lang='lat' dir='ltr'>Die</span> <span class='ocrx_word' id='word_1_42' title='bbox 753 1274 846 1366; x_wconf 87' lang='lat' dir='ltr'>jovis</span> <span class='ocrx_word' id='word_1_43' title='bbox 859 1275 953 1346; x_wconf 94' lang='lat' dir='ltr'>Xllll</span> <span class='ocrx_word' id='word_1_44' title='bbox 968 1277 1096 1349; x_wconf 81' lang='lat' dir='ltr'>mensis</span> <span class='ocrx_word' id='word_1_45' title='bbox 1114 1281 1315 1354; x_wconf 83' lang='lat' dir='ltr'>novembris</span> <span class='ocrx_word' id='word_1_46' title='bbox 1332 1279 1495 1354; x_wconf 88' lang='lat' dir='ltr'>dominus</span> <span class='ocrx_word' id='word_1_47' title='bbox 1509 1279 1736 1375; x_wconf 78' lang='lat' dir='ltr'>llaymundus</span> <span class='ocrx_word' id='word_1_48' title='bbox 1757 1279 1803 1353; x_wconf 89' lang='lat' dir='ltr'>de</span> <span class='ocrx_word' id='word_1_49' title='bbox 1820 1282 1946 1352; x_wconf 79' lang='lat' dir='ltr'>lature</span> <span class='ocrx_word' id='word_1_50' title='bbox 1962 1278 2038 1374; x_wconf 89' lang='lat' dir='ltr'>epi-</span> 
     </span>
     <span class='ocr_line' id='line_1_7' title="bbox 618 1399 2037 1498; baseline 0.003 -28"><span class='ocrx_word' id='word_1_51' title='bbox 618 1419 745 1494; x_wconf 89' lang='lat' dir='ltr'>scopus</span> <span class='ocrx_word' id='word_1_52' title='bbox 759 1399 942 1472; x_wconf 79' lang='lat' dir='ltr'>Cumarum</span> <span class='ocrx_word' id='word_1_53' title='bbox 960 1403 1020 1495; x_wconf 93' lang='lat' dir='ltr'>qui</span> <span class='ocrx_word' id='word_1_54' title='bbox 1033 1403 1142 1476; x_wconf 86' lang='lat' dir='ltr'>multa</span> <span class='ocrx_word' id='word_1_55' title='bbox 1158 1406 1248 1478; x_wconf 89' lang='lat' dir='ltr'>mala</span> <span class='ocrx_word' id='word_1_56' title='bbox 1262 1406 1298 1476; x_wconf 92' lang='lat' dir='ltr'>in</span> <span class='ocrx_word' id='word_1_57' title='bbox 1309 1405 1514 1480; x_wconf 88' lang='lat' dir='ltr'>Lombardia</span> <span class='ocrx_word' id='word_1_58' title='bbox 1526 1413 1687 1498; x_wconf 89' lang='lat' dir='ltr'>operatus</span> <span class='ocrx_word' id='word_1_59' title='bbox 1701 1412 1754 1478; x_wconf 90' lang='lat' dir='ltr'>est</span> <span class='ocrx_word' id='word_1_60' title='bbox 1769 1425 1849 1476; x_wconf 93' lang='lat' dir='ltr'>cum</span> <span class='ocrx_word' id='word_1_61' title='bbox 1865 1401 2037 1496; x_wconf 86' lang='lat' dir='ltr'>aliquibus</span> 
     </span>
     <span class='ocr_line' id='line_1_8' title="bbox 619 1523 2038 1622; baseline 0.004 -26"><span class='ocrx_word' id='word_1_62' title='bbox 619 1523 788 1596; x_wconf 78' lang='lat' dir='ltr'>militibus</span> <span class='ocrx_word' id='word_1_63' title='bbox 806 1523 993 1596; x_wconf 89' lang='lat' dir='ltr'>Cumarum</span> <span class='ocrx_word' id='word_1_64' title='bbox 1012 1525 1057 1598; x_wconf 94' lang='lat' dir='ltr'>de</span> <span class='ocrx_word' id='word_1_65' title='bbox 1073 1537 1170 1622; x_wconf 84' lang='lat' dir='ltr'>parte</span> <span class='ocrx_word' id='word_1_66' title='bbox 1187 1529 1406 1618; x_wconf 87' lang='lat' dir='ltr'>Vitanorum,</span> <span class='ocrx_word' id='word_1_67' title='bbox 1424 1551 1504 1601; x_wconf 90' lang='lat' dir='ltr'>curn</span> <span class='ocrx_word' id='word_1_68' title='bbox 1523 1537 1593 1600; x_wconf 89' lang='lat' dir='ltr'>tota</span> <span class='ocrx_word' id='word_1_69' title='bbox 1609 1549 1673 1600; x_wconf 87' lang='lat' dir='ltr'>sua</span> <span class='ocrx_word' id='word_1_70' title='bbox 1689 1527 1822 1602; x_wconf 82' lang='lat' dir='ltr'>tamilla</span> <span class='ocrx_word' id='word_1_71' title='bbox 1837 1535 1961 1622; x_wconf 85' lang='lat' dir='ltr'>captus</span> <span class='ocrx_word' id='word_1_72' title='bbox 1976 1525 2038 1602; x_wconf 84' lang='lat' dir='ltr'>lull</span> 
     </span>
     <span class='ocr_line' id='line_1_9' title="bbox 620 1645 2039 1745; baseline 0.001 -25"><span class='ocrx_word' id='word_1_73' title='bbox 620 1656 655 1720; x_wconf 86' lang='lat' dir='ltr'>ct</span> <span class='ocrx_word' id='word_1_74' title='bbox 669 1645 830 1718; x_wconf 89' lang='lat' dir='ltr'>detentus</span> <span class='ocrx_word' id='word_1_75' title='bbox 846 1649 1069 1740; x_wconf 82' lang='lat' dir='ltr'>personaliter</span> <span class='ocrx_word' id='word_1_76' title='bbox 1084 1671 1146 1743; x_wconf 90' lang='lat' dir='ltr'>per</span> <span class='ocrx_word' id='word_1_77' title='bbox 1161 1651 1340 1724; x_wconf 90' lang='lat' dir='ltr'>dominnm</span> <span class='ocrx_word' id='word_1_78' title='bbox 1353 1652 1548 1726; x_wconf 89' lang='lat' dir='ltr'>Conradnm</span> <span class='ocrx_word' id='word_1_79' title='bbox 1564 1651 1610 1724; x_wconf 91' lang='lat' dir='ltr'>de</span> <span class='ocrx_word' id='word_1_80' title='bbox 1626 1651 1775 1724; x_wconf 88' lang='lat' dir='ltr'>Venosta</span> <span class='ocrx_word' id='word_1_81' title='bbox 1790 1659 1826 1722; x_wconf 86' lang='lat' dir='ltr'>et</span> <span class='ocrx_word' id='word_1_82' title='bbox 1843 1649 1973 1723; x_wconf 87' lang='lat' dir='ltr'>ductus</span> <span class='ocrx_word' id='word_1_83' title='bbox 1989 1657 2039 1745; x_wconf 82' lang='lat' dir='ltr'>eat</span> 
     </span>
     <span class='ocr_line' id='line_1_10' title="bbox 621 1769 2038 1868; baseline 0.002 -28"><span class='ocrx_word' id='word_1_84' title='bbox 621 1769 657 1840; x_wconf 94' lang='lat' dir='ltr'>in</span> <span class='ocrx_word' id='word_1_85' title='bbox 675 1769 874 1842; x_wconf 85' lang='lat' dir='ltr'>carceribus</span> <span class='ocrx_word' id='word_1_86' title='bbox 896 1771 942 1844; x_wconf 93' lang='lat' dir='ltr'>ad</span> <span class='ocrx_word' id='word_1_87' title='bbox 960 1771 1190 1846; x_wconf 80' lang='lat' dir='ltr'>bullaniorum</span> <span class='ocrx_word' id='word_1_88' title='bbox 1205 1784 1355 1848; x_wconf 87' lang='lat' dir='ltr'>castrum</span> <span class='ocrx_word' id='word_1_89' title='bbox 1372 1778 1448 1868; x_wconf 85' lang='lat' dir='ltr'>ejus</span> <span class='ocrx_word' id='word_1_90' title='bbox 1466 1776 1568 1868; x_wconf 77' lang='lat' dir='ltr'>longo</span> <span class='ocrx_word' id='word_1_91' title='bbox 1585 1774 1763 1848; x_wconf 82' lang='lat' dir='ltr'>scivitate</span> <span class='ocrx_word' id='word_1_92' title='bbox 1778 1773 1967 1844; x_wconf 86' lang='lat' dir='ltr'>Cumarum</span> <span class='ocrx_word' id='word_1_93' title='bbox 1981 1792 2038 1866; x_wconf 91' lang='lat' dir='ltr'>per</span> 
     </span>
     <span class='ocr_line' id='line_1_11' title="bbox 619 1891 2040 1994; baseline 0 -28"><span class='ocrx_word' id='word_1_94' title='bbox 619 1891 742 1966; x_wconf 87' lang='lat' dir='ltr'>CXXX</span> <span class='ocrx_word' id='word_1_95' title='bbox 756 1893 938 1966; x_wconf 85' lang='lat' dir='ltr'>milliaria:</span> <span class='ocrx_word' id='word_1_96' title='bbox 956 1917 1102 1990; x_wconf 92' lang='lat' dir='ltr'>proquo</span> <span class='ocrx_word' id='word_1_97' title='bbox 1117 1899 1206 1970; x_wconf 87' lang='lat' dir='ltr'>lacto</span> <span class='ocrx_word' id='word_1_98' title='bbox 1223 1900 1437 1994; x_wconf 89' lang='lat' dir='ltr'>Napolionns</span> <span class='ocrx_word' id='word_1_99' title='bbox 1449 1897 1494 1970; x_wconf 93' lang='lat' dir='ltr'>de</span> <span class='ocrx_word' id='word_1_100' title='bbox 1505 1900 1630 1970; x_wconf 80' lang='lat' dir='ltr'>lature</span> <span class='ocrx_word' id='word_1_101' title='bbox 1641 1909 1676 1970; x_wconf 92' lang='lat' dir='ltr'>et</span> <span class='ocrx_word' id='word_1_102' title='bbox 1691 1899 1813 1970; x_wconf 84' lang='lat' dir='ltr'>iratres</span> <span class='ocrx_word' id='word_1_103' title='bbox 1827 1899 1902 1988; x_wconf 84' lang='lat' dir='ltr'>ejus</span> <span class='ocrx_word' id='word_1_104' title='bbox 1920 1895 2040 1968; x_wconf 91' lang='lat' dir='ltr'>dolen·</span> 
     </span>
     <span class='ocr_line' id='line_1_12' title="bbox 620 2017 2039 2117; baseline -0.001 -27"><span class='ocrx_word' id='word_1_105' title='bbox 620 2027 671 2090; x_wconf 87' lang='lat' dir='ltr'>tes</span> <span class='ocrx_word' id='word_1_106' title='bbox 685 2017 731 2090; x_wconf 90' lang='lat' dir='ltr'>de</span> <span class='ocrx_word' id='word_1_107' title='bbox 750 2017 843 2092; x_wconf 88' lang='lat' dir='ltr'>dioto</span> <span class='ocrx_word' id='word_1_108' title='bbox 859 2020 1020 2114; x_wconf 90' lang='lat' dir='ltr'>episcopo</span> <span class='ocrx_word' id='word_1_109' title='bbox 1035 2022 1138 2094; x_wconf 82' lang='lat' dir='ltr'>fratre</span> <span class='ocrx_word' id='word_1_110' title='bbox 1153 2045 1274 2096; x_wconf 88' lang='lat' dir='ltr'>eornm</span> <span class='ocrx_word' id='word_1_111' title='bbox 1290 2032 1590 2117; x_wconf 76' lang='lat' dir='ltr'>congregaverunt</span> <span class='ocrx_word' id='word_1_112' title='bbox 1605 2022 1800 2095; x_wconf 85' lang='lat' dir='ltr'>exercitum</span> <span class='ocrx_word' id='word_1_113' title='bbox 1814 2041 1920 2094; x_wconf 88' lang='lat' dir='ltr'>cansa</span> <span class='ocrx_word' id='word_1_114' title='bbox 1932 2018 2039 2091; x_wconf 90' lang='lat' dir='ltr'>eundi</span> 
     </span>
    </p>
   </div>
   <div class='ocr_carea' id='block_1_5' title="bbox 618 2143 2046 4588">
    <p class='ocr_par' dir='ltr' id='par_1_5' title="bbox 619 2143 2041 2837">
     <span class='ocr_line' id='line_1_13' title="bbox 619 2143 2040 2238; baseline 0 -22"><span class='ocrx_word' id='word_1_115' title='bbox 619 2165 725 2236; x_wconf 88' lang='lat' dir='ltr'>super</span> <span class='ocrx_word' id='word_1_116' title='bbox 748 2143 861 2238; x_wconf 88' lang='lat' dir='ltr'>ipsum</span> <span class='ocrx_word' id='word_1_117' title='bbox 884 2143 1065 2216; x_wconf 89' lang='lat' dir='ltr'>dominum</span> <span class='ocrx_word' id='word_1_118' title='bbox 1095 2147 1290 2220; x_wconf 89' lang='lat' dir='ltr'>Conradum</span> <span class='ocrx_word' id='word_1_119' title='bbox 1315 2147 1360 2220; x_wconf 90' lang='lat' dir='ltr'>de</span> <span class='ocrx_word' id='word_1_120' title='bbox 1384 2149 1554 2237; x_wconf 88' lang='lat' dir='ltr'>llenusta,</span> <span class='ocrx_word' id='word_1_121' title='bbox 1579 2146 1713 2218; x_wconf 87' lang='lat' dir='ltr'>scilicet</span> <span class='ocrx_word' id='word_1_122' title='bbox 1739 2166 1820 2218; x_wconf 88' lang='lat' dir='ltr'>cum</span> <span class='ocrx_word' id='word_1_123' title='bbox 1850 2143 2040 2237; x_wconf 85' lang='lat' dir='ltr'>quantitate</span> 
     </span>
     <span class='ocr_line' id='line_1_14' title="bbox 619 2267 2040 2359; baseline -0.001 -20"><span class='ocrx_word' id='word_1_124' title='bbox 619 2267 767 2340; x_wconf 86' lang='lat' dir='ltr'>militnm</span> <span class='ocrx_word' id='word_1_125' title='bbox 786 2267 964 2358; x_wconf 89' lang='lat' dir='ltr'>Cremono,</span> <span class='ocrx_word' id='word_1_126' title='bbox 985 2269 1171 2359; x_wconf 82' lang='lat' dir='ltr'>Placentia,</span> <span class='ocrx_word' id='word_1_127' title='bbox 1186 2271 1345 2358; x_wconf 88' lang='lat' dir='ltr'>Novaric,</span> <span class='ocrx_word' id='word_1_128' title='bbox 1360 2271 1605 2359; x_wconf 78' lang='lat' dir='ltr'>vercellarum,</span> <span class='ocrx_word' id='word_1_129' title='bbox 1625 2269 1823 2358; x_wconf 88' lang='lat' dir='ltr'>Cumarum,</span> <span class='ocrx_word' id='word_1_130' title='bbox 1842 2277 1878 2340; x_wconf 88' lang='lat' dir='ltr'>et</span> <span class='ocrx_word' id='word_1_131' title='bbox 1895 2268 2040 2340; x_wconf 84' lang='lat' dir='ltr'>aliarum</span> 
     </span>
     <span class='ocr_line' id='line_1_15' title="bbox 620 2391 2040 2495; baseline -0.001 -31"><span class='ocrx_word' id='word_1_132' title='bbox 620 2391 798 2464; x_wconf 89' lang='lat' dir='ltr'>civitatum</span> <span class='ocrx_word' id='word_1_133' title='bbox 815 2414 884 2484; x_wconf 87' lang='lat' dir='ltr'>que</span> <span class='ocrx_word' id='word_1_134' title='bbox 902 2401 982 2463; x_wconf 90' lang='lat' dir='ltr'>sunt</span> <span class='ocrx_word' id='word_1_135' title='bbox 997 2393 1100 2464; x_wconf 86' lang='lat' dir='ltr'>amici</span> <span class='ocrx_word' id='word_1_136' title='bbox 1114 2416 1246 2495; x_wconf 83' lang='lat' dir='ltr'>eorum.</span> <span class='ocrx_word' id='word_1_137' title='bbox 1266 2396 1312 2466; x_wconf 87' lang='lat' dir='ltr'>Et</span> <span class='ocrx_word' id='word_1_138' title='bbox 1329 2396 1419 2466; x_wconf 87' lang='lat' dir='ltr'>lacta</span> <span class='ocrx_word' id='word_1_139' title='bbox 1434 2393 1689 2488; x_wconf 88' lang='lat' dir='ltr'>composicione</span> <span class='ocrx_word' id='word_1_140' title='bbox 1709 2413 1789 2464; x_wconf 89' lang='lat' dir='ltr'>cum</span> <span class='ocrx_word' id='word_1_141' title='bbox 1806 2393 1882 2485; x_wconf 92' lang='lat' dir='ltr'>ipso</span> <span class='ocrx_word' id='word_1_142' title='bbox 1900 2391 2040 2464; x_wconf 94' lang='lat' dir='ltr'>domino</span> 
     </span>
     <span class='ocr_line' id='line_1_16' title="bbox 620 2511 2040 2612; baseline -0.001 -24"><span class='ocrx_word' id='word_1_143' title='bbox 620 2515 769 2606; x_wconf 87' lang='lat' dir='ltr'>Corado,</span> <span class='ocrx_word' id='word_1_144' title='bbox 795 2511 801 2612; x_wconf 89' lang='grc' dir='ltr'>Ι</span> <span class='ocrx_word' id='word_1_145' title='bbox 823 2516 987 2587; x_wconf 82' lang='lat' dir='ltr'>liberatus</span> <span class='ocrx_word' id='word_1_146' title='bbox 1003 2527 1055 2588; x_wconf 91' lang='lat' dir='ltr'>est</span> <span class='ocrx_word' id='word_1_147' title='bbox 1074 2519 1150 2612; x_wconf 90' lang='lat' dir='ltr'>ipse</span> <span class='ocrx_word' id='word_1_148' title='bbox 1172 2518 1334 2590; x_wconf 91' lang='lat' dir='ltr'>dominus</span> <span class='ocrx_word' id='word_1_149' title='bbox 1354 2517 1537 2612; x_wconf 88' lang='lat' dir='ltr'>episcopus</span> <span class='ocrx_word' id='word_1_150' title='bbox 1556 2539 1619 2611; x_wconf 92' lang='lat' dir='ltr'>pro</span> <span class='ocrx_word' id='word_1_151' title='bbox 1638 2515 1876 2612; x_wconf 78' lang='lat' dir='ltr'>redemptione</span> <span class='ocrx_word' id='word_1_152' title='bbox 1889 2514 1923 2588; x_wconf 91' lang='lat' dir='ltr'>X</span> <span class='ocrx_word' id='word_1_153' title='bbox 1937 2515 2040 2586; x_wconf 89' lang='lat' dir='ltr'>millia</span> 
     </span>
     <span class='ocr_line' id='line_1_17' title="bbox 619 2637 2041 2728; baseline -0.002 -15"><span class='ocrx_word' id='word_1_154' title='bbox 619 2641 787 2713; x_wconf 93' lang='lat' dir='ltr'>librarum</span> <span class='ocrx_word' id='word_1_155' title='bbox 807 2640 1043 2728; x_wconf 82' lang='lat' dir='ltr'>Temolorum,</span> <span class='ocrx_word' id='word_1_156' title='bbox 1064 2651 1099 2712; x_wconf 91' lang='lat' dir='ltr'>ct</span> <span class='ocrx_word' id='word_1_157' title='bbox 1118 2641 1176 2714; x_wconf 94' lang='lat' dir='ltr'>die</span> <span class='ocrx_word' id='word_1_158' title='bbox 1197 2643 1314 2714; x_wconf 86' lang='lat' dir='ltr'>martis</span> <span class='ocrx_word' id='word_1_159' title='bbox 1340 2642 1519 2714; x_wconf 87' lang='lat' dir='ltr'>chnsis</span> <span class='ocrx_word' id='word_1_160' title='bbox 1539 2641 1732 2714; x_wconf 86' lang='lat' dir='ltr'>decembris</span> <span class='ocrx_word' id='word_1_161' title='bbox 1753 2639 1894 2712; x_wconf 87' lang='lat' dir='ltr'>intravit</span> <span class='ocrx_word' id='word_1_162' title='bbox 1911 2637 2041 2711; x_wconf 90' lang='lat' dir='ltr'>illedio·</span> 
     </span>
     <span class='ocr_line' id='line_1_18' title="bbox 620 2767 751 2837; baseline -0.015 0"><span class='ocrx_word' id='word_1_163' title='bbox 620 2767 751 2837; x_wconf 88' lang='lat' dir='ltr'>lanum.</span> 
     </span>
    </p>

    <p class='ocr_par' dir='ltr' id='par_1_6' title="bbox 618 2886 2043 3350">
     <span class='ocr_line' id='line_1_19' title="bbox 668 2886 2040 2981; baseline -0.001 -21"><span class='ocrx_word' id='word_1_164' title='bbox 668 2887 802 2960; x_wconf 88' lang='lat' dir='ltr'>Eodem</span> <span class='ocrx_word' id='word_1_165' title='bbox 825 2895 979 2981; x_wconf 88' lang='lat' dir='ltr'>tempore</span> <span class='ocrx_word' id='word_1_166' title='bbox 996 2886 1287 2979; x_wconf 84' lang='lat' dir='ltr'>Mediolanenses,</span> <span class='ocrx_word' id='word_1_167' title='bbox 1303 2889 1510 2977; x_wconf 84' lang='lat' dir='ltr'>Placentini,</span> <span class='ocrx_word' id='word_1_168' title='bbox 1527 2889 1793 2977; x_wconf 82' lang='lat' dir='ltr'>Cremonenses,</span> <span class='ocrx_word' id='word_1_169' title='bbox 1819 2887 2040 2976; x_wconf 85' lang='lat' dir='ltr'>Parmenscs,</span> 
     </span>
     <span class='ocr_line' id='line_1_20' title="bbox 621 3007 2043 3106; baseline -0.004 -20"><span class='ocrx_word' id='word_1_170' title='bbox 621 3013 850 3100; x_wconf 87' lang='lat' dir='ltr'>Mutinensee‚</span> <span class='ocrx_word' id='word_1_171' title='bbox 872 3012 1083 3102; x_wconf 86' lang='lat' dir='ltr'>Vercellani,</span> <span class='ocrx_word' id='word_1_172' title='bbox 1098 3013 1330 3086; x_wconf 84' lang='lat' dir='ltr'>Cumunenses</span> <span class='ocrx_word' id='word_1_173' title='bbox 1348 3021 1383 3084; x_wconf 90' lang='lat' dir='ltr'>et</span> <span class='ocrx_word' id='word_1_174' title='bbox 1398 3013 1457 3084; x_wconf 90' lang='lat' dir='ltr'>alii</span> <span class='ocrx_word' id='word_1_175' title='bbox 1477 3013 1592 3106; x_wconf 86' lang='lat' dir='ltr'>pluras</span> <span class='ocrx_word' id='word_1_176' title='bbox 1613 3011 1659 3084; x_wconf 92' lang='lat' dir='ltr'>de</span> <span class='ocrx_word' id='word_1_177' title='bbox 1676 3007 1883 3083; x_wconf 80' lang='lat' dir='ltr'>lombardia</span> <span class='ocrx_word' id='word_1_178' title='bbox 1905 3007 2043 3102; x_wconf 89' lang='lat' dir='ltr'>publice</span> 
     </span>
     <span class='ocr_line' id='line_1_21' title="bbox 618 3132 2041 3230; baseline -0.001 -22"><span class='ocrx_word' id='word_1_179' title='bbox 618 3139 824 3230; x_wconf 90' lang='lat' dir='ltr'>juraverunt</span> <span class='ocrx_word' id='word_1_180' title='bbox 839 3132 1038 3207; x_wconf 86' lang='lat' dir='ltr'>fidelitatem</span> <span class='ocrx_word' id='word_1_181' title='bbox 1057 3135 1198 3207; x_wconf 92' lang='lat' dir='ltr'>domino</span> <span class='ocrx_word' id='word_1_182' title='bbox 1213 3135 1288 3229; x_wconf 79' lang='lat' dir='ltr'>regi</span> <span class='ocrx_word' id='word_1_183' title='bbox 1298 3136 1428 3208; x_wconf 85' lang='lat' dir='ltr'>Karulo</span> <span class='ocrx_word' id='word_1_184' title='bbox 1442 3157 1522 3208; x_wconf 89' lang='lat' dir='ltr'>cum</span> <span class='ocrx_word' id='word_1_185' title='bbox 1540 3136 1699 3230; x_wconf 90' lang='lat' dir='ltr'>pluribus</span> <span class='ocrx_word' id='word_1_186' title='bbox 1714 3133 1824 3229; x_wconf 90' lang='lat' dir='ltr'>pactis</span> <span class='ocrx_word' id='word_1_187' title='bbox 1837 3142 1873 3205; x_wconf 93' lang='lat' dir='ltr'>et</span> <span class='ocrx_word' id='word_1_188' title='bbox 1891 3153 2041 3206; x_wconf 91' lang='lat' dir='ltr'>conven-</span> 
     </span>
     <span class='ocr_line' id='line_1_22' title="bbox 622 3259 1080 3350; baseline -0.009 -18"><span class='ocrx_word' id='word_1_189' title='bbox 622 3260 773 3350; x_wconf 89' lang='lat' dir='ltr'>tionibus</span> <span class='ocrx_word' id='word_1_190' title='bbox 792 3259 882 3330; x_wconf 92' lang='lat' dir='ltr'>inter</span> <span class='ocrx_word' id='word_1_191' title='bbox 900 3280 960 3330; x_wconf 88' lang='lat' dir='ltr'>eos</span> <span class='ocrx_word' id='word_1_192' title='bbox 973 3259 1080 3331; x_wconf 87' lang='lat' dir='ltr'>initis.</span> 
     </span>
    </p>

    <p class='ocr_par' dir='ltr' id='par_1_7' title="bbox 621 3381 2044 3850">
     <span class='ocr_line' id='line_1_23' title="bbox 670 3381 2043 3476; baseline -0.003 -20"><span class='ocrx_word' id='word_1_193' title='bbox 670 3382 802 3456; x_wconf 83' lang='lat' dir='ltr'>Eodem</span> <span class='ocrx_word' id='word_1_194' title='bbox 817 3391 971 3476; x_wconf 91' lang='lat' dir='ltr'>tempore</span> <span class='ocrx_word' id='word_1_195' title='bbox 985 3382 1030 3454; x_wconf 90' lang='lat' dir='ltr'>de</span> <span class='ocrx_word' id='word_1_196' title='bbox 1044 3404 1163 3455; x_wconf 89' lang='lat' dir='ltr'>mense</span> <span class='ocrx_word' id='word_1_197' title='bbox 1179 3383 1372 3474; x_wconf 88' lang='lat' dir='ltr'>decembris</span> <span class='ocrx_word' id='word_1_198' title='bbox 1382 3382 1545 3456; x_wconf 80' lang='lat' dir='ltr'>Astenses</span> <span class='ocrx_word' id='word_1_199' title='bbox 1558 3383 1704 3456; x_wconf 84' lang='lat' dir='ltr'>federati</span> <span class='ocrx_word' id='word_1_200' title='bbox 1720 3391 1801 3456; x_wconf 86' lang='lat' dir='ltr'>sunt</span> <span class='ocrx_word' id='word_1_201' title='bbox 1815 3403 1897 3454; x_wconf 90' lang='lat' dir='ltr'>cum</span> <span class='ocrx_word' id='word_1_202' title='bbox 1911 3381 2043 3476; x_wconf 84' lang='lat' dir='ltr'>vigerio</span> 
     </span>
     <span class='ocr_line' id='line_1_24' title="bbox 621 3504 2042 3601; baseline -0.002 -22"><span class='ocrx_word' id='word_1_203' title='bbox 621 3507 714 3601; x_wconf 78' lang='lat' dir='ltr'>regis</span> <span class='ocrx_word' id='word_1_204' title='bbox 725 3505 844 3578; x_wconf 90' lang='lat' dir='ltr'>Karuli</span> <span class='ocrx_word' id='word_1_205' title='bbox 859 3506 920 3599; x_wconf 92' lang='lat' dir='ltr'>qui</span> <span class='ocrx_word' id='word_1_206' title='bbox 935 3515 1008 3578; x_wconf 88' lang='lat' dir='ltr'>erat</span> <span class='ocrx_word' id='word_1_207' title='bbox 1021 3506 1056 3576; x_wconf 95' lang='lat' dir='ltr'>in</span> <span class='ocrx_word' id='word_1_208' title='bbox 1075 3505 1164 3578; x_wconf 78' lang='lat' dir='ltr'>Alba</span> <span class='ocrx_word' id='word_1_209' title='bbox 1177 3528 1257 3578; x_wconf 94' lang='lat' dir='ltr'>cum</span> <span class='ocrx_word' id='word_1_210' title='bbox 1271 3517 1363 3580; x_wconf 88' lang='lat' dir='ltr'>certa</span> <span class='ocrx_word' id='word_1_211' title='bbox 1381 3508 1574 3601; x_wconf 86' lang='lat' dir='ltr'>quantitate</span> <span class='ocrx_word' id='word_1_212' title='bbox 1591 3507 1739 3578; x_wconf 91' lang='lat' dir='ltr'>militum</span> <span class='ocrx_word' id='word_1_213' title='bbox 1757 3505 1940 3580; x_wconf 84' lang='lat' dir='ltr'>Provincie</span> <span class='ocrx_word' id='word_1_214' title='bbox 1960 3531 1970 3576; x_wconf 79' lang='grc' dir='ltr'>ι</span> <span class='ocrx_word' id='word_1_215' title='bbox 1989 3504 2042 3576; x_wconf 91' lang='lat' dir='ltr'>cui</span> 
     </span>
     <span class='ocr_line' id='line_1_25' title="bbox 623 3629 2044 3725; baseline -0.001 -22"><span class='ocrx_word' id='word_1_216' title='bbox 623 3651 670 3703; x_wconf 85' lang='lat' dir='ltr'>ex</span> <span class='ocrx_word' id='word_1_217' title='bbox 687 3639 788 3725; x_wconf 91' lang='lat' dir='ltr'>pacto</span> <span class='ocrx_word' id='word_1_218' title='bbox 800 3630 1032 3724; x_wconf 91' lang='lat' dir='ltr'>promiserunt</span> <span class='ocrx_word' id='word_1_219' title='bbox 1045 3630 1112 3702; x_wconf 92' lang='lat' dir='ltr'>sibi</span> <span class='ocrx_word' id='word_1_220' title='bbox 1125 3629 1210 3702; x_wconf 92' lang='lat' dir='ltr'>dare</span> <span class='ocrx_word' id='word_1_221' title='bbox 1225 3653 1288 3724; x_wconf 91' lang='lat' dir='ltr'>pro</span> <span class='ocrx_word' id='word_1_222' title='bbox 1304 3631 1412 3704; x_wconf 85' lang='lat' dir='ltr'>tribus</span> <span class='ocrx_word' id='word_1_223' title='bbox 1426 3632 1527 3704; x_wconf 91' lang='lat' dir='ltr'>annie</span> <span class='ocrx_word' id='word_1_224' title='bbox 1544 3640 1579 3704; x_wconf 90' lang='lat' dir='ltr'>et</span> <span class='ocrx_word' id='word_1_225' title='bbox 1594 3631 1655 3724; x_wconf 86' lang='lat' dir='ltr'>llll</span> <span class='ocrx_word' id='word_1_226' title='bbox 1669 3630 1793 3703; x_wconf 88' lang='lat' dir='ltr'>diebus</span> <span class='ocrx_word' id='word_1_227' title='bbox 1812 3630 1946 3724; x_wconf 90' lang='lat' dir='ltr'>quibus</span> <span class='ocrx_word' id='word_1_228' title='bbox 1958 3639 2044 3703; x_wconf 72' lang='lat' dir='ltr'>trem</span> 
     </span>
     <span class='ocr_line' id='line_1_26' title="bbox 623 3753 1397 3850; baseline -0.003 -24"><span class='ocrx_word' id='word_1_229' title='bbox 623 3776 728 3850; x_wconf 80' lang='lat' dir='ltr'>guam</span> <span class='ocrx_word' id='word_1_230' title='bbox 748 3755 903 3825; x_wconf 86' lang='lat' dir='ltr'>fecerunt</span> <span class='ocrx_word' id='word_1_231' title='bbox 915 3754 977 3826; x_wconf 88' lang='lat' dir='ltr'>XV</span> <span class='ocrx_word' id='word_1_232' title='bbox 995 3753 1101 3824; x_wconf 86' lang='lat' dir='ltr'>millia</span> <span class='ocrx_word' id='word_1_233' title='bbox 1120 3753 1208 3826; x_wconf 92' lang='lat' dir='ltr'>libra</span> <span class='ocrx_word' id='word_1_234' title='bbox 1225 3753 1397 3826; x_wconf 83' lang='lat' dir='ltr'>Astensiu.</span> 
     </span>
    </p>

    <p class='ocr_par' dir='ltr' id='par_1_8' title="bbox 625 3875 2046 4588">
     <span class='ocr_line' id='line_1_27' title="bbox 672 3875 2044 3972; baseline 0.001 -24"><span class='ocrx_word' id='word_1_235' title='bbox 672 3875 804 3949; x_wconf 89' lang='lat' dir='ltr'>Eodem</span> <span class='ocrx_word' id='word_1_236' title='bbox 822 3885 975 3970; x_wconf 92' lang='lat' dir='ltr'>tempore</span> <span class='ocrx_word' id='word_1_237' title='bbox 991 3875 1097 3968; x_wconf 90' lang='lat' dir='ltr'>aliqui</span> <span class='ocrx_word' id='word_1_238' title='bbox 1117 3897 1165 3947; x_wconf 83' lang='lat' dir='ltr'>ex</span> <span class='ocrx_word' id='word_1_239' title='bbox 1186 3877 1352 3948; x_wconf 92' lang='lat' dir='ltr'>militibus</span> <span class='ocrx_word' id='word_1_240' title='bbox 1370 3877 1474 3972; x_wconf 86' lang='lat' dir='ltr'>Papia</span> <span class='ocrx_word' id='word_1_241' title='bbox 1488 3878 1550 3971; x_wconf 90' lang='lat' dir='ltr'>qui</span> <span class='ocrx_word' id='word_1_242' title='bbox 1569 3877 1753 3950; x_wconf 87' lang='lat' dir='ltr'>Fallnbrini</span> <span class='ocrx_word' id='word_1_243' title='bbox 1772 3877 1957 3967; x_wconf 92' lang='lat' dir='ltr'>dicuntur,</span> <span class='ocrx_word' id='word_1_244' title='bbox 1980 3876 2044 3949; x_wconf 89' lang='lat' dir='ltr'>soi·</span> 
     </span>
     <span class='ocr_line' id='line_1_28' title="bbox 625 3999 2046 4095; baseline 0.001 -25"><span class='ocrx_word' id='word_1_245' title='bbox 625 4000 706 4072; x_wconf 91' lang='lat' dir='ltr'>licet</span> <span class='ocrx_word' id='word_1_246' title='bbox 741 3999 905 4072; x_wconf 86' lang='lat' dir='ltr'>dominus</span> <span class='ocrx_word' id='word_1_247' title='bbox 931 3999 1078 4071; x_wconf 81' lang='lat' dir='ltr'>Iacobus</span> <span class='ocrx_word' id='word_1_248' title='bbox 1109 4000 1276 4094; x_wconf 80' lang='lat' dir='ltr'>Butigetta</span> <span class='ocrx_word' id='word_1_249' title='bbox 1304 4010 1454 4095; x_wconf 82' lang='lat' dir='ltr'>potestas</span> <span class='ocrx_word' id='word_1_250' title='bbox 1481 4023 1619 4092; x_wconf 89' lang='lat' dir='ltr'>eorum,</span> <span class='ocrx_word' id='word_1_251' title='bbox 1651 4001 1846 4074; x_wconf 84' lang='lat' dir='ltr'>Guizardus</span> <span class='ocrx_word' id='word_1_252' title='bbox 1878 4003 1990 4072; x_wconf 87' lang='lat' dir='ltr'>Zazus</span> <span class='ocrx_word' id='word_1_253' title='bbox 2013 4009 2046 4072; x_wconf 91' lang='lat' dir='ltr'>et</span> 
     </span>
     <span class='ocr_line' id='line_1_29' title="bbox 626 4123 2045 4220; baseline -0.001 -24"><span class='ocrx_word' id='word_1_254' title='bbox 626 4126 746 4196; x_wconf 85' lang='lat' dir='ltr'>fratres</span> <span class='ocrx_word' id='word_1_255' title='bbox 768 4133 803 4196; x_wconf 90' lang='lat' dir='ltr'>et</span> <span class='ocrx_word' id='word_1_256' title='bbox 818 4123 985 4216; x_wconf 79' lang='lat' dir='ltr'>Rogerius</span> <span class='ocrx_word' id='word_1_257' title='bbox 1005 4125 1130 4194; x_wconf 77' lang='lat' dir='ltr'>Zorzrm</span> <span class='ocrx_word' id='word_1_258' title='bbox 1153 4132 1189 4196; x_wconf 90' lang='lat' dir='ltr'>et</span> <span class='ocrx_word' id='word_1_259' title='bbox 1210 4123 1268 4196; x_wconf 89' lang='lat' dir='ltr'>alii</span> <span class='ocrx_word' id='word_1_260' title='bbox 1290 4125 1425 4218; x_wconf 90' lang='lat' dir='ltr'>plures,</span> <span class='ocrx_word' id='word_1_261' title='bbox 1446 4147 1508 4219; x_wconf 92' lang='lat' dir='ltr'>pro</span> <span class='ocrx_word' id='word_1_262' title='bbox 1532 4147 1574 4198; x_wconf 93' lang='lat' dir='ltr'>eo</span> <span class='ocrx_word' id='word_1_263' title='bbox 1599 4125 1696 4220; x_wconf 92' lang='lat' dir='ltr'>quod</span> <span class='ocrx_word' id='word_1_264' title='bbox 1716 4126 1866 4220; x_wconf 88' lang='lat' dir='ltr'>populus</span> <span class='ocrx_word' id='word_1_265' title='bbox 1889 4123 1996 4218; x_wconf 90' lang='lat' dir='ltr'>Papie</span> <span class='ocrx_word' id='word_1_266' title='bbox 2013 4133 2045 4198; x_wconf 87' lang='lat' dir='ltr'>et</span> 
     </span>
     <span class='ocr_line' id='line_1_30' title="bbox 626 4245 2044 4343; baseline 0 -24"><span class='ocrx_word' id='word_1_267' title='bbox 626 4246 838 4319; x_wconf 88' lang='lat' dir='ltr'>Marchaboti</span> <span class='ocrx_word' id='word_1_268' title='bbox 855 4245 1004 4318; x_wconf 87' lang='lat' dir='ltr'>civitatis</span> <span class='ocrx_word' id='word_1_269' title='bbox 1027 4255 1146 4319; x_wconf 86' lang='lat' dir='ltr'>contra</span> <span class='ocrx_word' id='word_1_270' title='bbox 1167 4269 1286 4320; x_wconf 88' lang='lat' dir='ltr'>eorum</span> <span class='ocrx_word' id='word_1_271' title='bbox 1305 4250 1517 4322; x_wconf 84' lang='lat' dir='ltr'>voluntatem</span> <span class='ocrx_word' id='word_1_272' title='bbox 1541 4251 1714 4343; x_wconf 80' lang='lat' dir='ltr'>eligerunt</span> <span class='ocrx_word' id='word_1_273' title='bbox 1738 4249 1920 4322; x_wconf 89' lang='lat' dir='ltr'>dominum</span> <span class='ocrx_word' id='word_1_274' title='bbox 1945 4247 2044 4320; x_wconf 83' lang='lat' dir='ltr'>Albe·</span> 
     </span>
     <span class='ocr_line' id='line_1_31' title="bbox 627 4366 2043 4466; baseline 0 -26"><span class='ocrx_word' id='word_1_275' title='bbox 627 4369 737 4440; x_wconf 90' lang='lat' dir='ltr'>rioum</span> <span class='ocrx_word' id='word_1_276' title='bbox 763 4366 808 4440; x_wconf 90' lang='lat' dir='ltr'>de</span> <span class='ocrx_word' id='word_1_277' title='bbox 828 4366 975 4440; x_wconf 89' lang='lat' dir='ltr'>Xoardis</span> <span class='ocrx_word' id='word_1_278' title='bbox 998 4367 1044 4440; x_wconf 93' lang='lat' dir='ltr'>de</span> <span class='ocrx_word' id='word_1_279' title='bbox 1065 4369 1232 4462; x_wconf 78' lang='lat' dir='ltr'>Pergamo</span> <span class='ocrx_word' id='word_1_280' title='bbox 1255 4380 1455 4464; x_wconf 79' lang='lat' dir='ltr'>potestatem</span> <span class='ocrx_word' id='word_1_281' title='bbox 1476 4373 1670 4445; x_wconf 88' lang='lat' dir='ltr'>communis</span> <span class='ocrx_word' id='word_1_282' title='bbox 1686 4372 1810 4466; x_wconf 86' lang='lat' dir='ltr'>Papie,</span> <span class='ocrx_word' id='word_1_283' title='bbox 1830 4371 2043 4444; x_wconf 88' lang='lat' dir='ltr'>intraverunt</span> 
     </span>
     <span class='ocr_line' id='line_1_32' title="bbox 627 4492 1732 4588; baseline 0.002 -25"><span class='ocrx_word' id='word_1_284' title='bbox 627 4492 852 4586; x_wconf 79' lang='lat' dir='ltr'>Basiganam,</span> <span class='ocrx_word' id='word_1_285' title='bbox 873 4493 1030 4564; x_wconf 88' lang='lat' dir='ltr'>volentes</span> <span class='ocrx_word' id='word_1_286' title='bbox 1047 4492 1214 4566; x_wconf 90' lang='lat' dir='ltr'>rebellare</span> <span class='ocrx_word' id='word_1_287' title='bbox 1229 4493 1404 4566; x_wconf 89' lang='lat' dir='ltr'>communi</span> <span class='ocrx_word' id='word_1_288' title='bbox 1420 4502 1456 4566; x_wconf 91' lang='lat' dir='ltr'>et</span> <span class='ocrx_word' id='word_1_289' title='bbox 1470 4493 1599 4567; x_wconf 86' lang='lat' dir='ltr'>civitati</span> <span class='ocrx_word' id='word_1_290' title='bbox 1614 4494 1732 4588; x_wconf 89' lang='lat' dir='ltr'>Papie.</span> 
     </span>
    </p>
   </div>
   <div class='ocr_carea' id='block_1_6' title="bbox 671 4769 1027 4852">
    <p class='ocr_par' dir='ltr' id='par_1_9' title="bbox 671 4769 1027 4852">
     <span class='ocr_line' id='line_1_33' title="bbox 671 4769 1027 4852; baseline 0.014 -23"><span class='ocrx_word' id='word_1_291' title='bbox 671 4769 713 4850; x_wconf 84' lang='lat' dir='ltr'>(a)</span> <span class='ocrx_word' id='word_1_292' title='bbox 732 4771 867 4832; x_wconf 83' lang='lat' dir='ltr'>Forsitan</span> <span class='ocrx_word' id='word_1_293' title='bbox 881 4771 1027 4852; x_wconf 79' lang='lat' dir='ltr'>mipraoit.</span> 
     </span>
    </p>
   </div>
   <div class='ocr_carea' id='block_1_7' title="bbox 0 0 2285 6080">
    <p class='ocr_par' dir='ltr' id='par_1_10' title="bbox 0 0 2285 6080">
     <span class='ocr_line' id='line_1_34' title="bbox 0 0 2285 6080; baseline 0 0"><span class='ocrx_word' id='word_1_294' title='bbox 0 0 2285 6080; x_wconf 95' lang='lat' dir='ltr'> </span> 
     </span>
    </p>
   </div>
  </div>
 </body>
</html>
