4676 6066
581 634 603 694 2
1003 640 1246 702 cfleeulcolt
1270 641 1575 705 PLACENTINUM.

584 778 840 864 percusserunt.
861 771 1027 848 videntes
1053 775 1208 848 similiter
1229 777 1356 851 milites
1379 779 1441 872 qui
1467 777 1517 850 ihi
1537 787 1651 871 arant,
1674 780 1828 876 peditem
1853 807 1999 880 percus-

583 901 702 964 serunt
721 901 756 964 et
776 894 1059 970 verberaverunt.
1079 899 1234 973 Clamore
1256 900 1415 996 undique
1433 902 1540 993 lacto,
1567 902 1693 976 milites
1714 925 1834 980 omnes
1851 910 1999 984 civitatis

583 1015 620 1087 in
641 1024 736 1110 parte
752 1038 824 1090 una
841 1022 1040 1114 congregati
1055 1031 1091 1094 et
1108 1023 1292 1118 populares
1311 1025 1348 1095 in
1369 1025 1453 1117 alia,
1474 1024 1620 1120 prelium
1645 1049 1810 1123 magnum
1833 1031 1921 1106 inter
1939 1054 1998 1108 eos

584 1147 637 1213 est
661 1139 838 1236 inceptum
866 1141 962 1236 quod
982 1143 1124 1218 duravit
1149 1167 1262 1240 nsque
1283 1146 1329 1220 ud
1354 1149 1537 1224 obscuram
1560 1159 1711 1227 noctem.
1732 1154 1772 1228 ln
1796 1175 1868 1249 qno
1890 1158 1998 1251 prelio

583 1263 744 1336 obierunt
762 1263 834 1336 duo
858 1264 903 1338 de
926 1267 1093 1341 militibus
1115 1280 1151 1342 et
1176 1279 1245 1344 tres
1271 1271 1316 1345 de
1343 1274 1486 1368 pupulo.
1509 1271 1627 1346 Altera
1652 1274 1711 1348 dis
1735 1298 1872 1351 summo
1896 1301 1998 1354 mune

582 1397 750 1482 oeperunt
766 1389 904 1484 preliari
919 1411 983 1486 per
996 1400 1103 1465 tetam
1119 1393 1308 1487 civitatem,
1328 1404 1456 1468 etcum
1474 1395 1645 1468 vidissent
1662 1397 1759 1492 quod
1777 1422 1846 1474 non
1858 1411 1998 1496 possent

581 1511 759 1603 resistere,
781 1521 882 1586 noete
904 1515 1066 1590 veniente
1086 1527 1120 1590 et
1143 1516 1201 1590 die
1219 1517 1377 1612 sequenti
1392 1517 1554 1590 exierunt
1570 1517 1770 1593 decivitate
1785 1531 1821 1594 et
1839 1521 1997 1596 intrave-

580 1645 662 1706 runt
677 1657 737 1730 per
755 1645 866 1710 castra
881 1647 915 1710 et
932 1639 1007 1712 locu
1021 1647 1056 1712 et
1072 1641 1174 1714 villas
1190 1640 1366 1714 districtus
1377 1641 1560 1714 Placentia.
1580 1643 1704 1718 Postea
1718 1645 1883 1720 conscilio
1902 1667 1995 1720 com·

580 1759 768 1852 municato,
781 1742 975 1834 statuerunt
991 1758 1117 1836 milites
1128 1773 1168 1837 ut
1182 1786 1304 1836 omnes
1317 1765 1443 1837 intrent
1455 1763 1545 1838 inter
1558 1765 1682 1838 Villam
1696 1777 1730 1841 et
1741 1765 1872 1840 Canum
1888 1779 1923 1842 et
1933 1791 1995 1864 per

579 1883 657 1955 illas
672 1891 798 1978 partes,
818 1893 932 1978 preter
948 1885 1024 1957 illos
1040 1905 1129 1980 quos
1141 1897 1333 1982 posuerunt
1345 1889 1383 1958 iu
1400 1889 1559 1962 custodia
1576 1888 1613 1959 in
1631 1891 1832 1962 ltoncuirolo
1847 1891 1910 1962 XX
1925 1891 1992 1962 mi-

578 2004 668 2095 lites,
683 2005 916 2079 custodientes
929 2028 993 2102 per
1006 2008 1084 2082 illas
1096 2018 1212 2104 partes
1226 2009 1275 2083 ita
1290 2011 1386 2105 quod
1401 2011 1517 2084 nullus
1532 2017 1667 2105 poterat
1679 2011 1804 2084 intrare
1820 2013 1992 2087 civitatem

577 2149 643 2202 neo
661 2128 796 2224 aliquid
818 2130 952 2204 trahere
973 2155 1037 2206 nec
1059 2143 1210 2228 perure,
1234 2145 1269 2207 et
1286 2134 1499 2228 quicumque
1516 2131 1674 2228 peditum
1694 2143 1909 2210 transeuntes
1927 2135 1989 2234 (a),

575 2253 778 2347 equitabant
794 2275 905 2348 usque
921 2255 968 2328 ad
983 2265 1136 2350 pontem.
1154 2258 1193 2326 ln
1205 2256 1401 2350 Rivalgario
1413 2255 1478 2328 XX
1491 2257 1632 2349 milites,
1646 2257 1682 2329 in
1697 2257 1839 2332 Aroellis
1849 2261 1915 2332 XX
1926 2260 1990 2332 mi·

575 2375 653 2449 lites
674 2378 736 2472 qui
757 2397 878 2448 omnes
901 2377 996 2448 omni
1015 2377 1074 2453 die
1090 2379 1293 2474 equitabant
1311 2401 1423 2475 usque
1442 2379 1489 2453 ud
1510 2383 1706 2474 civitatem,
1727 2393 1762 2456 et
1779 2385 1810 2456 si
1830 2385 1991 2458 inuenie-

572 2501 658 2572 bant
679 2501 830 2594 aliquem
848 2509 1040 2596 portantem
1057 2502 1190 2597 aliquid
1208 2503 1244 2574 in
1263 2503 1458 2592 civitatem,
1478 2503 1728 2602 abstulebant(
1752 2507 1788 2603 ‘)
1810 2507 1862 2580 eis
1882 2507 1990 2582 boves

572 2633 608 2696 et
629 2631 738 2696 totum
762 2623 859 2717 quod
881 2625 1081 2720 portabant,
1109 2635 1144 2698 et
1168 2625 1271 2698 etiam
1299 2647 1425 2698 manus
1445 2636 1481 2698 et
1501 2625 1610 2722 pedes
1632 2629 1684 2701 eis
1710 2629 1924 2704 incidebant.
1949 2633 1990 2704 lit

572 2746 619 2819 ita
636 2755 804 2819 steterunt
816 2767 930 2842 usque
945 2747 992 2821 ad
1007 2757 1165 2821 octauam
1182 2748 1296 2821 Sancti
1309 2747 1504 2820 Michaelis.
1525 2747 1756 2841 Percipientes
1779 2757 1894 2820 autem
1920 2773 1990 2844 po-

571 2871 710 2965 pulares
735 2891 852 2943 carere
873 2870 1064 2960 victualiis,
1083 2871 1245 2944 conscilio
1268 2869 1386 2943 habito
1407 2878 1602 2942 statuerunt
1620 2868 1718 2942 exire
1738 2868 1914 2944 ciuitatem
1936 2869 1991 2944 di·

571 3003 716 3067 centes:
740 3020 758 3065 u
780 2994 904 3070 Melius
924 3003 977 3068 est
1000 2995 1086 3068 mori
1101 2996 1138 3067 in
1158 2997 1250 3069 bello
1262 3017 1369 3090 quam
1382 2994 1504 3068 videre
1521 2993 1769 3069 desolationem
1791 3003 1990 3070 nostramet

571 3119 665 3191 lame
686 3119 849 3215 perire.»
870 3119 913 3191 Et
932 3127 1100 3193 exeuntes
1123 3119 1168 3192 de
1190 3119 1330 3192 civitate
1347 3119 1488 3192 iverunt
1505 3117 1552 3191 ad
1570 3119 1689 3191 villam
1712 3117 1829 3190 Sancti
1853 3117 1989 3212 Georgii

572 3251 607 3315 et
621 3243 715 3314 illam
732 3243 1012 3336 combusserunt,
1028 3243 1184 3316 similiter
1198 3241 1317 3317 villam
1330 3242 1507 3338 Cmpeneti
1523 3251 1558 3315 et
1575 3241 1775 3314 Castrucani
1795 3250 1830 3314 et
1846 3239 1989 3336 Iuda(t)

572 3373 608 3438 et
626 3365 715 3439 Carii
736 3367 1011 3439 combusserunt.
1034 3365 1077 3438 Et
1092 3365 1177 3439 dum
1196 3366 1262 3438 heo
1282 3375 1479 3461 agerentur,
1502 3366 1631 3438 milites
1652 3385 1774 3438 omnes
1795 3366 1990 3460 congregati

573 3511 653 3562 cum
677 3491 771 3564 omni
796 3492 954 3564 exercitu
977 3511 1097 3563 eorum
1120 3487 1278 3584 peditum
1303 3499 1338 3564 et
1361 3491 1616 3584 sagittariorum
1644 3513 1707 3587 per
1729 3499 1841 3586 partes
1864 3491 1988 3562 Come·

572 3613 655 3688 liani
684 3623 719 3688 et
744 3614 872 3687 llocchi
890 3623 925 3687 et
946 3613 1149 3706 Vicojustini
1173 3621 1209 3685 et
1235 3614 1271 3685 in
1297 3613 1366 3686 illis
1388 3613 1545 3710 partibus
1569 3615 1645 3688 locu
1671 3623 1704 3686 et
1727 3615 1830 3688 villas
1853 3615 1988 3686 illarum

571 3739 719 3834 partium
753 3739 984 3834 inquantum
1014 3747 1172 3836 poterant
1201 3737 1445 3812 defendebant.
1476 3737 1664 3834 Populares
1689 3760 1773 3812 vero
1799 3737 1846 3810 ad
1876 3749 1989 3830 partes

571 3861 772 3934 Trabaciani
791 3861 856 3935 iter
875 3883 995 3936 eorum
1016 3861 1221 3933 direxerunt
1238 3869 1273 3933 et
1293 3861 1408 3934 locum
1428 3857 1527 3931 illum
1552 3861 1817 3933 combusserunt
1836 3865 1871 3930 et
1894 3856 1987 3931 obsi·

574 3982 699 4058 derunt
717 3994 800 4057 tuuc
818 3993 982 4077 castrum,
1001 3986 1036 4056 in
1056 4007 1128 4080 quo
1149 3993 1247 4061 eraut
1270 3985 1361 4056 circa
1377 3983 1503 4076 uiginti
1526 3983 1652 4054 milites
1677 4005 1755 4054 cnm
1777 3979 1988 4076 quibusdam

573 4107 651 4179 aliis
672 4107 717 4180 de
738 4107 918 4198 societate,
940 4113 975 4180 et
995 4107 1271 4200 Montejaoonum
1290 4117 1325 4181 et
1340 4105 1550 4200 Perdugiam
1574 4114 1879 4202 expugnaverunt.
1899 4103 1986 4198 Gog-

573 4239 754 4304 noscentes
778 4253 862 4305 vero
881 4231 1008 4303 milites
1028 4239 1064 4304 et
1079 4231 1127 4327 (b)
1145 4233 1330 4327 populares
1353 4231 1457 4324 longo
1480 4239 1647 4302 terrarum
1671 4227 1782 4324 spatio
1803 4250 1825 4299 a
1851 4226 1989 4300 civitate

489 4423 491 4428 .
573 4357 771 4448 recessisse,
792 4376 913 4429 omnes
928 4355 1050 4428 armati
1065 4367 1101 4429 et
1121 4357 1277 4429 asolerati
1296 4376 1376 4428 cum
1397 4353 1493 4428 omni
1516 4352 1617 4426 turba
1638 4352 1804 4444 militum,
1830 4347 1989 4446 peditum

573 4487 608 4552 et
633 4478 888 4573 sagittariorum
911 4479 1127 4553 'velocissime
1150 4480 1196 4554 ad
1221 4479 1395 4553 civitatem
1416 4477 1520 4552 celeri
1544 4475 1658 4572 gradu
1680 4483 1855 4550 currentes
1872 4472 1988 4586 januis

616 4651 658 4732 (a)
680 4653 726 4716 nn
740 4655 884 4732 maman
897 4655 998 4716 esso
1011 4621 1159 4720 vinem.

613 4757 655 4839 (b)
678 4760 723 4822 lbi
736 4763 906 4840 conjunctio
919 4777 1040 4840 prorsus
1052 4761 1204 4824 abundat..
