4594 6066
811 624 852 686 ΙΝ
877 623 1017 686 titula
1040 621 1191 685 cusuts.
1650 621 1712 684 215

288 781 408 836 comes
421 760 590 836 Ricardus
606 759 643 833 in
659 761 844 858 [lomagna.
854 769 889 835 et
905 760 1001 834 Valle
1011 759 1139 854 Spoleti
1157 757 1349 856 optinebat.
1362 761 1401 832 ln
1414 761 1574 858 proximo
1589 785 1711 838 mense

284 885 458 980 J'annarii,
478 885 589 960 bestia
608 907 679 981 que
697 885 886 960 vocabatur
903 885 1069 980 elephans
1091 883 1127 955 in
1152 883 1318 958 Cremona
1337 886 1423 958 obiit
1439 907 1486 960 ex
1503 888 1711 965 habundan-

290 1009 600 1098 illustratoribus,
617 1011 718 1104 cnjus
731 1029 857 1106 corpus
874 1009 1048 1106 sepilitom
1067 1007 1132 1079 luit
1147 1016 1186 1079 ut
1204 1029 1282 1081 ossa
1302 1008 1348 1082 ad
1366 1011 1527 1084 ellectum
1541 1015 1646 1087 avolii
1659 1013 1711 1111 (l)

291 1133 526 1230 pervenirent.
547 1136 698 1209 intrante
715 1154 799 1208 vero
817 1154 935 1206 mense
958 1131 1142 1220 februarii,
1165 1153 1230 1206 rex
1249 1131 1377 1208 Encius
1400 1155 1481 1208 cnm
1503 1136 1710 1210 Cremonen·

290 1257 390 1332 sibus
413 1281 477 1356 per
491 1259 647 1334 medium
669 1259 831 1354 Bugnum
849 1279 955 1354 supra
976 1257 1110 1332 Padum
1133 1266 1274 1354 pontem
1301 1259 1414 1332 lacere
1437 1259 1585 1356 incepit,
1611 1264 1712 1336 clan-

291 1381 409 1458 dendo
434 1382 585 1480 desuper
605 1404 714 1458 naves
730 1383 871 1457 Mantus
892 1392 926 1455 et
943 1381 1096 1455 Ferrario
1116 1403 1187 1476 qne
1204 1391 1393 1456 mercatum
1411 1381 1582 1458 Collornio
1610 1385 1711 1461 dele-

289 1505 428 1592 rebant;
450 1508 496 1582 ad
521 1528 628 1604 quem
653 1515 794 1603 pontem
821 1505 1019 1580 laciendum
1037 1506 1220 1602 imperator
1246 1507 1452 1580 ballistarioe
1468 1518 1504 1582 et
1523 1511 1557 1584 Μ
1577 1511 1711 1605 pedites

290 1631 458 1706 cremone
482 1653 531 1706 ex
559 1631 629 1706 illie
651 1653 740 1728 quoe
763 1631 915 1706 babebat
939 1633 975 1702 in
999 1631 1149 1706 Victoria
1179 1629 1377 1706 destinavit.
1407 1634 1471 1706 Die
1498 1635 1617 1708 martis
1647 1636 1710 1710 llll

288 1763 441 1830 exeunte
460 1755 647 1848 februario,
663 1754 749 1832 dum
775 1755 960 1850 imperator
977 1775 1114 1828 summo
1134 1775 1236 1828 mane
1254 1777 1335 1828 oum
1349 1757 1527 1850 aliquibus
1542 1759 1710 1834 militibus

289 1879 363 1952 suis
381 1877 551 1954 devemus
572 1879 722 1952 fluvium
744 1878 836 1951 Tarii
861 1887 1027 1952 venatum
1045 1879 1233 1972 equitasset
1250 1899 1331 1951 cum
1350 1879 1456 1952 nichil
1473 1873 1613 1954 adversi
1630 1905 1710 1958 sus-

288 2001 474 2098 picaretur,
495 2004 664 2078 securitas
679 2025 749 2099 qne
764 2025 901 2100 semper
928 2003 1212 2078 detrimentorum
1230 2013 1339 2078 mater
1363 2013 1414 2078 est
1435 2027 1504 2078 non
1533 2007 1710 2082 modicum

289 2123 483 2223 dampnum
499 2127 531 2200 ei
547 2127 692 2224 peperit.
704 2127 795 2200 Hora
809 2126 932 2201 eadem
947 2127 1100 2222 denique
1118 2127 1233 2201 subito
1247 2129 1456 2223 equitatores
1473 2130 1659 2205 Mediolani
1675 2143 1711 2207 et

288 2249 463 2322 Placentia
487 2250 672 2344 quierant
696 2253 732 2323 in
754 2253 878 2326 Parma
899 2249 946 2326 ad
973 2261 1113 2324 stratam
1132 2251 1178 2324 de
1204 2251 1348 2346 Colligio
1374 2263 1589 2328 cucurerant.
1607 2256 1710 2343 Quod

287 2372 433 2468 quidem
452 2375 577 2450 videns
600 2375 754 2449 marchio
769 2376 895 2450 Lancia
911 2397 990 2448 cum
1007 2377 1080 2449 suls
1098 2377 1266 2448 militibus
1283 2377 1377 2472 ipsos
1392 2380 1600 2472 equitatores
1618 2381 1710 2454 inse·

287 2505 389 2572 cutus
400 2519 449 2574 ex
463 2499 549 2596 ipeis
559 2499 623 2573 Xll
635 2500 738 2595 cepit.
747 2500 832 2574 Cum
845 2509 963 2574 autem
978 2501 1204 2574 intellexisset
1217 2502 1258 2572 G.
1274 2501 1318 2572 de
1328 2501 1550 2596 Montelongo
1560 2505 1708 2597 legatus,

288 2643 370 2696 oum
394 2623 564 2696 militibus
580 2623 644 2718 qui
661 2633 760 2698 erant
776 2623 813 2696 in
831 2623 954 2697 Parma
971 2624 1008 2696 in
1026 2625 1144 2716 glarea
1157 2625 1278 2696 Parme
1300 2624 1424 2698 exivit.
1443 2625 1576 2700 lnterea
1600 2627 1712 2722 impe-

287 2756 379 2820 rator
394 2748 580 2821 Victoriam
602 2747 760 2822 amessia.
780 2749 938 2822 Preterea
955 2750 1137 2844 populares
1153 2750 1274 2822 Parme
1290 2757 1325 2821 et
1341 2747 1397 2820 DC
1415 2747 1550 2843 pedites
1571 2751 1712 2824 Mantus

287 2879 420 2946 armata
436 2893 542 2946 manu
559 2873 713 2969 cupienti
735 2873 852 2947 animo
869 2871 915 2947 de
933 2871 1068 2946 civitate
1092 2883 1261 2946 exeuntes
1288 2893 1409 2946 versus
1436 2872 1623 2950 Victoriam
1649 2895 1712 2970 per

286 3004 428 3070 suatum
453 2995 498 3070 de
518 2997 645 3070 Sancto
664 2997 857 3071 Brancaxio
880 2997 1001 3070 venire
1025 3005 1218 3092 ceperunt:
1240 3017 1309 3069 non
1333 2996 1428 3068 enim
1448 2994 1600 3070 distabat
1622 2997 1711 3068 inter

286 3119 463 3206 civitatem
478 3121 602 3196 Parme
621 3131 656 3194 et
675 3121 861 3195 Victoriam
886 3119 975 3194 ultra
1000 3121 1172 3195 milliaria.
1192 3119 1263 3194 Sed
1285 3141 1366 3193 cum
1384 3119 1510 3194 milites
1530 3117 1538 3216 Ι
1559 3120 1709 3216 impera·
1744 3131 1907 3182 Pullum·

285 3241 374 3316 toris
387 3244 448 3338 qni
466 3265 547 3316 cum
561 3243 703 3317 arcariis
716 3253 751 3318 et
776 3242 953 3340 peditibus
978 3243 1014 3315 in
1043 3263 1170 3337 magna
1183 3243 1375 3338 quantitate
1399 3252 1499 3315 extra
1522 3243 1709 3317 Victoriam

285 3365 462 3458 exierant,
483 3367 654 3442 vidissent
675 3367 934 3440 multitudinem
960 3367 1081 3462 populi
1099 3368 1238 3454 Parme,
1265 3367 1302 3438 in
1330 3366 1514 3440 Victoriam
1543 3367 1709 3441 volebant

283 3490 472 3566 declinare.
489 3491 593 3580 Quod
604 3491 749 3588 quidem
764 3487 924 3566 videntes
936 3493 1137 3565 Parmenses
1148 3501 1184 3565 et
1199 3493 1391 3582 Mantuani,
1407 3490 1594 3565 Victoriam
1608 3513 1708 3567 aoce-

284 3614 408 3690 dentes
432 3617 549 3711 ignem
567 3617 735 3710 jactantes
755 3617 792 3687 in
816 3617 928 3712 ipsam
956 3615 1088 3710 spaldis
1114 3615 1291 3710 prostratis
1312 3616 1349 3687 in
1372 3637 1450 3690 eam
1475 3615 1701 3691 intraverunt.

284 3738 370 3810 Cum
399 3747 515 3812 antem
540 3740 726 3834 imperator
744 3739 890 3814 vidisset
917 3739 954 3812 in
979 3739 1130 3812 Victoria
1157 3739 1293 3832 ignem,
1312 3737 1469 3812 ascendit
1488 3758 1619 3832 equum
1644 3741 1705 3836 qui

283 3862 395 3934 Draco
411 3861 605 3952 dicebatur,
622 3861 748 3936 videns
763 3862 950 3936 Victoriam
965 3862 1224 3935 comburentem
1250 3869 1285 3934 ot
1306 3860 1464 3934 resistere
1489 3883 1559 3936 non
1585 3884 1702 3958 posse,

283 3985 426 4060 collecta
447 4008 512 4060 soa
528 3987 657 4060 milicia
680 3996 718 4058 ut
740 3986 850 4080 potuit
870 3985 1073 4058 Cremonam
1097 3984 1307 4081 properavit.
1326 3984 1512 4060 Multitudo
1526 4007 1609 4059 vero
1623 3987 1707 4060 Par·

282 4109 458 4182 mensium
472 4109 660 4185 Victoriam
675 4111 829 4184 intravit.
841 4109 978 4184 Pedites
992 4119 1027 4183 et
1039 4111 1227 4183 Saracenos
1240 4109 1302 4204 qni
1318 4109 1354 4182 in
1365 4109 1515 4182 Victoria
1526 4131 1704 4186 remanse-

282 4241 362 4306 rant
378 4233 549 4330 capiendo
567 4233 694 4308 multoe
714 4255 762 4308 ex
780 4233 863 4328 ipsis
879 4233 1081 4308 oeciderunt
1105 4243 1140 4306 et
1158 4233 1314 4325 jndicem
1341 4232 1512 4324 Tadeum,
1529 4233 1704 4308 canceium

283 4354 452 4430 Cremona
476 4357 574 4454 quod
597 4367 670 4432 erat
697 4358 733 4430 in
760 4357 912 4432 Victoria
932 4358 969 4429 in
991 4355 1165 4430 civitatem
1185 4357 1307 4430 Parme
1327 4355 1585 4429 conduxerunt.
1605 4356 1703 4450 Capti

282 4497 368 4554 vero
384 4481 527 4556 luerunt
546 4481 583 4554 in
604 4479 754 4555 Victoria
771 4501 819 4554 ex
842 4487 945 4577 gente
961 4479 1178 4578 imperatoris
1197 4477 1330 4554 circaC
1352 4479 1477 4552 milites
1491 4487 1526 4552 et
1547 4478 1611 4553 lto
1636 4501 1703 4576 pe-

318 4755 354 4832 (t)
372 4757 446 4818 u’srt
458 4756 485 4816 le
496 4761 555 4818 mot
565 4757 654 4819 italien
665 4755 756 4817 acolio
768 4757 814 4832 qul
825 4753 930 4831 rignifle
942 4755 1041 4816 lenire.
