4594 6066
861 625 903 686 ΙΝ
926 625 1068 686 ΙΤΑΗΑ
1092 624 1245 688 6Ε8Τ18.
1700 621 1762 686 219

342 759 400 830 cui
424 759 543 832 oculos
569 757 615 832 de
640 758 755 854 capite
776 755 850 830 erui
870 757 919 854 (a)
935 758 1016 832 lecit
1040 759 1077 830 in
1099 761 1224 831 Sancto
1246 756 1409 846 Miniato,
1440 756 1501 828 nbi
1529 777 1627 828 suam
1654 755 1762 828 vitam

346 881 474 972 linirit;
488 881 584 977 quod
601 889 752 956 castrum
771 880 1060 980 tanchabuitll).
1077 884 1208 955 Interea
1222 879 1425 954 Frederious
1442 878 1535 951 lilius
1549 880 1763 975 imperatoris

344 1005 513 1078 naturalis
535 1013 686 1080 castrum
706 1005 804 1102 quod
828 1006 1023 1102 appellatur
1042 1006 1208 1102 Capragia
1236 1006 1273 1076 in
1294 1003 1418 1077 Tuscia
1440 1004 1476 1074 in
1494 1024 1565 1096 quo
1591 1004 1691 1076 multi
1716 1026 1764 1078 ex

345 1127 476 1202 Guellis
496 1128 651 1202 bannitis
677 1128 848 1202 Florentia
869 1129 1097 1220 intraverant,
1125 1127 1320 1202 ossedebat.
1339 1128 1417 1213 Quo
1441 1134 1558 1220 capto,
1579 1125 1764 1221 imperator

345 1251 431 1324 alios
443 1273 490 1324 ex
504 1252 591 1347 ipsis
607 1251 717 1348 captis
727 1250 941 1348 suspendere
955 1252 1035 1326 iecit
1050 1261 1084 1325 et
1100 1252 1187 1326 alios
1200 1253 1237 1324 in
1249 1249 1410 1346 Apuliam
1425 1249 1566 1322 direxit.
1579 1249 1712 1324 Deinde
1727 1251 1763 1324 in

345 1382 484 1469 portum
500 1375 588 1446 Pisis
604 1375 642 1446 iu
665 1375 784 1470 galeas
806 1374 946 1447 intravit
962 1382 997 1448 et
1012 1374 1153 1468 navigio
1170 1373 1321 1470 perrexit
1333 1373 1369 1444 in
1383 1393 1541 1466 regnum.

392 1499 440 1570 Μ.
456 1498 520 1572 CC.
540 1497 709 1591 XLVllll,
727 1497 916 1573 indictione
929 1498 1007 1589 llll,
1029 1496 1087 1571 die
1103 1495 1151 1594 (l)
1167 1497 1295 1570 mensis
1309 1495 1435 1582 madii,
1454 1516 1520 1568 rex
1534 1495 1665 1568 Encius
1681 1505 1764 1568 tuuc

345 1630 498 1716 potestas
514 1621 681 1696 Cremone
692 1632 854 1712 vocatus,
872 1621 1086 1716 congregatis
1104 1621 1179 1694 suis
1195 1621 1362 1694 militibus
1379 1619 1596 1693 Theotonicis
1613 1627 1648 1692 et
1664 1620 1764 1692 mili·-

343 1745 440 1816 tibus
451 1745 576 1840 Papia,
592 1745 749 1840 Pergami
764 1767 844 1818 eum
857 1745 1032 1818 communi
1046 1745 1229 1836 Cremone,
1244 1743 1384 1816 intravit
1395 1743 1633 1838 episcopatum
1644 1743 1764 1816 Parme

343 1867 433 1940 inter
448 1867 597 1940 fluvium
614 1869 722 1942 ilenzi
739 1876 774 1942 et
790 1868 938 1942 flurium
954 1869 1093 1962 Parme,
1114 1867 1363 1961 comburitque
1384 1867 1493 1938 multa
1509 1868 1585 1938 loca
1604 1867 1765 1960 stetitque

343 1992 382 2063 iu
405 1991 566 2088 partibus
591 1991 659 2064 illis
686 2013 749 2088 per
768 1991 844 2064 Vlll
866 1991 954 2066 dies.
976 1993 1107 2066 Interea
1128 1991 1339 2064 Octavianus
1362 1998 1397 2063 et
1420 1989 1460 2061 G.
1478 1987 1524 2063 de
1544 1990 1764 2085 Montelongo

342 2137 424 2189 cnm
445 2116 730 2190 ambaxatoribus
751 2116 956 2190 Lombardie
980 2117 1017 2188 in
1038 2115 1212 2190 civitatem
1239 2115 1360 2188 Parme
1383 2113 1635 2210 parlamentum
1658 2115 1762 2188 lacie-

345 2241 442 2314 bant.
462 2241 624 2313 Exeunts
639 2261 758 2313 mense
775 2239 905 2332 madii,
925 2239 1159 2314 Bononienses
1171 2261 1251 2312 cum
1269 2238 1422 2312 bannitis
1434 2238 1567 2312 Mutine
1581 2247 1616 2311 et
1638 2239 1763 2334 aliqui·

343 2361 411 2434 bns
424 2363 595 2436 militibus
608 2364 786 2458 Romagne
799 2363 966 2438 hostiliter
981 2363 1147 2458 albergati
1165 2373 1246 2435 sunt
1261 2361 1357 2458 apud
1370 2361 1556 2434 Castellum
1571 2363 1762 2454 Francum,

341 2486 500 2560 volentes
523 2487 706 2561 devastare
726 2489 949 2562 Mutinenses.
969 2488 1046 2574 Quo
1068 2487 1188 2562 audito
1201 2509 1223 2561 a
1237 2509 1320 2582 rege
1334 2485 1441 2559 Encio
1463 2487 1525 2582 qui
1543 2497 1616 2560 erat
1631 2488 1667 2559 in
1686 2489 1767 2562 Cre-

347 2630 464 2700 mona,
481 2619 624 2706 accepta
635 2612 827 2706 quantitate
840 2612 967 2685 milicie
978 2611 1144 2684 Cremone
1160 2620 1196 2685 et
1210 2611 1284 2683 suis
1299 2609 1478 2704 militibus,
1493 2631 1554 2706 per
1565 2619 1706 2706 pontem
1720 2608 1766 2684 de

344 2733 495 2807 Bersello
508 2733 679 2808 transiens
693 2735 862 2808 Mutinam
882 2735 1063 2832 equitavit.
1083 2737 1124 2806 Et
1146 2734 1204 2807 die
1221 2734 1383 2807 mercurii
1403 2735 1464 2806 vll
1488 2732 1656 2807 kalendas
1673 2734 1764 2828 junii

346 2855 499 2952 proximi
524 2877 603 2928 cum
626 2857 713 2954 ipsis
726 2858 999 2932 Bononiensibus
1016 2859 1078 2954 qui
1094 2857 1299 2932 transierant
1315 2859 1498 2932 Scotenam
1517 2879 1587 2930 non
1604 2859 1724 2954 procul
1742 2879 1764 2932 a

343 2987 454 3074 ponte
480 2977 526 3053 de
549 2981 674 3054 &nom
698 2979 881 3054 Ambrosio
904 2983 1068 3079 preliatus
1092 2981 1174 3074 luit,
1199 2990 1233 3054 et
1256 2981 1362 3056 fracta
1384 2981 1512 3055 milicia
1535 2981 1628 3074 regis
1644 2983 1764 3057 liono-

343 3103 483 3176 nienses
501 3112 667 3199 oeperunt
687 3104 820 3178 dietum
843 3127 960 3198 regem
985 3127 1065 3178 cum
1092 3105 1254 3178 omnibus
1282 3105 1451 3178 militibus
1475 3125 1539 3180 sue
1560 3105 1710 3179 cohortis
1730 3116 1765 3181 et

342 3223 435 3300 circa
446 3225 496 3299 CC
511 3227 638 3302 milites
656 3227 837 3318 Cremone,
857 3229 945 3301 inter
964 3250 1052 3324 quos
1068 3229 1133 3302 luit
1149 3229 1272 3303 Bosius
1289 3229 1334 3302 de
1352 3229 1501 3302 Dovaria
1518 3238 1553 3302 et
1566 3231 1626 3302 XL
1639 3229 1763 3304 milites

344 3348 557 3423 Mutinenses
578 3351 641 3446 qui
667 3351 759 3446 capti
785 3353 924 3425 fuerunt
945 3373 1090 3426 numero
1114 3352 1215 3426 CCCC
1235 3353 1363 3427 milites
1388 3361 1423 3426 et
1445 3351 1532 3426 MCC
1555 3353 1702 3448 pedites.
1724 3355 1763 3426 ln

348 3472 509 3567 proximo
522 3494 642 3547 mense
652 3475 757 3566 J'unii,
776 3473 977 3550 Parmenses
991 3474 1166 3549 intrinseci
1184 3475 1381 3550 habuerunt
1396 3477 1534 3550 castella
1551 3475 1759 3568 Moderane,

345 3596 541 3689 Sererallis,
558 3597 834 3689 ltoncbazonam,
849 3598 1053 3694 Gallsganns
1063 3597 1123 3696 (c),
1133 3599 1342 3694 Vigolonum
1355 3608 1389 3672 et
1404 3599 1472 3673 alia
1487 3599 1562 3672 lora
1577 3601 1762 3673 existentia

347 3717 432 3792 citra
451 3719 582 3794 flumen
595 3720 703 3814 Tarii,
717 3721 874 3796 similiter
884 3722 1080 3797 ossiderunt
1091 3733 1126 3797 et
1140 3731 1307 3821 oeperunt
1322 3723 1525 3798 Beroodum.
1539 3723 1666 3798 Milites
1677 3743 1762 3800 vero

387 3893 429 3974 (a)
450 3895 486 3955 ln
499 3895 601 3958 codice
614 3912 739 3959 arcera

389 3999 431 4081 (t)
451 4001 542 4064 Deest
552 4001 595 4064 lbl
608 4017 762 4066 numerus.

386 4107 424 4186 (a)
450 4109 568 4171 Nomen
580 4109 668 4172 valde
680 4109 813 4172 dublum.

387 4446 425 4520 (l)
438 4439 568 4506 Pandullo
580 4447 761 4520 Collenuccio,
774 4447 841 4506 dans
852 4463 881 4506 sa
890 4448 935 4506 Via
945 4447 1109 4508 deFrtdtrie
1117 4449 1149 4506 ll
1154 4491 1161 4520 ,
1177 4447 1320 4506 racontsle
1330 4449 1491 4522 stratagema
1501 4463 1536 4506 au
1546 4463 1644 4524 moyen
1658 4448 1758 4524 duqusl

344 4558 376 4599 ce
389 4544 482 4617 priuos
496 4560 526 4602 se
542 4545 630 4602 rendit
645 4544 741 4602 maltro
752 4545 788 4602 du
806 4544 919 4603 cblteau
937 4545 970 4602 de
981 4545 1169 4617 San-blmiato;
1182 4545 1251 4601 mais
1268 4543 1287 4600 il
1306 4545 1442 4619 n‘indique
1452 4559 1504 4618 pas
1516 4545 1543 4601 la
1557 4560 1652 4603 source
1663 4547 1698 4602 orl
1709 4545 1758 4606 ila

346 4639 424 4712 putet
446 4646 517 4700 oette
532 4641 670 4700 anecdota.
684 4642 776 4700 Pierre
785 4641 819 4700 de
832 4643 858 4700 la
868 4643 962 4717 vigne,
977 4641 1105 4700 enchalnt
1115 4641 1283 4714 reellement,
1298 4657 1329 4700 se
1341 4642 1459 4700 bouvait
1469 4658 1504 4700 au
1516 4642 1629 4701 nombre
1639 4641 1758 4718 despre-

348 4735 451 4796 tendus
461 4739 627 4812 prisonniers
638 4740 701 4814 qui,
719 4739 832 4814 charges
848 4739 883 4798 de
894 4741 962 4798 lions
973 4739 1095 4813 ammes,
1109 4737 1411 4799 s'introdnisirentdaus
1421 4739 1448 4798 le
1459 4737 1582 4800 cbtteau.
