4594 6066
609 605 667 668 lbt)
1079 615 1320 684 conculcor
1343 623 1395 684 DE
1418 623 1547 686 REBUS

604 751 682 814 rent
706 745 934 839 pretermissis
955 751 1224 827 amonitionibus
1242 758 1417 852 plurimis,
1442 759 1630 854 postularit
1651 781 1671 832 a
1689 763 1879 836 rectoribus
1907 767 2017 838 socie·

606 866 684 938 tatis
698 868 969 944 lombardorum
995 873 1141 948 militnm
1167 879 1374 954 subsidium.
1400 882 1467 967 Qui
1485 883 1610 956 milites
1636 885 1806 976 usquein
1827 887 2020 979 quantitate

605 989 681 1062 CCC
711 993 884 1087 apparati,
916 995 1043 1070 habitis
1082 1003 1321 1097 sumptibnsa
1352 1005 1559 1080 comunibus
1592 1006 1771 1080 civitatum
1805 1031 1945 1102 eornm,
1971 1011 2019 1084 ad

605 1112 739 1186 domini
766 1137 857 1212 pape
885 1119 1015 1192 curiam
1044 1139 1272 1217 perrexerunt
1295 1127 1360 1223 (a).
1389 1128 1490 1204 Unde
1512 1129 1675 1204 dominus
1692 1153 1783 1228 papa
1801 1135 2019 1228 congregatis

605 1238 773 1312 militibus
800 1241 1024 1334 lombardie,
1054 1246 1214 1342 Francis,
1243 1251 1436 1346 llyspauie,
1460 1253 1676 1350 aliarumque
1700 1256 1868 1350 partium,
1899 1258 2020 1352 eisque

605 1359 761 1436 instituto
779 1387 841 1459 pro
866 1368 1047 1462 capitaneo
1063 1373 1220 1448 Iohanne
1240 1374 1286 1448 de
1304 1375 1504 1472 Collompna
1519 1376 1696 1452 cardinale
1712 1389 1751 1452 ut
1772 1380 1824 1452 eis
1845 1391 2014 1476 praesset,

603 1485 639 1556 in
666 1495 773 1560 terras
795 1487 921 1585 Apulia
944 1493 1180 1586 intraverunt,
1195 1497 1353 1572 civitates
1368 1499 1416 1596 (b)
1438 1509 1474 1573 et
1498 1501 1572 1574 lona
1596 1500 1755 1596 nudique
1782 1501 2013 1578 devastantes.

603 1609 791 1706 Imperator
818 1623 935 1688 autam
966 1617 1002 1688 in
1035 1619 1192 1713 partibus
1223 1625 1460 1698 transmarinis
1485 1645 1565 1698 cnm
1593 1625 1744 1699 Soldnno
1774 1636 1912 1720 pactum
1938 1629 2018 1702 tecit

602 1736 840 1830 recuperando
866 1741 992 1813 multos
1017 1743 1173 1837 captivos
1201 1746 1262 1840 qui
1293 1747 1428 1822 dudum
1455 1749 1491 1820 in
1521 1749 1720 1842 captivitate
1744 1757 1919 1824 steterant.
1949 1753 2017 1838 Qui

603 1857 751 1932 audiens
781 1882 823 1936 ea
844 1885 913 1956 qne
943 1885 1006 1958 per
1034 1887 1116 1940 suas
1142 1877 1250 1942 terras
1278 1879 1314 1942 et
1337 1871 1412 1944 loos
1438 1871 1660 1966 gerebantur,
1681 1872 1728 1946 ad
1753 1883 1870 1969 partes
1892 1875 2018 1971 Apulia

604 1985 844 2077 transmearit3
871 1987 996 2060 militas
1021 2009 1105 2062 vero
1125 1989 1279 2064 Ecclesia
1302 1994 1416 2066 statim
1440 1991 1488 2066 ad
1510 1995 1647 2089 propria
1672 1995 1864 2070 redierunt.
1884 1999 2019 2074 Deinde

602 2105 788 2200 imperator
813 2107 861 2181 ad
883 2110 1071 2184 Romanam
1099 2113 1220 2186 urbem
1239 2116 1396 2190 accessit.
1416 2117 1484 2203 Qui
1502 2139 1627 2212 parens
1644 2119 1773 2196 manda
1794 2118 1801 2213 Ι
1823 2122 1867 2194 tis
1880 2120 1923 2218 (o)
1948 2123 2018 2196 Ec-

601 2231 706 2307 elesie
734 2232 780 2307 de
803 2236 1161 2310 excommunicatione
1193 2239 1259 2310 tuit
1284 2241 1482 2331 absolutus,
1512 2239 1630 2314 dando
1659 2241 1735 2335 ipsa
1755 2240 1899 2314 domiuo
1929 2263 2018 2336 pape

601 2367 740 2453 propter
761 2359 897 2432 laboras
923 2369 958 2433 at
985 2381 1157 2456 expensas
1178 2362 1333 2436 Ecclesia
1357 2363 1484 2436 XXXll
1512 2365 1620 2438 millia
1647 2363 1811 2438 librarum
1835 2364 2019 2458 privinisi-

600 2506 724 2558 norum
743 2483 809 2580 (t).
1203 2493 1206 2500 '

651 2611 698 2682 Μ.
713 2608 776 2680 CC.
793 2609 922 2696 XXXI,
949 2607 1138 2682 indictione
1160 2609 1232 2699 llll,
1253 2609 1298 2682 de
1320 2628 1440 2684 meuse
1457 2609 1664 2702 decembris,
1686 2611 1873 2706 imperator
1887 2610 2019 2686 Frede-

602 2733 694 2806 ricns
721 2752 802 2807 cum
824 2731 972 2802 militnm
1000 2731 1162 2804 comitiva
1187 2731 1365 2806 Baranam
1387 2732 1557 2808 accedam
1587 2733 1636 2806 ibi
1664 2733 1840 2829 ysmavit,
1866 2733 2019 2830 parendo

603 2857 778 2931 mandatis
791 2857 868 2949 ejus
884 2856 1045 2929 Ezolinus
1063 2856 1109 2930 de
1123 2857 1276 2929 Romano
1291 2879 1371 2930 cnm
1387 2865 1486 2953 parte
1501 2857 1686 2932 intrinseca
1702 2857 1854 2948 Verona;
1881 2859 2019 2953 posuit-

602 3005 673 3081 que
691 2984 728 3055 in
746 2982 881 3056 Verona
905 2981 941 3052 in
962 2980 1155 3055 custodiam
1174 2982 1333 3054 comitem
1351 2981 1397 3055 de
1421 2982 1525 3054 Tiroli
1543 2978 1596 3080 (d)
1610 3003 1690 3056 cnm
1713 2979 1764 3054 CC
1779 2981 1958 3073 militibus,
1983 2993 2021 3056 et

602 3108 817 3182 Veronenses
849 3113 1058 3199 acceperunt
1092 3104 1128 3175 in
1163 3114 1363 3200 potestatem
1392 3104 1436 3178 de
1472 3105 1638 3179 mandato
1669 3105 1885 3201 imperatoris
1918 3104 2020 3178 Guil-

604 3232 745 3304 lelmnm
762 3229 808 3303 de
823 3229 940 3302 Persio
956 3227 1069 3302 civem
1091 3227 1133 3322 (e)
1150 3229 1329 3302 Cremona.
1354 3229 1541 3324 Imperator
1560 3239 1676 3302 autem
1696 3229 1790 3300 misit
1808 3249 1870 3323 per
1890 3229 2021 3302 litteras

602 3365 639 3428 et
655 3355 802 3428 nuncios
824 3351 1022 3427 civitatibus
1044 3351 1216 3424 societatis
1232 3351 1503 3426 lombardorum
1521 3363 1561 3426 ut
1579 3375 1695 3426 coram
1712 3373 1755 3426 eo
1779 3351 2021 3426 ambaxatores

603 3479 815 3553 destinarent
837 3486 877 3549 ut
898 3497 978 3548 cnm
1005 3475 1057 3546 eis
1080 3473 1125 3547 de
1149 3475 1241 3548 bono
1268 3475 1401 3570 imperii
1428 3485 1463 3548 et
1488 3474 1761 3550 lombardorum
1782 3483 2016 3570 pamactaret.

602 3601 788 3677 Lombardi
808 3621 892 3673 vero
915 3608 1122 3694 spreverunt
1144 3597 1346 3672 mandatnm
1372 3599 1461 3692 ejus.
1485 3599 1583 3672 Unde
1612 3600 1795 3693 imperator
1819 3597 1877 3672 die
1902 3598 2019 3672 domi-

604 3729 682 3802 nico
701 3729 760 3800 Vll
775 3726 904 3799 mensis
919 3723 1052 3816 marcii,
1067 3723 1156 3796 iuter
1172 3745 1298 3796 nonam
1314 3733 1349 3798 et
1368 3745 1545 3822 vesperas,
1563 3723 1608 3798 de
1625 3724 1766 3796 civitate
1784 3723 1923 3797 Ravana
1938 3745 2019 3796 cnm

646 3917 689 3998 (a)
710 3918 747 3978 ln
759 3914 860 3976 oodtm
868 3919 1060 3993 poscerant

646 4022 688 4104 (d)
710 4024 746 4084 ln
759 4021 859 4084 codice
868 4021 1024 4082 ιιίιίιιιιιιιι.

647 4131 684 4212 (a)
711 4131 748 4191 ln
760 4129 861 4191 codice
872 4128 992 4188 moro.

646 4237 689 4319 (d)
711 4239 747 4299 ln
759 4236 859 4298 codiee
872 4231 908 4294 de
924 4229 1030 4295 Tr'ruli.

646 4345 684 4424 (a)
711 4345 747 4406 ln
760 4343 861 4405 codice
878 4341 944 4404 cive

640 4665 677 4738 (t)
696 4663 717 4722 11
737 4668 846 4738 astpsu
858 4659 989 4736 probabis
1011 4655 1077 4732 qu'il
1096 4655 1189 4732 puisse
1211 4654 1292 4729 s’agir
1308 4653 1343 4712 ici
1363 4655 1397 4714 de
1411 4653 1539 4712 mancis
1552 4651 1724 4712 orooro.
1740 4649 2022 4726 Nouspsmonsqu‘ir

600 4763 662 4822 faut
674 4763 723 4820 tire
734 4763 936 4832 Perusinorum,
948 4757 1075 4816 maauaie
1088 4754 1120 4814 de
1132 4755 1255 4813 Pdroars.
