4594 6066
622 635 680 696 too
1090 641 1332 703 cunontcou
1356 641 1408 702 ott
1432 641 1559 706 REBUS

618 783 653 844 et
675 769 726 868 (a)
749 773 930 869 preceptis.
959 775 1116 850 Ceterum
1141 777 1229 850 scire
1259 797 1322 849 vos
1348 779 1509 851 volumus
1534 777 1631 874 qnod
1652 801 1674 852 a
1695 781 1870 876 proposito
1898 785 2030 880 premi·

617 897 714 972 tandi
730 898 841 970 rirum
861 898 1011 973 nobilem
1029 900 1248 974 Gabcardum
1264 899 1423 974 comitem
1437 900 1483 976 dc
1496 903 1697 976 Hameisten
1717 902 1766 1002 (b)
1786 925 1867 978 cum
1882 907 2029 979 militum

619 1023 780 1095 comitiva
805 1023 967 1096 dominus
988 1025 1174 1120 imperator
1195 1022 1340 1112 destitit,
1361 1045 1442 1096 cnm
1467 1024 1513 1099 ad
1539 1026 1653 1122 ipsum
1678 1031 1919 1123 pervenimus,
1945 1031 2029 1124 quia

618 1155 773 1244 tempore
797 1155 929 1242 partem
954 1145 1000 1245 (c)
1019 1155 1071 1220 est
1099 1155 1280 1220 venturus.
1308 1146 1551 1220 Verumtamen
1582 1149 1698 1245 ipsum
1725 1171 1806 1222 cum
1832 1151 2030 1226 testinancia

619 1270 784 1366 premittit
801 1271 837 1343 in
853 1271 1031 1366 Tusciam,
1051 1273 1087 1343 in
1103 1269 1309 1346 lumbardia
1329 1271 1396 1344 sibi
1412 1293 1492 1345 cum
1513 1273 1622 1346 multa
1643 1273 1770 1348 milicia
1788 1295 2026 1348 occursurum.

618 1377 834 1490 Presumptio
851 1395 995 1492 quidem
1020 1405 1125 1470 estet
1147 1395 1247 1490 signa
1270 1417 1396 1490 magua
1419 1395 1610 1492 procedunt
1629 1397 1726 1493 quod
1751 1395 1846 1472 idem
1869 1397 2031 1473 dominus

621 1519 807 1616 imperator
825 1541 890 1593 nee
910 1529 1019 1594 estate
1041 1541 1104 1593 nec
1125 1541 1226 1616 yeme
1242 1518 1404 1616 disponet
1424 1519 1619 1614 relinquere
1639 1521 1898 1611 bombardiam,
1919 1521 2031 1596 donec

620 1643 667 1718 ad
685 1644 740 1716 sui
756 1653 790 1716 et
812 1643 946 1739 imperii
962 1644 1128 1718 honorem
1142 1644 1343 1717 inchoatum
1363 1645 1545 1738 negocium
1564 1653 1679 1740 optato
1697 1633 1879 1742 proferat(
1932 1665 2029 1717 com-

620 1767 811 1862 plemento,
835 1789 945 1861 quum
964 1765 1011 1864 (c)
1028 1788 1089 1862 pro
1112 1777 1204 1840 certo
1228 1765 1380 1840 creditur
1401 1765 1498 1860 quud
1522 1767 1773 1862 imperatricem
1791 1765 1847 1866 (s)
1865 1768 2031 1842 illustrem

620 1901 812 1966 consortem
828 1912 926 1963 suam
947 1891 1019 1964 illic
1034 1890 1153 1964 venire
1175 1889 1276 1962 saciet
1294 1887 1344 1986 (p)
1360 1897 1395 1962 et
1409 1889 1539 1963 tenebit
1553 1889 1696 1962 ibidem.
1714 1915 1732 1958 s

669 2015 707 2086 ln
725 2035 842 2087 mense
855 2015 1015 2108 proximo
1030 2014 1124 2106 julii,
1145 2013 1290 2109 predicti
1311 2013 1504 2088 cardinales
1519 2022 1604 2108 aput
1621 2013 1859 2088 Florentiolam
1881 2023 2031 2088 castmm

619 2138 892 2212 Placentinorum
908 2147 1140 2220 accesserunt,
1154 2147 1189 2210 et
1201 2145 1351 2211 rectores
1366 2137 1538 2210 societatis
1550 2135 1822 2209 lumbardorum
1838 2137 1920 2210 illuc
1933 2140 2032 2232 eqni·

619 2270 791 2334 taverunt.
819 2262 1025 2356 inceperunt
1048 2268 1162 2332 autem
1186 2259 1378 2334 cardinales
1401 2267 1546 2332 tractare
1563 2279 1684 2354 paoem
1713 2259 1802 2332 inter
1822 2258 2033 2332 lombardos

619 2394 654 2457 et
671 2385 817 2458 nuncios
834 2384 1049 2481 imperatoris
1072 2384 1132 2456 tali
1151 2382 1282 2456 modo:
1301 2383 1432 2455 scilicet
1449 2381 1546 2476 quod
1567 2383 1751 2478 imperator
1766 2382 1878 2478 primo
1898 2381 2036 2478 petebat

621 2504 820 2580 fidelitatem
838 2508 906 2579 sibi
925 2529 947 2580 a
964 2505 1165 2579 lombardis
1183 2505 1328 2600 prestari
1343 2515 1378 2578 et
1393 2505 1592 2578 societatem
1608 2526 1714 2599 quam
1733 2505 1837 2577 simul
1850 2504 2034 2578 lombardi

444 2663 473 2696 ο.
517 2660 586 2696 em.
620 2628 795 2703 habebant
819 2631 998 2704 absolvere
1019 2629 1026 2727 Ι
1047 2639 1082 2703 et
1104 2632 1260 2702 relaxare
1284 2628 1330 2702 ab
1354 2629 1450 2701 omni
1473 2628 1615 2702 vinculo
1636 2628 1822 2722 juramenti
1847 2637 1882 2702 ct
1908 2629 2037 2702 deiude

622 2775 691 2828 non
708 2753 836 2825 babere
852 2776 916 2827 nec
933 2755 1036 2827 simul
1053 2753 1254 2828 contrahere
1270 2753 1468 2826 societatem
1487 2761 1523 2824 ct
1539 2750 1623 2826 dare
1638 2753 1672 2824 ei
1690 2752 1816 2826 milites
1832 2753 1922 2826 ultra
1941 2775 2038 2826 mare

623 2887 656 2950 et
672 2875 844 2950 dimittere
857 2888 892 2951 et
908 2879 1066 2950 relaxare
1084 2877 1116 2950 ei
1132 2897 1253 2950 omues
1275 2875 1423 2949 rationes
1441 2883 1477 2948 et
1491 2875 1572 2967 jura
1588 2875 1736 2971 imperii.
1758 2875 1921 2949 Similiter
1940 2876 2037 2971 quod

623 3001 825 3074 Guillelmus
848 3001 893 3074 de
913 3001 1041 3074 Audito
1063 3009 1098 3073 ot
1119 2999 1181 3072 liiii
1202 3008 1237 3072 et
1260 2999 1319 3072 alii
1345 2999 1482 3094 expulsi
1505 2998 1550 3072 de
1572 2999 1713 3072 ciuitate
1729 2999 1901 3072 Placentia
1923 2999 2038 3074 debe-
2100 3019 2105 3025 ·

622 3134 698 3197 rent
718 3125 832 3198 redire
855 3124 901 3198 ad
921 3123 1059 3220 propria
1080 3123 1293 3196 restituendo
1313 3123 1363 3194 eis
1387 3121 1503 3196 omnia
1526 3121 1678 3218 dampna
1699 3122 1805 3195 illata.
1835 3123 1927 3195 Dum
1953 3145 2038 3197 vero

588 3245 590 3248 ’
622 3249 688 3322 hec
710 3256 951 3337 tractarentur,
971 3247 1164 3343 Raynerius
1183 3247 1296 3318 Zenus
1315 3243 1361 3318 de
1378 3245 1522 3318 Venetia
1543 3255 1693 3340 potestas
1717 3245 1896 3319 Placencie
1916 3267 2038 3342 super·

622 3373 718 3444 veuit
734 3371 796 3468 qui
812 3370 967 3467 predicta
983 3369 1098 3443 omnia
1114 3369 1348 3457 conturbavit,
1367 3368 1547 3442 occasione
1562 3366 1614 3465 (lt)
1631 3367 1732 3442 ducis
1749 3369 1902 3443 Venscie
1920 3370 1982 3466 qui
2002 3371 2037 3443 ei

623 3495 849 3570 mandaverat
872 3515 917 3568 ne
942 3495 979 3566 in
1007 3493 1124 3589 aliquo
1152 3493 1358 3566 consentiret
1385 3491 1569 3565 concordie
1590 3491 1749 3566 faciende
1773 3491 1863 3566 inter
1889 3493 2038 3589 impera-

624 3629 732 3693 torem
748 3627 782 3692 et
798 3617 1010 3692 lombardos
1032 3616 1098 3690 nisi
1118 3617 1273 3689 Venetici
1296 3624 1410 3689 essent
1431 3616 1467 3687 in
1490 3614 1583 3690 dicta
1607 3615 1810 3707 concordia,
1835 3639 1946 3712 quum
1964 3617 2039 3691 lle-

625 3742 859 3833 diolanenses,
878 3742 1093 3833 Brixienscs,
1117 3741 1338 3832 Mantuauni,
1357 3741 1593 3815 bononienses
1610 3749 1646 3814 et
1666 3741 1789 3837 reliqui
1811 3741 1857 3816 de
1876 3743 1953 3840 ipsa
1971 3763 2039 3815 so·

667 4003 708 4086 (c)
731 4003 767 4066 ln
781 4005 882 4066 codice
893 4005 938 4065 in.

668 4108 709 4190 (b)
731 4111 768 4170 ln
783 4111 882 4172 codice
895 4108 929 4170 dc
940 4103 1113 4171 damam}

666 4215 704 4296 (c)
729 4217 797 4280 Vox
810 4219 842 4277 tn
855 4217 955 4278 codice
967 4232 1072 4294 pamm
1085 4215 1209 4294 legibilts
1216 4233 1226 4292 ς
1237 4214 1361 4278 torsltsn
1369 4211 1557 4297 parlamenti.

667 4320 711 4402 (d)
733 4321 840 4400 Aptius
853 4322 1000 4384 rideretur
1009 4319 1152 4402 perficiat.

666 4428 706 4510 (e)
731 4429 769 4488 ln
779 4429 878 4490 codice
888 4427 972 4510 qnod

666 4535 713 4616 U)
728 4536 765 4596 ln
778 4536 878 4596 codice
891 4537 1104 4615 imperatorem.
1130 4610 1132 4615 .

667 4639 709 4722 (q)
731 4641 768 4700 ln
782 4641 882 4702 codtce
889 4639 998 4722 saciat.

667 4743 709 4824 (ll)
730 4745 767 4806 ln
781 4747 883 4808 codice
896 4753 1000 4810 ottone.
