4554 6080
828 599 870 658 lN
896 597 1035 658 lTllLIll
1059 595 1212 657 casus,
1668 591 1726 654 331

312 735 375 830 qni
387 755 463 808 esse
472 733 646 806 debebant
656 731 702 805 ad
716 733 829 806 locum
838 743 1019 822 statutum,
1031 731 1092 826 qni
1107 753 1176 802 non
1189 739 1358 802 venerunt
1367 727 1457 800 sicut
1470 749 1532 824 per
1547 727 1728 801 dominum

311 859 473 931 comitem
495 855 692 928 ordinatum
713 858 840 947 luerat,
861 857 1026 928 insultum
1052 857 1206 926 lecerunt
1223 853 1258 923 in
1276 853 1396 924 villam
1419 852 1464 925 de
1482 852 1626 924 Tolleria
1648 873 1727 946 pre·

311 983 437 1056 dantes
458 991 493 1054 et
509 981 750 1054 comburentes
768 991 872 1053 totam
890 981 1007 1053 villam
1024 989 1058 1054 et
1079 981 1171 1054 illam
1194 987 1415 1051 contractam.
1439 977 1626 1050 Placentini
1643 997 1727 1050 vero

310 1106 487 1178 intrinseci
511 1105 657 1177 scientes
678 1103 835 1176 dedicta
851 1105 1025 1176 cavalcata
1040 1103 1122 1175 illuc
1141 1124 1221 1175 cnm
1242 1099 1404 1175 omnibns
1420 1121 1540 1172 eorum
1560 1099 1727 1172 militibus

310 1229 556 1322 equitaverunt
580 1239 614 1300 et
632 1229 722 1300 lacto
744 1228 854 1323 prelio
873 1249 999 1320 magno
1023 1226 1194 1316 cumeis,
1216 1237 1312 1318 terga
1333 1231 1507 1298 vertentes
1525 1225 1643 1318 lugam
1667 1243 1726 1317 pe—

309 1351 458 1424 cierunt.
481 1350 581 1424 Unde
602 1351 749 1446 predicti
777 1350 965 1424 Placentini
991 1351 1175 1423 extrinseci
1200 1349 1326 1421 multos
1350 1355 1516 1444 ceperunt
1542 1356 1577 1419 et
1600 1348 1726 1420 multos

310 1495 358 1546 ex
376 1474 461 1570 ipsis
478 1474 681 1547 occiderunt
697 1483 731 1546 et
754 1473 897 1569 predam
925 1496 1088 1568 magnam
1113 1485 1147 1546 et
1171 1494 1331 1569 campum
1361 1471 1570 1544 habuerunt.
1596 1472 1726 1544 'lamen

311 1598 422 1689 maior
437 1619 519 1693 pars
541 1598 688 1669 militnm
708 1597 814 1693 partis
838 1598 1032 1670 extrinsece
1050 1595 1198 1687 auffugit
1216 1606 1353 1690 propter
1369 1595 1537 1690 impetum
1554 1594 1727 1668 societatis

311 1723 487 1816 Luporum
513 1721 575 1815 qui
604 1722 698 1817 ipsos
727 1721 763 1792 in
793 1721 910 1813 lugam
936 1730 1122 1816 posuerant
1146 1741 1284 1811 omnes,
1311 1727 1427 1814 preter
1452 1717 1642 1791 servientes
1665 1717 1732 1812 qui,

311 1856 431 1941 postea
449 1867 611 1942 campum
632 1855 936 1942 recuperaverunt.

359 1969 549 2042 Placentini
571 1970 745 2042 intrinseci
773 1981 976 2042 cunctorum
1001 1967 1134 2040 anxilio
1163 1965 1317 2039 destituti
1346 1975 1484 2061 propter
1507 1968 1596 2038 mala
1620 1987 1726 2062 opera

309 2113 381 2185 que
402 2093 559 2164 lecerunt
581 2101 617 2163 et
635 2092 765 2164 iaciunt
782 2091 876 2164 omni
901 2091 959 2163 die
983 2099 1018 2162 et
1032 2089 1114 2184 quia
1130 2089 1222 2162 inter
1241 2111 1279 2162 se
1294 2087 1502 2161 adinvicem
1519 2090 1624 2164 multa
1642 2095 1726 2164 scis·

311 2223 404 2286 mata
423 2224 502 2286 nata
517 2224 611 2300 sunt,
629 2213 789 2288 videntes
803 2237 872 2287 non
890 2235 991 2310 posse
1006 2213 1165 2287 resistere
1178 2211 1347 2284 violencie
1367 2232 1407 2284 co
1429 2209 1435 2308 Ι
1457 2213 1550 2284 mitis
1571 2213 1726 2286 Ubertini
1752 2233 1917 2284 runem..

310 2338 356 2412 de
373 2337 492 2411 Lando
505 2347 540 2410 et
557 2339 662 2434 partis
676 2339 870 2412 extrinsece
888 2338 933 2412 de
945 2338 1130 2428 Placentia,
1147 2344 1339 2409 statuerunt
1356 2357 1393 2407 se
1411 2335 1551 2408 daturos
1569 2337 1605 2408 in
1620 2339 1726 2412 lorcin

310 2458 443 2532 domini
461 2461 553 2554 regis
569 2462 706 2550 Karoli3
727 2459 773 2534 de
795 2483 866 2554 quo
888 2462 976 2532 lacto
1006 2467 1087 2532 sunt
1108 2479 1232 2552 magne
1253 2456 1445 2532 divisiones
1464 2459 1553 2531 inter
1570 2481 1646 2553 ecs3
1667 2461 1726 2534 alii

312 2585 436 2656 volunt
450 2583 643 2656 dominium
658 2583 741 2656 dicti
760 2585 864 2680 regis,
879 2584 936 2655 alii
949 2604 1030 2655 non.
1045 2582 1202 2676 Denique
1219 2581 1327 2672 major
1344 2603 1424 2676 pars
1437 2582 1526 2654 sicut
1540 2591 1622 2655 sunt
1635 2586 1727 2658 Sonti

310 2717 345 2779 et
360 2707 464 2779 ceteri
479 2715 687 2779 mercatores
702 2715 737 2780 et
754 2707 897 2802 paratici
915 2707 1074 2780 affectant
1092 2705 1282 2780 dominium
1295 2706 1386 2800 regis
1398 2715 1439 2777 ut
1453 2708 1604 2780 evictent
1616 2708 1727 2782 domi·

310 2832 407 2903 nium
420 2831 551 2904 Alberti
570 2830 615 2904 de
630 2831 782 2903 Fontana
798 2839 833 2903 et
850 2839 1040 2904 ceterorum
1059 2830 1186 2916 scelus,
1202 2838 1237 2902 et
1254 2829 1300 2901 ob
1315 2827 1382 2900 hoc
1400 2837 1468 2902 lota
1483 2829 1606 2903 civitas
1618 2842 1671 2904 est
1690 2833 1725 2905 in

309 2954 462 3028 maxima
486 2953 687 3026 mnsusionc
711 2952 808 3048 quod
830 2953 989 3026 nesciunt
1008 2951 1103 3046 quod
1126 2951 1266 3026 saciant.
1288 2953 1532 3025 Verumtamen
1551 2976 1633 3027 suos
1652 2977 1727 3028 am-

309 3077 495 3149 haxatores
519 3077 687 3150 miserunt
709 3075 756 3150 ad
773 3077 953 3149 dominum
975 3076 1163 3148 liebertum
1182 3074 1227 3147 de
1254 3077 1391 3150 Lavena
1411 3078 1472 3170 qui
1495 3087 1549 3150 est
1576 3079 1726 3154 vicarius

308 3200 442 3272 domini
454 3203 544 3296 regis
556 3201 673 3274 Karoli
685 3202 721 3272 in
735 3201 941 3274 Lombardia
953 3199 1044 3275 etad
1063 3199 1240 3273 dominum
1257 3200 1553 3297 archiepiscopum
1570 3201 1615 3276 dc
1634 3203 1726 3278 Axia

308 3325 455 3398 nacione
479 3325 672 3416 Placentia,
691 3324 832 3396 nomine
851 3323 1030 3396 dominum
1045 3321 1309 3396 vicedominum
1326 3323 1371 3396 de
1388 3325 1638 3417 vicedominis3
1659 3328 1726 3400 sci·

309 3449 389 3518 licet
403 3446 582 3521 domiuum
594 3451 762 3520 Iunonum
771 3449 1023 3520 Leccaccrvnm
1037 3447 1240 3518 canonicum
1249 3447 1485 3520 Placentinum
1500 3459 1534 3522 et
1544 3429 1724 3524 dominum

309 3571 499 3642 Iohannem
512 3569 669 3642 Gobbnm
683 3569 893 3665 prepositum
904 3569 1028 3641 Sancte
1039 3569 1232 3665 Euphemie
1247 3567 1292 3643 de
1303 3571 1486 3662 Placentia,
1501 3581 1540 3643 ut
1554 3573 1725 3667 predictos
1780 3618 1789 3635 =

309 3692 470 3766 dominos
485 3695 624 3767 nomine
646 3692 777 3766 domini
800 3693 893 3784 regis
918 3693 1174 3767 introducerent
1198 3693 1233 3764 in
1257 3693 1429 3765 civitatem
1454 3695 1641 3787 Placentie;
1663 3701 1725 3792 qui

309 3813 538 3888 dominicum
556 3828 671 3890 essent
697 3817 733 3888 in
752 3817 892 3891 civitate
909 3817 1119 3891 Alexandrie
1137 3839 1242 3890 causa
1255 3817 1363 3890 eundi
1385 3818 1431 3890 ad
1457 3821 1630 3894 civitatem
1646 3823 1724 3896 Pla·

308 3937 420 4009 centie
431 3937 606 4012 fidentiam
619 3941 791 4034 petierunt
806 3943 1013 4013 acommnni
1023 3941 1140 4034 Papie.
1155 3939 1224 4012 Sed
1234 3939 1417 4035 Papienses
1431 3943 1630 4036 operatione
1641 3947 1724 4018 ami·

307 4081 426 4132 corum
451 4063 584 4134 comitis
604 4063 758 4136 Ubertini
780 4065 964 4136 noluerunt
985 4063 1053 4135 sibi
1076 4063 1160 4136 dare
1177 4062 1368 4136 fidentiam.
1391 4063 1491 4137 Unde
1506 4065 1645 4140 iverunt
1661 4091 1724 4163 per

306 4183 537 4258 Nuxedanam
558 4193 593 4258 et
608 4194 726 4280 postea
740 4207 805 4282 per
820 4187 1091 4275 Parmenonem,
1112 4197 1146 4258 et
1163 4185 1220 4259 die
1236 4185 1317 4257 lune
1341 4185 1465 4258 XXVII
1483 4187 1600 4284 aprilis
1615 4191 1723 4266 intra-

307 4317 434 4381 verunt
449 4309 484 4379 in
499 4309 724 4394 Placentiam
741 4321 909 4382 exeuntes
926 4331 1010 4383 vero
1024 4309 1210 4382 Placentini
1231 4309 1368 4382 obviam
1384 4311 1434 4382 eis
1448 4311 1514 4384 sibi
1531 4316 1722 4389 maximnm

306 4431 472 4503 honorem
485 4433 651 4504 lecerunt.
665 4433 728 4505 Die
752 4455 835 4506 vero
861 4435 998 4508 veneris
1020 4435 1096 4506 Vlll
1122 4433 1250 4505 mensis
1270 4431 1376 4504 madii
1394 4435 1599 4525 juraverunt
1616 4437 1721 4514 fideli·

305 4561 411 4625 tatem
432 4553 574 4628 domino
596 4555 742 4628 lloberto
762 4555 807 4629 de
823 4557 961 4630 Lavena
981 4557 1159 4652 recipienti
1179 4557 1319 4628 nominc
1343 4555 1475 4628 domini
1498 4561 1590 4654 regis
1605 4562 1721 4638 Karoli

306 4676 478 4770 usquead
496 4677 528 4748 X
546 4700 654 4753 annos
672 4701 752 4751 cum
767 4681 867 4753 certis
881 4681 990 4776 pactis
1002 4690 1037 4754 et
1054 4680 1338 4754 conventionibus
1350 4687 1539 4758 statuentes
1552 4685 1589 4757 in
1601 4705 1721 4763 eorum
