4554 6080
593 629 655 692 2¹14
1066 639 1307 702 cflaotttcort
1332 643 1385 702 DE
1409 641 1538 702 aneos

592 765 752 861 Castella,
778 781 915 844 senator
929 773 1025 846 urbis
1049 775 1178 865 Rome,
1199 797 1279 850 cnm
1304 777 1467 850 Romanis
1484 785 1519 850 et
1544 775 1723 852 Gibclliuis
1740 782 1951 856 senensibus
1975 793 2010 858 et

589 888 723 963 Pisanis
739 901 773 964 et
790 895 878 967 aliis.
895 897 964 982 Qui
981 897 1132 971 Karulus
1147 898 1198 971 ira
1214 908 1331 972 motus
1344 900 1439 972 misit
1455 899 1491 972 in
1509 900 1726 974 Provinciam
1743 913 1778 976 et
1795 907 1877 978 lecit
1891 909 2008 982 comiti

588 1012 740 1087 Iordane
756 1025 791 1088 et
806 1019 923 1091 comiti
937 1019 1188 1112 Bartholomeo,
1203 1023 1303 1094 Petro
1321 1021 1429 1094 Asino
1442 1022 1488 1096 de
1503 1025 1691 1117 Florentia,
1709 1026 1864 1124 Aliprato
1878 1041 1914 1103 et
1931 1033 2009 1104 aliis

587 1159 677 1232 quos
691 1139 726 1208 in
744 1141 942 1214 carceribus
958 1143 1110 1216 babebat
1128 1146 1270 1219 cuilibet
1285 1145 1440 1241 ipsorum
1459 1156 1638 1241 amputare
1652 1149 1778 1244 pedem
1796 1161 1831 1225 et
1848 1175 2003 1246 manum,

587 1270 771 1358 propterea
796 1265 893 1359 quod
918 1266 964 1339 de
988 1269 1187 1342 carceribus
1216 1269 1367 1343 evadere
1394 1269 1561 1343 volebant
1574 1271 1814 1348 interficiendo
1841 1277 2004 1350 custodes

585 1403 718 1456 eorum.
738 1387 873 1472 Quibus
893 1389 941 1462 ita
958 1389 1162 1484 devastatis,
1183 1392 1300 1466 adbuc
1317 1393 1413 1489 ipsos
1428 1393 1559 1466 detinet
1576 1406 1768 1470 carceratos
1785 1408 1871 1496 aput
1887 1398 2004 1472 Asiam

584 1507 758 1582 civitatem
775 1511 968 1587 Provincie.
989 1516 1095 1588 Erant
1111 1516 1204 1587 euim
1217 1517 1328 1612 primo
1344 1517 1380 1588 in
1398 1517 1514 1590 ltocba
1530 1517 1758 1594 Castellaune.

632 1634 763 1708 liudem
792 1643 946 1732 tempore
969 1639 1216 1712 Cremonenses
1244 1649 1279 1713 et
1308 1641 1497 1713 Placentini
1523 1653 1730 1738 acceperunt
1755 1665 1818 1738 per
1844 1645 2002 1718 comitem

582 1757 750 1829 Karulum
769 1768 968 1853 potestates,
985 1771 1019 1833 et
1032 1771 1106 1835 erat
1120 1763 1322 1836 Guillelmus
1339 1764 1557 1838 Standardns
1576 1766 1729 1840 vicarius
1750 1767 1851 1841 istius
1868 1770 2004 1842 comitis

579 1881 702 1954 Karuli
724 1883 760 1953 in
787 1882 995 1958 Lombardia
1023 1907 1102 1958 cum
1129 1886 1229 1960 CCCC
1253 1887 1421 1960 militibus
1444 1889 1731 1964 Prouincialibus.
1756 1892 1888 1965 Eodem
1914 1902 2002 1966 tem·

578 2026 662 2100 pore
676 2005 862 2100 Papienees
885 2017 982 2080 erant
1002 2008 1038 2080 in
1065 2031 1193 2104 magno
1215 2013 1388 2103 tumultu,
1407 2012 1491 2107 quia
1515 2013 1645 2086 milicia
1659 2014 1764 2110 Papie
1779 2037 1850 2110 que
1874 2015 2003 2088 dicitur

578 2128 763 2200 Fallabrini
790 2139 929 2226 propter
958 2131 1078 2205 odium
1107 2135 1228 2230 populi
1255 2135 1448 2208 tractabant
1474 2137 1699 2210 concordium
1721 2157 1801 2208 cum
1830 2137 2002 2212 Mediola-

576 2251 744 2325 nensibus
770 2253 973 2328 omnimodo
1001 2264 1035 2327 et
1053 2257 1253 2352 Napuleoue
1273 2257 1319 2330 de
1340 2260 1466 2332 Lature
1492 2259 1643 2332 inimicis
1667 2260 1861 2333 communis
1879 2260 1996 2356 Papie.

576 2376 644 2461 Qui
659 2377 935 2451 Mediolanenses
949 2379 985 2449 in
1003 2387 1121 2452 exele
1134 2381 1292 2475 proxima
1306 2381 1352 2454 de
1365 2403 1483 2455 mense
1494 2383 1585 2475 junii
1604 2394 1769 2479 ceperant
1784 2393 1935 2455 castrum
1953 2384 1999 2458 de

575 2500 757 2592 Vegivalle
774 2511 809 2572 et
826 2501 1001 2574 tenebant.
1025 2503 1157 2576 Interea
1182 2503 1344 2576 dominus
1359 2505 1563 2578 Detesalvus
1585 2507 1704 2578 Bottus
1721 2507 1834 2598 judex
1856 2507 1912 2578 vir
1924 2509 1997 2599 jam

576 2645 700 2716 senex,
711 2625 851 2717 nobilis,
864 2626 1020 2720 prudeus
1031 2637 1066 2699 et
1078 2629 1180 2700 honis
1192 2629 1347 2701 moribus
1360 2627 1555 2715 decoratus,
1570 2627 1684 2702 fidelis
1695 2651 1832 2723 semper
1846 2629 1993 2724 imperii,

577 2748 665 2821 civis
683 2749 808 2844 Papie,
825 2757 1006 2822 tractatum
1024 2751 1157 2824 habens
1175 2775 1255 2824 cum
1276 2753 1418 2825 domino
1440 2753 1573 2824 lanono
1591 2752 1637 2826 de
1655 2753 1814 2826 Beccaria
1831 2762 1999 2848 potestate

574 2873 695 2969 populi
718 2873 823 2969 Papie
846 2883 881 2946 et
905 2875 982 2947 aliis
1005 2881 1011 2967 Ι
1032 2875 1247 2971 sapientibus
1270 2875 1396 2970 Papie,
1416 2876 1631 2971 prospiciens
1654 2885 1782 2948 statum
1811 2887 1846 2948 et
1871 2877 1998 2950 condi-

573 2997 703 3069 tionem
720 2997 843 3093 Papie,
868 2997 905 3068 in
930 2998 1048 3092 vigilia
1070 2999 1265 3072 Natiuitatis
1289 2998 1426 3070 Domini
1452 3021 1533 3070 cum
1555 2997 1806 3092 equitatoribue
1825 3019 1888 3094 per
1907 3001 1996 3072 lau·

574 3119 749 3194 dexanam
765 3119 811 3193 ad
824 3119 975 3192 llocham
989 3121 1121 3194 domini
1135 3123 1228 3194 Bosii
1248 3121 1293 3194 de
1309 3121 1458 3194 Dovaria
1478 3122 1659 3216 equitavit,
1679 3120 1809 3194 deinde
1824 3121 1994 3194 Veronam

573 3242 619 3316 ad
637 3266 754 3338 regem
775 3244 983 3317 Conradum.
1005 3245 1073 3330 Qui
1097 3245 1143 3317 ab
1166 3246 1242 3340 ipso
1259 3266 1342 3338 rege
1363 3254 1398 3316 et
1418 3246 1635 3340 principibus
1653 3245 1730 3336 ejus
1752 3243 1912 3316 alacriter
1932 3245 1996 3316 luit

572 3377 742 3465 receptus.
764 3370 809 3440 Et
829 3368 946 3442 habito
966 3377 1112 3441 tractatu
1132 3379 1167 3442 et
1183 3369 1355 3464 colloquio
1374 3389 1454 3440 cum
1473 3378 1602 3460 regest
1618 3365 1851 3464 principibus,
1873 3369 1995 3462 inquo

572 3494 730 3589 promisit
751 3494 825 3586 regi
844 3515 883 3566 se
902 3493 1064 3566 daturum
1083 3495 1116 3566 ei
1134 3515 1297 3567 securum
1317 3493 1498 3566 transitum
1515 3513 1629 3587 usque
1648 3490 1696 3564 ad
1713 3491 1889 3564 civitatem
1908 3491 1995 3563 Pisis

572 3617 634 3689 ubi
668 3617 887 3690 desiderabat
914 3639 991 3691 esse
1020 3639 1125 3714 super
1154 3619 1291 3711 omnia,
1317 3641 1397 3691 cum
1422 3619 1459 3689 in
1489 3618 1624 3690 Verona
1660 3625 1776 3687 essent
1809 3613 1930 3686 nuncii
1960 3623 1994 3686 et

572 3751 752 3834 magnates
788 3740 915 3836 Apulis
944 3742 1182 3837 promittentes
1215 3742 1289 3835 regi
1313 3743 1506 3814 maximum
1539 3741 1741 3814 thesaurum
1769 3737 1805 3807 iu
1838 3736 1926 3808 Pisis
1955 3757 1994 3809 se

573 3865 736 3958 daturos;
761 3863 839 3938 dux
861 3865 955 3938 euim
971 3865 1183 3962 Bayguerie,
1206 3885 1322 3938 comes
1339 3863 1385 3938 de
1406 3863 1508 3936 Tirali
1531 3865 1695 3938 volebant
1716 3881 1835 3953 regem
1857 3860 1893 3930 in
1911 3858 1993 3932 Ala·

574 3991 723 4064 maniam
743 3989 927 4082 reducere,
956 4012 1091 4062 summa
1116 3989 1154 4061 vi
1178 4011 1319 4084 operam
1347 3987 1471 4058 dantes
1492 3995 1532 4058 ut
1550 3993 1781 4060 reverteretur
1810 4004 1891 4055 cum
1922 3990 2000 4080 tota

572 4123 676 4211 gente
694 4137 771 4188 sua.
789 4115 855 4200 Qui
875 4135 940 4186 rex
959 4112 1137 4186 Conradus
1156 4113 1213 4186 die
1231 4112 1349 4184 martis
1365 4111 1459 4184 XVll
1478 4111 1606 4182 mensis
1618 4109 1770 4202 Januarii
1786 4129 1867 4180 cunr
1881 4127 1993 4200 quan·

572 4241 669 4312 titate
686 4239 835 4311 militum
859 4257 1001 4311 auorum
1024 4239 1114 4309 circa
1141 4237 1242 4308 ΜΜΜ
1268 4233 1313 4306 de
1340 4243 1443 4326 gente
1458 4233 1687 4323 Theotonica,
1705 4229 1849 4326 Apulie,
1870 4231 1993 4304 Tuscia

573 4372 607 4436 et
624 4361 769 4436 aliarum
784 4363 956 4458 partium,
977 4370 1092 4434 motus
1107 4381 1128 4434 a
1147 4360 1282 4434 Verona
1299 4358 1397 4430 venit
1415 4359 1707 4446 Dexenzannum,
1727 4363 1763 4426 et
1782 4363 1855 4425 erat
1873 4353 1909 4423 iu
1927 4375 1993 4427 sua

574 4488 737 4562 comitiva
751 4488 827 4562 dux
845 4487 998 4559 Austris.
1018 4485 1181 4579 Sequenti
1200 4481 1258 4556 die
1274 4485 1371 4556 venit
1388 4483 1559 4556 Gambara
1579 4481 1800 4575 episcopatus
1817 4477 1936 4549 Brixia
1957 4486 1992 4549 et

573 4611 741 4684 transiens
754 4613 884 4686 flumen
901 4611 978 4706 Ogii
1001 4632 1064 4705 per
1081 4617 1221 4706 pontem
1240 4607 1284 4682 de
1301 4609 1417 4680 Rocba
1436 4605 1569 4681 domiui
1586 4603 1698 4694 Bosii‚
1715 4601 1892 4696 loquendo
1910 4621 1992 4674 cum

573 4733 716 4807 domino
736 4734 861 4827 Boeio,
886 4735 962 4829 ipsa
983 4733 1040 4806 die
1065 4755 1128 4829 per
1153 4733 1389 4828 episcopatum
1413 4729 1578 4804 Cremona
1601 4727 1772 4801 transiens
1797 4723 1894 4799 venit
1916 4723 1990 4797 Ad·
