4594 6066
624 593 683 656 184
1095 593 1339 661 cusuulcou
1362 595 1414 658 llll
1437 595 1568 658 llllllllS

621 751 738 802 corum
754 739 788 802 et
809 729 963 802 fidelium
987 732 1225 827 Selienguerre
1238 735 1284 807 de
1300 735 1377 830 ipse
1394 735 1548 824 civitate,
1572 751 1722 827 quornm
1745 731 1805 802 alii
1822 731 2034 805 intraverunt

621 855 657 924 in
674 855 790 928 Finale
812 863 847 926 et
867 855 926 927 alii
951 855 1089 928 iverunt
1105 858 1294 930 Ravenam.
1314 859 1401 932 Nam
1422 857 1515 930 idem
1537 855 1778 950 Saliengnerra
1795 855 1832 926 in
1844 855 2035 930 carceribus

621 977 722 1068 obiit,
742 977 834 1050 lilius
852 1001 936 1052 vero
954 983 1028 1072 ejus
1047 981 1091 1053 de
1108 982 1250 1054 Venetia
1267 981 1367 1076 fugit

669 1101 732 1172 llic
750 1101 858 1173 oritur
874 1103 1006 1175 sedicio
1026 1103 1062 1173 in
1080 1103 1265 1196 Cremona,
1288 1107 1429 1196 Parma,
1451 1105 1577 1198 Regio,
1597 1105 1749 1196 Mutina,
1766 1105 1851 1199 quia
1868 1105 2035 1176 sanctores

621 1221 755 1294 Yzolini
783 1225 945 1298 volebant
971 1237 1126 1322 prestare
1145 1229 1328 1320 juveminn
1357 1230 1612 1322 Saliengnerre3
1639 1229 1812 1300 sanctores
1839 1249 1923 1299 vero
1947 1249 2033 1298 mar·

620 1345 754 1419 chionis
774 1347 818 1420 de
836 1350 895 1421 Est
911 1359 946 1422 et
959 1351 1092 1424 comitis
1112 1353 1221 1424 sancti
1234 1353 1408 1425 Bonelacii
1429 1355 1680 1424 consuluerunt
1696 1352 1918 1440 contrarium,
1934 1361 1971 1422 et
1989 1349 2034 1421 ob

620 1471 687 1543 hoc
710 1473 881 1545 fauctores
899 1474 1108 1546 marchionis
1128 1483 1163 1547 et
1181 1475 1317 1548 comitis
1338 1487 1504 1572 ceperunt
1524 1497 1602 1548 esse
1622 1474 1803 1571 despectui
1824 1472 2031 1570 imperatori.

619 1595 659 1667 ln
672 1596 832 1690 proximo
846 1619 965 1669 mense
977 1599 1055 1691 julii
1072 1599 1255 1694 imperator
1272 1623 1351 1672 cum
1366 1601 1534 1672 militibus
1546 1600 1641 1673 venit
1659 1599 1695 1670 in
1710 1598 1884 1670 marcham
1897 1596 2035 1668 Anoone

621 1716 836 1791 devastando
855 1720 1013 1792 civitates
1034 1722 1207 1812 Ecclesie;
1231 1722 1396 1795 defuncto
1417 1723 1511 1793 enim
1535 1723 1641 1795 Panlo
1664 1723 1893 1796 Intraversato
1915 1720 2037 1792 hebuit

619 1841 813 1929 bavonem,
833 1843 996 1934 misitque
1021 1841 1130 1914 lilium
1160 1843 1243 1915 dicti
1268 1843 1365 1915 Pauli
1388 1853 1423 1915 et
1439 1844 1527 1916 elios
1543 1844 1702 1936 ejusdem
1722 1845 1873 1916 civitatis
1888 1844 1925 1914 in
1943 1843 2036 1936 Apu·

619 1965 714 2036 liam.
729 1965 889 2037 Exeunte
908 1965 1070 2060 proximo
1096 1987 1216 2038 mense
1233 1967 1390 2060 augusti,
1411 1967 1598 2062 imperator
1618 1967 1719 2038 linxit
1738 1989 1801 2040 sua
1823 1977 1935 2038 cestra
1954 1975 2037 2060 aput

618 2089 819 2162 Faventiam
845 2100 879 2162 et
902 2089 1081 2162 combuxit
1104 2091 1234 2184 burgos
1256 2091 1469 2164 extrinsecos
1497 2091 1660 2164 civitatis.
1689 2090 1874 2174 Quouiso
1903 2090 2034 2160 Fauen·

618 2213 683 2284 tini
708 2223 872 2308 ceperunt
896 2215 928 2285 ei
956 2213 1137 2286 resistere:
1160 2223 1235 2286 eret
1266 2215 1360 2286 enim
1391 2215 1427 2286 in
1456 2215 1595 2286 civitate
1628 2234 1744 2285 comes
1771 2211 1884 2285 Guido
1909 2213 2037 2285 Guerra

618 2355 699 2406 cum
718 2343 901 2428 surgente
919 2344 954 2405 et
969 2335 1059 2406 circa
1076 2335 1112 2406 Μ
1134 2333 1270 2430 pedites
1289 2335 1465 2424 Bononie,
1482 2333 1632 2406 Venecie
1649 2342 1685 2404 et
1701 2333 1847 2404 aliarum
1866 2333 2031 2427 partium,
2060 2429 2061 2432 Ἴ

618 2467 654 2531 et
665 2467 815 2552 potestas
830 2479 950 2528 eorum
975 2465 1049 2528 erat
1072 2458 1274 2550 veneticus,
1299 2457 1484 2553 imperator
1505 2476 1590 2529 vero
1607 2455 1759 2528 habebat
1776 2455 1812 2526 in
1830 2455 2037 2530 ossidicioue

618 2582 744 2654 milites
757 2577 956 2670 Alamsnie‚
977 2579 1119 2670 Tuscis,
1139 2579 1278 2676 Apulis.
1295 2581 1402 2652 Erant
1416 2581 1509 2652 enim
1527 2601 1607 2651 cnm
1622 2600 1664 2650 eo
1681 2579 1907 2667 Ymolenses‚
1927 2579 2036 2650 Furli·

619 2725 762 2788 nenses,
784 2700 1103 2796 Furnipolinensss,
1125 2701 1324 2792 cesenates,
1343 2701 1556 2793 savanense,
1575 2701 1833 2792 lliminnenses‚
1855 2701 1901 2773 de
1922 2701 2036 2774 Anicio

619 2836 654 2899 et
668 2827 868 2912 Bertenore,
887 2823 1012 2896 milites
1028 2843 1170 2917 quoque
1189 2823 1326 2914 Laude,
1345 2824 1595 2915 vercellarum,
1616 2825 1860 2897 Novanienses.
1880 2825 2036 2898 Preterea

620 2971 685 3022 rex
698 2948 848 3021 Hencius
868 2947 1035 3020 deversus
1049 2949 1369 3042 Romegniamcum
1393 2968 1458 3020 sno
1476 2947 1623 3020 sedebat
1639 2949 1807 3020 exercitu.
1827 2949 1865 3019 ln
1879 2950 2037 3042 proximo

621 3095 740 3146 mense
753 3073 925 3158 octubris,
946 3073 1132 3168 imperator
1151 3072 1296 3144 credens
1312 3071 1362 3143 ibi
1373 3091 1513 3168 yemare
1531 3071 1651 3144 statuit
1668 3070 1743 3144 fieri
1761 3073 1887 3144 fossata
1908 3073 1945 3144 in
1963 3073 2037 3167 giro

622 3197 741 3270 castris
758 3206 792 3268 st
809 3195 940 3290 spaldis
960 3204 994 3267 et
1013 3195 1201 3267 bertescbis
1216 3195 1368 3286 munite,
1387 3203 1421 3268 et
1435 3195 1556 3269 domos
1581 3197 1617 3267 in
1638 3195 1724 3292 ipsis
1742 3195 1817 3270 lieri
1833 3197 1926 3288 fecit,
1944 3206 1980 3268 et
2002 3197 2038 3267 in

622 3321 762 3417 publica
780 3321 945 3392 concione
960 3317 1059 3391 dedit
1081 3317 1267 3392 lidanciam
1285 3319 1449 3392 omnibus
1467 3320 1664 3394 volentibus
1677 3320 1775 3393 exire
1792 3320 1837 3393 de
1858 3322 1936 3418 ipsa
1953 3323 2037 3395 ciui·

621 3454 710 3535 tate3
726 3465 796 3538 que
810 3452 948 3538 propter
965 3443 1065 3514 multi
1081 3451 1249 3514 nocturna
1262 3452 1362 3516 nocte
1385 3443 1430 3516 dc
1449 3443 1589 3516 civitate
1605 3444 1664 3516 illu
1686 3443 1842 3517 exibant.
1861 3446 1952 3517 Dum
1975 3445 2039 3518 im·

622 3577 761 3666 perator
776 3576 850 3640 erat
865 3567 901 3639 in
919 3567 977 3640 ills
992 3567 1213 3658 ossidicionc,
1232 3568 1387 3641 Venetici
1403 3569 1440 3640 in
1457 3569 1619 3664 Apuliam
1634 3569 1870 3662 intraverunt,
1885 3571 2039 3642 civitates

623 3701 658 3766 et
675 3693 750 3765 loca
763 3694 866 3786 juxta
881 3711 977 3763 mere
994 3691 1077 3763 sitas
1100 3689 1330 3786 depredantes
1349 3701 1385 3764 et
1408 3693 1513 3764 etiam
1531 3693 1620 3766 duas
1640 3715 1750 3766 neves
1772 3693 1986 3788 imperatoris
2003 3694 2040 3765 in

623 3817 753 3910 quibus
769 3815 868 3886 multi
893 3815 1051 3887 homines
1074 3823 1173 3887 erent
1197 3837 1278 3887 cum
1300 3816 1455 3888 maximo
1480 3815 1641 3889 thesauro
1665 3816 1918 3889 comburentes.
1942 3816 2042 3890 Unde

623 3941 808 4034 imperator
820 3937 924 4010 valde
942 3937 1142 4032 indignatus
1160 3960 1280 4012 mense
1300 3939 1499 4012 novembris
1517 3941 1669 4036 proximi
1689 3940 1870 4014 mandavit
1891 3941 1929 4012 in
1947 3939 2042 4036 Apu·

624 4065 707 4138 liam
726 4071 761 4136 et
779 4063 859 4135 fecit
878 4061 1092 4158 suspendere
1119 4063 1277 4136 comitem
1290 4061 1429 4135 Petrum
1449 4065 1618 4158 Tepulum
1641 4063 1751 4136 lilium
1775 4064 1877 4137 ducis
1893 4064 2043 4138 Venecie

624 4209 730 4284 quem
743 4186 920 4260 detinebat
930 4194 1155 4260 carceratum.
1172 4187 1330 4260 Preterea
1341 4185 1453 4258 missit
1465 4187 1634 4260 liencinm
1649 4188 1759 4260 lilium
1778 4209 1880 4280 sunm
1895 4187 1942 4260 ed
1958 4189 2044 4260 civi·

625 4321 730 4386 tutem
746 4311 835 4384 Pisis
852 4332 955 4384 censa
970 4311 1118 4386 leniendi
1133 4333 1316 4408 preparare
1336 4313 1453 4408 gelsss
1472 4322 1507 4385 et
1524 4333 1586 4408 per
1603 4321 1713 4386 totum
1725 4335 1872 4407 regnum
1886 4311 2044 4385 similiter

625 4437 720 4509 misit
739 4445 779 4508 nt
802 4437 953 4510 fecerent
968 4438 1084 4532 galeas
1102 4447 1142 4509 ut
1164 4438 1387 4534 pmbiberent
1410 4439 1592 4510 transitum
1613 4437 1777 4510 euntibus
1793 4437 1840 4512 ad
1859 4437 2044 4510 concilium

625 4561 732 4633 Rome
756 4559 851 4654 quod
869 4559 1031 4634 dominus
1046 4583 1137 4656 pepe
1158 4569 1423 4634 convocaverat.
1448 4559 1507 4654 Ad
1527 4561 1694 4654 ultimumv
1708 4581 1793 4634 vero
1809 4559 1985 4654 intrinseci
1999 4557 2045 4633 de

625 4683 790 4757 Faventia
810 4693 974 4780 ceperunt
1000 4707 1115 4759 cerere
1140 4685 1231 4779 sale,
1252 4685 1336 4759 vino
1354 4693 1391 4760 et
1407 4683 1583 4760 carnibus.
1607 4683 1707 4759 Unde
1723 4683 1852 4780 diuites
1876 4683 2044 4780 indigen-
