4554 6080
817 644 859 704 lbl
883 643 1023 704 l'l'ilLlli
1047 641 1199 705 ansuis.
1654 639 1714 700 339

294 778 386 852 ‘larii
409 790 444 853 et
465 779 547 852 Geni
571 777 617 852 de
642 787 739 873 parte
763 779 957 852 extrinseca
982 779 1152 852 Placentie
1176 775 1294 850 habito
1317 786 1461 848 tractatu
1489 774 1656 848 obviandi
1679 783 1715 846 et

299 902 503 977 inveniendi
520 902 750 975 Provincinles
762 912 797 974 et
808 901 971 975 Picardos
988 912 1023 974 et
1036 901 1249 974 Placentinos
1261 900 1322 993 qui
1336 898 1472 969 stabant
1488 896 1524 966 in
1534 895 1650 968 Rocba
1669 896 1715 968 de

299 1027 425 1118 Bardi,
440 1029 582 1100 collecta
601 1025 696 1100 omni
709 1049 829 1100 eornm
845 1037 966 1120 gente,
985 1027 1077 1121 ipsos
1089 1025 1125 1096 in
1141 1024 1322 1098 contractis
1334 1021 1492 1116 Scalugie
1507 1021 1715 1092 invenerunt

298 1163 336 1226 ct
351 1153 520 1226 insultum
534 1153 697 1224 iacientes
709 1152 744 1222 in
757 1173 816 1223 eos
830 1152 923 1247 ipsos
934 1153 1110 1246 fregerunt
1127 1161 1162 1222 et
1176 1149 1420 1222 interfecerunt
1433 1167 1479 1218 ex
1493 1145 1578 1242 ipsis
1590 1145 1715 1218 XXVII

300 1277 389 1349 inter
406 1277 637 1349 Provinciales
651 1285 686 1348 et
699 1275 914 1348 Placentinos
934 1285 968 1348 et
983 1276 1009 1347 L
1031 1297 1139 1370 equos
1157 1275 1353 1346 babuerunt
1367 1281 1403 1344 et
1421 1271 1579 1366 quinque
1597 1291 1643 1342 ex
1658 1269 1715 1340 Pi-

298 1399 412 1473 cardis
427 1399 472 1472 de
487 1399 689 1472 melioribus
711 1407 879 1494 ceperunt
895 1380 1012 1472 altres
1030 1399 1259 1486 Placentinos,
1280 1396 1409 1469 scilicet
1421 1394 1592 1466 Bosonem
1613 1393 1716 1466 comi·

300 1535 370 1595 tem
385 1523 431 1597 de
444 1523 549 1597 Bardi
562 1533 597 1596 et
609 1521 717 1596 filium
734 1522 848 1596 lereti
865 1521 1014 1596 Granelli
1030 1533 1064 1594 et
1078 1521 1290 1595 Pancaldum
1311 1519 1356 1592 de
1370 1519 1497 1612 Burgo,
1510 1527 1545 1590 et
1555 1537 1715 1610 magnam

302 1648 482 1720 victoriam
500 1647 617 1742 adepti
631 1657 724 1720 sunt.

351 1770 481 1843 Eodem
495 1779 648 1864 tempore
662 1769 774 1865 primo
788 1769 916 1842 mensis
925 1769 1075 1860 januarii
1087 1767 1249 1842 dominns
1260 1787 1349 1862 papa
1362 1765 1424 1860 qni
1437 1773 1509 1838 erat
1524 1765 1611 1836 ultra
1622 1784 1717 1835 mare

302 1894 492 1966 incivitate
505 1892 587 1966 Acri
603 1893 638 1964 in
651 1892 844 1966 snscidium
858 1894 960 1965 Terre
972 1895 1096 1966 Sancte
1107 1914 1186 1965 curn
1197 1891 1338 1964 domino
1350 1887 1536 1962 Oddoerdo
1547 1886 1616 1959 lilio
1625 1887 1718 1980 regis

301 2018 427 2107 Anglie
442 2017 613 2112 navigans
627 2039 690 2113 per
702 2017 910 2090 ferocitatem
922 2016 1027 2090 maris
1043 2015 1210 2112 applicuit
1226 2015 1262 2086 in
1276 2013 1471 2098 Brunditio‚
1491 2009 1618 2084 deinde
1635 2033 1716 2082 suc-

301 2143 437 2214 cessive
458 2142 556 2214 venit
569 2140 779 2229 viterbium,
796 2140 858 2212 ubi
880 2151 1039 2236 receptus
1056 2150 1109 2213 est
1131 2137 1320 2212 honorilice
1333 2136 1377 2208 ab
1396 2135 1576 2222 omnibns,
1597 2141 1718 2206 euntes

304 2264 498 2338 cardinales
516 2274 551 2338 et
575 2265 678 2337 ceteri
702 2263 817 2337 clerici
839 2264 978 2338 obviam
994 2265 1059 2338 sibi
1083 2264 1284 2360 perplures
1304 2262 1475 2353 jornatas,
1504 2269 1539 2330 et
1557 2267 1718 2332 vocatum

301 2397 355 2462 est
371 2410 496 2463 nomen
510 2391 586 2481 eius
601 2387 786 2484 Gregorius
799 2411 888 2485 papa
906 2389 1074 2464 decimus.

350 2511 482 2585 Eodem
495 2523 647 2607 tempore
659 2513 704 2584 de
716 2533 835 2585 mense
846 2512 994 2605 januarii
1008 2513 1160 2584 marchio
1171 2511 1394 2586 Montislerati
1404 2509 1500 2583 venit
1512 2507 1556 2580 de
1566 2505 1720 2602 Yspania

301 2655 383 2707 curn
405 2655 516 2708 uxore
538 2657 603 2708 sna
616 2633 686 2708 lilia
710 2635 802 2729 regis
817 2635 961 2710 Castelle
982 2644 1016 2708 et
1032 2635 1232 2708 cellebravit
1250 2657 1412 2728 magnam
1432 2633 1563 2706 curiam
1582 2633 1620 2702 in
1638 2631 1720 2703 Cla·

302 2759 402 2830 vasio
415 2767 451 2830 et
466 2758 590 2832 babuit
613 2781 775 2854 maguam
794 2758 910 2833 dotem
933 2781 978 2832 ex
1002 2757 1094 2832 diota
1119 2779 1231 2832 uxore
1255 2781 1336 2850 sua,
1364 2759 1494 2832 scilicet
1517 2757 1577 2828 XL
1595 2755 1629 2828 M
1647 2763 1721 2828 tur-

302 2883 476 2954 nensium.

351 3007 403 3078 De
416 3027 534 3079 mense
544 3027 629 3080 vero
643 3007 807 3080 februarii
820 3005 1130 3081 FranciscusTorta
1146 3006 1191 3079 de
1204 3006 1326 3080 Parma
1340 3015 1374 3079 et
1389 3006 1585 3080 Bernardns
1595 3007 1722 3101 Scarpa

302 3139 339 3202 et
360 3129 421 3202 alli
441 3129 644 3204 Parmenses
659 3139 700 3205 'et
722 3130 767 3204 de
783 3132 899 3226 Bnrgo
921 3131 1036 3204 Sancti
1061 3131 1246 3226 Dompnini
1269 3131 1331 3225 qui
1353 3131 1489 3202 stabant
1508 3129 1543 3200 in
1564 3127 1721 3224 Gravago

302 3253 437 3345 absque
453 3254 662 3328 conscientia
676 3253 806 3328 domini
828 3255 963 3328 comitis
976 3255 1130 3328 Ubertini
1148 3263 1183 3326 et
1194 3254 1448 3326 Luxiardorum
1467 3262 1501 3325 et
1516 3253 1660 3326 aliorum
1676 3253 1722 3326 de

304 3385 402 3470 parte
414 3375 631 3448 intraverunt
644 3379 679 3450 in
693 3377 862 3452 forticiam
881 3377 1062 3472 Agneline.
1081 3379 1158 3464 Quo
1181 3378 1267 3450 scito
1285 3397 1346 3472 per
1358 3376 1571 3449 Placentinos
1589 3387 1624 3448 et
1641 3377 1721 3449 Par·

305 3519 455 3582 menses,
468 3500 551 3574 illuc
564 3501 728 3574 continno
740 3524 820 3574 curn
831 3513 934 3596 gente
948 3503 1164 3598 episcopatus
1175 3501 1348 3574 Placentie
1363 3509 1396 3573 et
1406 3503 1528 3573 Parme
1540 3503 1720 3596 equitave-

305 3633 387 3695 runt
410 3633 445 3696 et
466 3647 529 3720 per
546 3624 617 3697 vim
638 3626 752 3721 ipsum
777 3627 890 3698 locum
916 3637 951 3698 et
975 3627 1131 3700 homines
1153 3626 1348 3700 babuerunt
1371 3626 1431 3719 qni
1455 3635 1551 3698 erant
1576 3647 1719 3698 numero

304 3749 394 3822 circa
407 3751 551 3844 XXllll;
571 3752 620 3822 illi
637 3751 681 3825 de
691 3753 863 3826 Placentia
878 3752 1077 3826 babuerunt
1093 3775 1175 3828 suos
1187 3753 1316 3826 scilicet
1330 3775 1418 3847 qnos
1432 3752 1489 3824 die
1501 3753 1583 3825 lune
1598 3753 1719 3825 ultimo

304 3875 433 3946 mensis
459 3875 623 3948 lebrnarii
652 3875 910 3973 suspenderunt
931 3899 993 3973 per
1017 3879 1152 3971 gulam,
1174 3887 1208 3950 et
1233 3877 1434 3950 Parmenses
1459 3898 1541 3949 suos
1566 3877 1721 3948 similiter

303 3997 562 4092 suspenderunt
577 4022 639 4094 per
655 4002 793 4096 gulam,
808 4011 953 4096 excepto
976 4003 1041 4074 isto
1053 3999 1274 4093 Franciscbo,
1291 4001 1352 4095 qni
1374 4001 1546 4074 detinetur
1561 4001 1666 4074 vivus
1683 4001 1719 4073 in

305 4122 523 4214 carceribus,
538 4122 665 4218 dequo
679 4125 769 4200 lema
784 4125 945 4220 estquod
964 4125 1049 4197 alios
1067 4147 1128 4220 per
1140 4146 1245 4198 avere
1261 4123 1439 4197 traddidit.

354 4245 405 4316 De
420 4267 539 4318 mense
557 4267 640 4320 vero
654 4249 773 4321 marcii
791 4249 940 4320 intrante
956 4249 1030 4344 ipso
1043 4271 1159 4322 mense
1173 4249 1324 4322 vicarius
1339 4249 1431 4342 regis
1441 4227 1557 4322 Karoli
1570 4249 1632 4344 qui
1648 4261 1722 4323 erat

306 4367 493 4441 incivitate
507 4367 730 4464 Alexandria,
742 4370 860 4444 habito
871 4381 1015 4445 tractatu
1028 4395 1108 4444 cum
1119 4373 1317 4446 bominibus
1328 4373 1440 4466 Aquie
1450 4395 1555 4466 quarn
1568 4374 1721 4449 marchio

305 4492 529 4566 Montislerati
546 4495 695 4588 tenebat,
710 4497 746 4566 in
757 4497 909 4590 burgum
922 4496 1072 4570 civitatis
1082 4495 1197 4592 Aqnie
1210 4519 1289 4568 cnm
1299 4496 1499 4570 hominibus
1511 4495 1723 4572 Alexandria

306 4617 447 4690 intravit
462 4629 497 4691 et
507 4619 638 4692 ossedit
653 4619 820 4693 torticium
836 4620 937 4694 istius
949 4622 1097 4694 civitatis
1111 4621 1224 4717 Aqnie
1234 4621 1271 4694 in
1284 4643 1354 4714 qua
1368 4629 1449 4693 sunt
1464 4620 1623 4694 homines
1638 4623 1722 4696 dicti

306 4740 534 4838 marchionis3
558 4751 593 4815 et
610 4743 660 4816 sic
672 4753 814 4816 ortaest
830 4765 955 4837 guerra
966 4745 1056 4820 inter
1072 4745 1251 4819 dominum
1271 4767 1385 4840 regens
1401 4743 1564 4818 Karolum
1579 4754 1614 4819 et
1628 4768 1722 4820 mar·
