4568 6064
606 641 667 701 eto
1084 640 1322 706 CllllONlCON
1348 645 1395 704 1111
1419 641 1549 704 111111118

654 773 722 848 Dia
743 773 877 846 sabbati
902 774 1000 846 XXX
1024 775 1151 847 mensis
1177 779 1315 870 augusti
1341 778 1386 852 de
1410 787 1512 852 nocte
1534 775 1593 850 die
1616 774 1790 848 dominico
1815 776 2025 850 adveniente

605 897 822 993 propediem
840 897 923 968 luna
940 897 1042 991 quasi
1062 909 1130 970 tcta
1159 899 1194 970 in
1220 900 1430 974 rotunditate
1449 923 1513 973 sua
1535 919 1637 994 passa
1658 899 1722 970 luit
1743 897 1900 989 eclixim‚
1919 899 2024 972 idest

603 1022 804 1094 detractum.

653 1146 716 1216 Die
732 1147 813 1215 lune
828 1145 934 1216 XVlll
952 1145 1080 1216 mensis
1098 1145 1252 1218 octubris
1271 1149 1326 1218 vel
1343 1147 1435 1219 circa
1452 1169 1532 1218 cum
1551 1145 1784 1218 bononienses
1801 1167 1879 1218 cum
1897 1147 2025 1220 milicia

604 1277 640 1338 et
656 1269 785 1363 populo
800 1291 864 1339 suc
878 1281 912 1340 et
935 1291 1012 1340 cum
1032 1269 1198 1340 militibus
1215 1269 1403 1342 adscldatis
1422 1291 1483 1364 par
1498 1269 1687 1342 Ecclesiam
1709 1271 1895 1342 Romanam
1912 1281 1947 1342 et
1963 1291 2024 1366 per

605 1392 785 1464 dominum
805 1415 919 1486 regem
934 1394 1100 1465 Karolum
1120 1393 1265 1465 ivissent
1275 1391 1320 1464 ad
1337 1393 1533 1466 laciendum
1547 1403 1710 1488 guastum
1725 1393 1923 1465 bominibus
1938 1394 2022 1466 civi·

605 1517 684 1587 tatis
697 1517 839 1604 Furlini‚
852 1518 941 1589 iacto
956 1517 1029 1612 ipsc
1041 1529 1164 1611 guasto
1175 1519 1266 1590 sicut
1277 1527 1446 1612 poterant,
1463 1518 1614 1612 populus
1626 1515 1718 1587 illius
1731 1517 1882 1589 civitatis
1896 1517 2023 1590 redivit

603 1641 793 1713 Bonomam
812 1651 846 1712 et
868 1642 993 1713 milites
1009 1665 1129 1715 omnes
1145 1643 1388 1737 equitaverunt
1406 1641 1453 1715 ad
1474 1642 1650 1714 civitatem
1668 1641 1797 1713 Caeam
1819 1651 1854 1712 et
1871 1642 2023 1714 intrave-

603 1775 684 1835 runt
697 1763 847 1856 burgum
867 1765 959 1836 illius
976 1766 1126 1837 civitatis
1141 1776 1176 1838 et
1190 1766 1386 1838 babuerunt
1403 1764 1490 1837 illud
1509 1786 1555 1837 ex
1569 1774 1639 1837 toto
1657 1765 1704 1837 ad
1725 1785 1846 1836 eorum
1867 1767 2024 1838 volunta·

603 1888 756 1959 10111111
777 1909 861 1959 vero
887 1887 1092 1961 decivitate
1117 1889 1244 1961 Cesene
1266 1911 1336 1984 que
1357 1891 1422 1961 sita
1445 1899 1498 1961 ast
1522 1889 1559 1959 in
1579 1899 1696 1960 monta
1723 1889 1885 1960 iacientes
1902 1909 2023 1962 acrum

603 2013 703 2104 signa
722 2033 785 2106 pro
801 2011 949 2106 petendo
960 2023 994 2083 01
1012 2011 1172 2084 habendo
1184 2014 1375 2098 auxilium,
1391 2013 1478 2084 scito
1497 2013 1563 2084 boc
1578 2021 1612 2082 01
1630 2011 1770 2102 cognito
1788 2033 1850 2106 per
1862 2011 2023 2084 comitem

603 2136 795 2208 Guidonem
820 2135 865 2206 de
887 2136 1099 2207 Monteleltro
1119 2136 1181 2229 qui
1206 2147 1258 2208 est
1282 2136 1444 2208 dominus
1468 2146 1504 2206 01
1528 2135 1730 2230 capitaneus
1758 2134 1867 2228 partis
1893 2133 2023 2206 Cibili-

603 2279 726 2330 norum
744 2259 790 2331 de
805 2259 995 2348 Romagua‚
1010 2281 1089 2330 cum
1110 2281 1234 2352 magna
1252 2247 1444 2353 quantitate
1457 2259 1605 2329 militum
1620 2279 1726 2352 quam
1739 2279 1857 2330 000111
1874 2257 2024 2330 babebat

603 2383 826 2454 incontinenti
842 2393 876 2454 at
891 2383 1089 2454 festinanter
1104 2383 1274 2476 equitavit
1293 2405 1414 2454 versus
1428 2383 1593 2454 Cesenam
1611 2391 1644 2453 01
1662 2403 1724 2475 per
1741 2383 1813 2452 vim
1830 2382 1971 2454 intravit
1987 2381 2022 2452 in

603 2506 734 2579 dictum
755 2507 905 2599 burgum
920 2517 954 2578 et
967 2527 1087 2579 omnes
1105 2515 1191 2600 quot
1202 2507 1417 2578 intraverunt
1435 2527 1504 2576 non
1522 2505 1676 2576 valentes
1694 2505 1759 2575 sibi
1774 2505 1933 2578 resistere
1950 2504 2022 2577 dis·

602 2630 739 2702 conficti
752 2642 834 2702 sunt
851 2640 886 2702 et
903 2631 1025 2702 mortui
1041 2652 1102 2725 pro
1121 2631 1239 2722 majori
1258 2641 1352 2724 parte
1370 2629 1436 2700 nisi
1457 2629 1504 2698 illi
1529 2629 1589 2720 qui
1611 2629 1806 2722 perfugam
1826 2639 2020 2701 evaserant.

602 2755 694 2825 lntar
706 2776 795 2848 quos
807 2765 964 2825 mortuus
982 2755 1045 2824 luit
1066 2754 1352 2826 dominusGuido
1366 2753 1497 2825 Guerra
1514 2753 1707 2824 Salvaticus
1725 2753 1873 2846 quierat
1890 2751 2022 2846 capita·

602 2900 690 2950 neus
706 2877 877 2950 dictorum
894 2879 1042 2950 militum
1062 2901 1124 2972 pro
1137 2879 1290 2952 Ecclesia
1302 2881 1468 2950 Romana.

652 3002 714 3074 Die
738 2997 904 3074 mercurii
923 3003 956 3073 X
978 3004 1104 3074 mansis
1126 3002 1320 3076 decembris
1338 3003 1429 3074 circa
1452 3021 1617 3096 vesperas
1641 2999 1806 3073 dominus
1829 2999 1952 3071 Rosius
1978 2999 2024 3075 da

603 3129 752 3200 Dcvaria
772 3139 806 3200 at
828 3129 885 3199 alii
907 3128 1090 3200 forbanniti
1112 3127 1158 3200 de
1180 3129 1319 3200 civitate
1342 3127 1508 3198 Cremona
1529 3125 1575 3198 de
1595 3147 1764 3198 consensu
1788 3134 1822 3196 et
1845 3125 2023 3228 voluntate

604 3252 735 3323 domini
760 3253 966 3324 marchionis
989 3253 1210 3325 Montislerati
1236 3263 1271 3324 01
1295 3251 1489 3325 communia
1513 3249 1718 3336 Mediolani,
1745 3249 1963 3320 intraverunt
1986 3248 2023 3318 in

604 3377 717 3448 locum
743 3377 863 3450 Creme
881 3399 982 3449 causa
1001 3377 1201 3471 guarriandi
1218 3398 1400 3448 commune
1427 3385 1462 3447 01
1486 3375 1644 3446 homines
1660 3373 1827 3444 Cremone
1842 3392 1921 3442 cum
1943 3371 2024 3443 talia

603 3501 750 3572 militum
770 3503 948 3573 civitatum
966 3523 987 3572 a
1009 3501 1155 3572 Lambro
1178 3500 1352 3593 superius,
1376 3497 1538 3571 videlicet
1557 3519 1635 3568 cum
1660 3497 1684 3567 C
1706 3495 1872 3566 militibus
1894 3494 2021 3589 Papia,

603 3623 653 3698 CC
672 3626 836 3697 militibus
852 3625 1055 3706 Mediolani,
1076 3627 1135 3696 LX
1155 3624 1322 3695 militibus
1339 3625 1526 3696 Cumarum
1543 3632 1578 3692 et
1598 3620 1657 3691 XL
1675 3619 1842 3692 militibus
1858 3617 2021 3690 Novaria.

603 3747 646 3819 Et
664 3749 736 3844 ipse
753 3749 914 3821 dominus
927 3749 1049 3819 Rosius
1062 3759 1096 3820 et
1113 3771 1192 3842 pars
1206 3748 1399 3819 extrinseca
1418 3745 1586 3818 Cremone
1603 3744 1708 3817 debet
1728 3744 1776 3815 ibi
1799 3751 2025 3815 manutenere

603 3873 654 3945 CC
667 3873 792 3944 milites
807 3882 842 3944 et
858 3872 1013 3944 homines
1030 3874 1150 3945 Creme
1167 3871 1296 3943 debent
1317 3868 1322 3968 Ι
1345 3869 1474 3942 habere
1490 3881 1525 3941 at
1542 3867 1695 3940 tenereC
1711 3867 1849 3954 milites,
1862 3877 1897 3937 et
1910 3866 2025 3939 domi-

603 4019 671 4070 nus
693 3997 845 4068 marchio
862 3995 1085 4068 Montislerati
1104 3995 1202 4068 dedit
1226 3996 1277 4068 010
1295 3993 1342 4068 ad
1360 3995 1548 4088 introytum
1566 3991 1686 4064 Creme
1702 3991 1727 4063 C
1744 3991 1870 4061 milites
1885 3989 1932 4063 de
1951 3990 2024 4062 suis

604 4121 805 4194 adsoldatis.
828 4121 901 4191 Pax
925 4119 1013 4192 11101
1035 4141 1218 4192 commune
1239 4118 1423 4192 Mediolani
1447 4139 1494 4190 ex
1523 4137 1590 4188 una
1614 4123 1710 4210 parta
1732 4123 1767 4186 01
1788 4135 1973 4185 commune
1989 4122 2024 4184 et

604 4246 762 4316 homines
772 4245 890 4317 Lauda
903 4246 990 4316 lacta
1000 4254 1064 4315 cst.
1075 4243 1117 4314 Et
1127 4243 1172 4313 illi
1187 4242 1232 4313 de
1244 4243 1385 4314 Laturre
1397 4241 1460 4335 qui
1470 4240 1518 4311 ibi
1528 4247 1626 4312 arant
1637 4259 1675 4310 00
1685 4236 1816 4310 exinde
1829 4235 2024 4308 diviserunt

604 4379 639 4441 et
650 4369 788 4441 iverunt
802 4391 922 4440 versus
931 4368 1128 4440 Cremonam
1138 4377 1173 4456 et
1182 4367 1217 4436 in
1228 4366 1312 4437 alias
1326 4373 1441 4460 partes
1448 4375 1483 4436 01
1497 4365 1533 4434 in
1546 4363 1720 4435 civitatem
1732 4361 1903 4433 Placentia
1913 4359 2022 4454 appli-

604 4501 750 4566 cuerunt
761 4493 874 4583 multi,
889 4491 947 4564 die
963 4492 1095 4564 sabbati
1105 4491 1228 4562 XXVll
1240 4489 1446 4562 decembris.
1459 4491 1500 4562 Et
1507 4487 1653 4560 Cabrius
1670 4485 1851 4557 deTrexio
1867 4494 1902 4554 et
1919 4485 2022 4554 irater

603 4630 637 4691 et
648 4639 770 4690 omnes
780 4617 829 4688 1111
842 4617 903 4711 qui
913 4619 990 4709 ejus
1006 4617 1186 4688 occasione
1201 4615 1334 4686 banniti
1342 4623 1453 4702 erant,
1466 4612 1524 4685 dia
1537 4611 1713 4683 dominico
1724 4608 1804 4679 XXl
1820 4605 2022 4678 1101010110-

604 4741 903 4816 cambrisaxtracti
912 4739 956 4814 de
966 4741 1081 4812 banno
1092 4739 1285 4821 communis
1298 4737 1415 4810 Laude
1426 4737 1462 4808 in
1472 4735 1648 4808 civitatem
1662 4731 1780 4804 Laude
1791 4733 2019 4802 intraverunt.
