4554 6080
803 613 845 674 lN
870 614 1011 676 l'l'llhlll
1035 614 1185 678 uastis.
1638 610 1699 674 259

286 752 324 822 in
349 749 536 824 concordia
564 748 648 822 data
670 748 734 820 luit
762 749 905 824 licencia
931 759 966 824 et
996 759 1145 847 potestas
1175 749 1291 824 comiti
1319 749 1484 822 Ubertino
1507 747 1553 822 de
1581 747 1701 822 Laudo

286 881 321 946 et
342 873 405 946 Xll
428 872 646 968 sapientibus
670 872 763 945 illius
786 873 935 948 civitatis
960 876 1126 968 tratandi‚
1155 873 1338 948 ordinandi
1367 882 1401 946 et
1427 871 1576 946 faciendi
1601 873 1700 966 quic·

286 997 374 1092 quid
401 996 452 1070 cis
475 997 643 1092 placuerit
664 1016 770 1092 super
789 997 887 1070 lactis
907 998 1080 1072 Placentie
1103 999 1140 1070 in
1157 999 1331 1071 omnihus.
1353 998 1488 1084 Quibus
1507 997 1560 1070 ita‘
1574 995 1702 1092 paratis

287 1120 383 1195 idem
400 1142 517 1194 comes
539 1121 605 1194 ivit
626 1121 829 1196 Cremonam
847 1121 1120 1216 adloquendum
1136 1123 1181 1196 de
1195 1121 1357 1219 predictis
1375 1144 1455 1194 cum
1471 1121 1598 1194 Uherto
1611 1142 1703 1193 mar·

288 1244 414 1320 chione
444 1245 643 1320 Palavicino
674 1257 709 1318 et
737 1246 949 1343 sapientibus
973 1247 1157 1340 Cremona,
1188 1246 1361 1320 narrando
1389 1255 1424 1319 ct
1453 1244 1603 1319 dicendo
1633 1244 1704 1318 do-

288 1370 386 1442 mino
408 1370 602 1445 marchioni
622 1370 717 1465 quod
732 1371 835 1444 amici
857 1370 993 1466 ejusde
1011 1372 1182 1446 Placentia
1202 1365 1364 1445 volebant
1387 1369 1608 1443 concordium
1625 1391 1706 1442 cum

289 1493 444 1566 Ecclesia
462 1503 497 1567 et
513 1493 653 1567 domino
665 1516 769 1589 papa,
785 1503 820 1568 et
828 1494 857 1567 si
874 1495 950 1590 ipse
967 1495 1106 1568 volebat
1122 1517 1199 1568 asse
1215 1517 1295 1567 cum
1306 1493 1606 1584 Cremonensibus,
1624 1493 1707 1586 pla-

290 1616 394 1690 cebat
414 1617 500 1708 sibi3
528 1617 681 1712 alioquin
701 1618 890 1690 Placentini
910 1619 1074 1692 volebant
1095 1619 1318 1692 concordium
1342 1639 1404 1712 pro
1431 1637 1480 1689 se.
1509 1616 1551 1688 Et
1574 1624 1707 1689 tantum

292 1741 473 1836 instigavit
497 1741 612 1814 dictus
635 1762 751 1814 comcs
768 1743 883 1837 ipsum
898 1743 1130 1846 marchionem
1146 1742 1241 1838 qnod
1263 1743 1330 1814 sibi
1350 1741 1482 1837 placuit
1498 1741 1610 1812 lacere
1625 1761 1709 1836 pro-

292 1863 422 1938 dictam
444 1864 679 1938 concordiam.
696 1864 796 1938 Unde
822 1864 868 1939 dc
896 1865 1039 1938 consilio
1061 1865 1145 1939 dicti
1172 1863 1306 1938 comitis
1334 1863 1410 1958 ipso
1431 1863 1584 1936 marchio
1607 1864 1710 1957 elegit

294 1989 469 2084 sapientes
487 1988 652 2062 Cremona
666 1989 791 2061 XXllll
811 1988 886 2061 sine
904 2009 1073 2062 consensu
1094 1997 1129 2062 et
1150 1988 1293 2060 sciemia
1314 1985 1407 2058 Bosii
1424 1985 1470 2059 dc
1485 1985 1656 2077 bovaria,
1677 1994 1712 2060 et

294 2132 409 2186 coram
435 2112 520 2207 ipsis
539 2112 753 2206 sapientibus
776 2111 954 2208 proposuit
974 2112 1088 2184 dietus
1111 2132 1226 2184 comes
1247 2109 1401 2206 predicta
1421 2110 1529 2182 verba
1549 2131 1620 2204 qne
1642 2112 1712 2206 pla·

298 2246 445 2310 cuemnt
459 2235 634 2308 omnibns.
655 2237 793 2329 nequo
815 2237 905 2309 lacto
928 2237 1075 2308 multum
1097 2235 1257 2332 diplicuit
1276 2235 1415 2308 domino
1432 2235 1534 2308 Bosio
1549 2237 1611 2330 qui
1628 2244 1712 2308 tunc

297 2359 388 2434 dixit
400 2359 590 2432 marchioni
610 2385 619 2430 ε
642 2359 838 2450 «Domine,
859 2359 952 2432 istud
976 2359 1065 2431 hene
1084 2367 1157 2431 erat
1170 2360 1238 2432 tale
1260 2360 1389 2432 lactum
1406 2357 1501 2452 quod
1514 2379 1580 2453 ego
1599 2357 1714 2431 debe-

298 2483 379 2558 bam
395 2494 475 2557 ants
488 2482 578 2557 illud
592 2483 680 2556 scira
695 2491 730 2556 et
744 2481 867 2556 audire
877 2505 982 2578 quam
998 2491 1089 2556 esset
1105 2483 1303 2578 expositum
1320 2503 1437 2555 coram
1448 2483 1674 2578 sapientibus.
1692 2507 1710 2552 r

295 2609 539 2682 Verumtamen
547 2607 605 2680 vel
616 2607 710 2680 nolet
723 2607 780 2681 val
791 2608 884 2681 velet
896 2608 1046 2702 oportuit
1055 2605 1152 2701 quod
1164 2607 1269 2697 velet,
1283 2615 1317 2680 et
1331 2606 1398 2678 hoc
1409 2607 1474 2677 luit
1488 2606 1597 2700 prima
1610 2627 1715 2682 causa

298 2731 371 2806 odii
383 2730 479 2826 qnod
492 2731 602 2804 crevit
616 2731 705 2804 inter
721 2728 900 2804 dominum
919 2731 1152 2804 marchionem
1168 2739 1204 2804 et
1219 2729 1398 2802 dominnm
1413 2729 1566 2802 Bosium.

347 2853 419 2928 Sed
440 2853 686 2926 nichilominus
705 2853 851 2926 concilio
870 2854 1023 2948 generali
1046 2853 1174 2948 placuit
1188 2853 1278 2926 sicut
1290 2853 1465 2948 placuerat
1482 2853 1625 2926 oonsilio
1639 2853 1715 2928 Pla·

300 2978 425 3052 ceutie.
447 2978 491 3050 Et
513 2977 652 3052 rediens
678 2977 715 3049 in
737 2978 945 3052 Placentiam
969 2978 1065 3052 idam
1087 2999 1203 3052 comes
1225 2977 1348 3050 habuit
1369 2977 1511 3064 electos,
1531 2985 1566 3050 at
1585 2977 1716 3073 placuit

299 3101 514 3198 sapientibus
530 3099 731 3174 hominihus
748 3099 922 3175 destinare
935 3101 1114 3174 dominum
1131 3103 1295 3196 Jacopnm
1314 3099 1360 3172 do
1376 3099 1553 3173 Peooraria
1568 3109 1603 3172 et
1620 3100 1716 3172 Cuil-

301 3227 443 3299 lelmum
460 3224 625 3297 Brnolum
645 3223 739 3297 cives
754 3225 967 3298 Placentinos
986 3223 1032 3298 ad
1049 3225 1180 3297 curiam
1194 3223 1328 3296 domini
1346 3244 1434 3318 papa
1455 3245 1518 3318 pro
1532 3221 1716 3296 concordia

300 3349 522 3444 inquirenda.
539 3347 702 3424 Similiter
715 3347 845 3443 placuit
861 3347 1147 3423 Cremonensibus
1167 3348 1252 3422 alios
1274 3368 1356 3419 suos
1375 3345 1516 3418 nuntios
1539 3347 1584 3420 ad
1603 3345 1716 3443 ipsam

301 3472 432 3545 curiam
447 3469 633 3544 destinare.
1708 3446 1713 3456 ¹

350 3597 396 3668 hl.
417 3593 480 3668 CC.
501 3595 618 3685 LXVI,
640 3592 686 3667 de
703 3614 821 3668 mensa
836 3595 969 3690 aprilis,
992 3593 1135 3688 predicti
1152 3592 1393 3666 ambaxatores
1408 3593 1565 3666 instructi
1580 3593 1626 3667 de
1641 3615 1716 3668 orn·

301 3717 405 3790 nibus
417 3716 552 3791 vadunt
567 3716 614 3791 ad
637 3717 768 3792 curiam
785 3717 916 3790 domiui
932 3739 1020 3814 pape
1039 3737 1101 3814 pro
1117 3717 1279 3811 predictis
1296 3717 1522 3814 complendis.
1539 3719 1643 3794 blodo
1665 3729 1718 3795 est

303 3841 523 3935 divulgatum
538 3863 600 3936 per
614 3849 721 3914 wtam
737 3841 910 3914 civitatem
924 3842 1087 3915 Cremona
1101 3850 1136 3915 et
1151 3841 1323 3915 Placentie
1339 3849 1374 3914 et
1386 3863 1454 3938 pax
1475 3851 1510 3915 et
1530 3845 1717 3920 concordia

301 3973 424 4038 tratatu
435 3985 515 4037 cnm
529 3963 694 4037 Ecclesia.
707 3962 760 4034 llli
776 3962 837 4057 qui
854 3961 1023 4036 dicuntae
1037 3985 1113 4038 esse
1132 3962 1178 4036 de
1195 3973 1292 4060 parte
1303 3965 1456 4038 Ecclesia
1472 3967 1670 4039 exaltantur
1682 3977 1718 4041 ct

302 4088 424 4163 dicunt
437 4087 547 4160 multa
561 4086 667 4160 verba
683 4093 718 4159 et
732 4087 874 4160 elevatis
886 4086 1055 4182 capitibus
1066 4087 1249 4178 incedunt;
1264 4097 1441 4182 magnates
1452 4091 1717 4165 veroPlacentie

300 4212 417 4307 quise
434 4211 598 4286 dicabant
611 4231 687 4284 esse
707 4209 753 4284 de
768 4219 864 4305 parte
877 4209 1084 4284 marchionis
1099 4220 1135 4284 et
1148 4212 1210 4307 qni
1229 4212 1356 4287 multos
1377 4212 1525 4286 honores
1544 4234 1608 4309 pro
1625 4235 1668 4288 eo
1683 4223 1718 4288 et

301 4335 375 4430 ipsa
397 4331 404 4432 Ι
426 4333 1718 4431 partehabuerant,sicutsuntlohanncsdePortadeSalicio,lohanneslieus
1751 4371 1916 4420 renuam.

303 4459 349 4534 dc
356 4460 468 4552 Porta,
478 4457 586 4554 Opizo
597 4457 736 4552 Balbus,
753 4455 830 4531 Odo
840 4457 1060 4532 Manchasola
1068 4466 1103 4530 et
1114 4456 1323 4550 consimiles,
1331 4457 1503 4554 incipiunt
1511 4460 1718 4538 maledicere

303 4581 348 4656 de
363 4581 563 4656 marchione
578 4589 612 4654 et
630 4579 675 4654 de
690 4581 815 4653 comite
832 4581 898 4654 isto
912 4602 992 4653 cnm
1010 4600 1082 4675 quo
1094 4578 1234 4653 cottidie
1255 4579 1485 4665 comedebant
1500 4591 1535 4678 at
1556 4604 1718 4678 magnam

304 4703 568 4778 familiaritatem
582 4703 686 4778 etiam
700 4703 875 4778 habebant
889 4713 924 4781 et
945 4705 1021 4798 ejus
1033 4704 1250 4778 consorcium
1266 4705 1398 4780 evitare
1416 4715 1450 4779 et
1466 4727 1545 4780 cum
1562 4710 1637 4802 ejus
1652 4709 1719 4782 ini-
