4534 6074
625 613 666 676 58
1047 615 1287 679 cttttonttcott
1309 616 1613 680 Pnacnttttttott.

624 745 956 834 molismeuses
972 761 1123 822 castrum
1139 751 1185 823 de
1200 751 1369 844 Curtisiis‚
1385 755 1556 826 Baxolum
1568 761 1603 826 ot
1618 753 1862 849 Bnedolannm,
1879 760 2038 832 Sandnm

623 870 771 962 Vidum,
790 871 1013 965 Bardemam,
1034 875 1302 948 blonestarolom
1326 899 1406 948 oum
1428 876 1550 972 burgis
1566 898 1687 950 eorum
1708 893 1875 976 oeperunt
1901 892 1936 955 ot
1957 881 2040 958 des-

622 1005 808 1069 truxerunt
830 1007 865 1070 et
888 997 971 1090 igne
996 1009 1250 1074 cremaverunt.
1278 1000 1442 1072 Similiter
1471 1003 1696 1098 quamplures
1722 1005 1894 1078 Plaoentie
1918 1007 2040 1080 milites

622 1142 703 1192 oum
724 1121 900 1216 aliquibus
918 1144 1037 1196 eorum
1055 1123 1204 1196 civitatis
1229 1123 1414 1217 sagittariis
1438 1123 1486 1198 ad
1511 1127 1741 1199 castellariam
1767 1127 1813 1202 de
1829 1128 1951 1204 Casula
1969 1132 2039 1205 blo·

621 1256 696 1318 rato
713 1246 826 1335 ivere;
850 1245 938 1319 illud
960 1245 1103 1342 quidem
1128 1247 1273 1320 virilitor
1293 1259 1638 1341 expugnaveramus
1659 1251 1744 1345 quia
1763 1253 1916 1348 pervim
1938 1275 2037 1349 oepe-

619 1379 719 1462 runt,
737 1370 825 1444 illud
840 1381 875 1442 et
892 1371 1031 1444 blavam
1055 1372 1199 1444 multam
1218 1380 1254 1444 et
1275 1393 1360 1444 vasa
1385 1373 1652 1446 innumerabilia
1669 1383 1705 1448 et
1726 1375 1813 1448 alias
1835 1397 1891 1450 res
1909 1399 1978 1472 qne
2001 1378 2037 1450 in

619 1494 695 1589 ipso
709 1494 854 1567 aderant
871 1495 946 1567 loco
960 1504 1126 1592 oeperunt
1139 1505 1173 1568 et
1189 1496 1446 1568 oombnsernnt.

667 1619 731 1691 llie
761 1619 845 1691 lone
871 1619 1033 1691 veniente
1068 1629 1177 1692 eastra
1216 1629 1401 1692 moverunt
1430 1619 1553 1692 armati
1584 1629 1620 1692 et
1648 1621 1803 1695 asulereti
1838 1624 2033 1714 venientes,

618 1742 735 1816 omnia
757 1743 883 1815 fossata
896 1753 930 1814 et
944 1752 1094 1837 pantana
1121 1752 1356 1832 transeuntes,
1376 1752 1411 1816 et
1426 1743 1530 1816 etiam
1556 1744 1709 1838 aliquem
1735 1744 1782 1818 de
1806 1745 1954 1818 inimicis
1971 1749 2035 1820 mi·

617 1867 712 1938 nime
745 1867 978 1956 invenientes,
1004 1889 1069 1939 sua
1094 1867 1182 1938 inter
1213 1867 1450 1940 Zuvenoldum
1478 1877 1514 1940 et
1536 1868 1728 1940 Sentinum·
1744 1878 1936 1963 posuerunt
1960 1881 2034 1944 ten·

616 1992 715 2063 toria.
741 1991 826 2062 Cum
851 2001 967 2064 autem
988 1990 1047 2063 die
1063 1992 1182 2063 martis
1211 1993 1271 2064 llll
1294 1992 1422 2064 mensis
1450 1991 1529 2084 julii
1555 2013 1694 2064 summo
1723 1991 1879 2064 diluenlo
1907 2014 2033 2088 propo-

615 2117 764 2187 suissent
798 2137 939 2188 movere
962 2125 1095 2207 eastra,
1123 2115 1288 2188 Cremona
1320 2123 1471 2211 puteales
1497 2115 1765 2188 instrumentum
1787 2114 1967 2211 publicum
1993 2139 2035 2192 aa

614 2239 769 2334 predicta
785 2238 842 2312 die
856 2240 939 2311 lune
952 2239 1139 2312 Mediolani
1151 2240 1310 2334 potestati
1322 2239 1453 2314 direxit
1468 2239 1505 2310 in
1521 2260 1593 2335 qno
1607 2239 1848 2313 eontinebatur
1859 2239 1891 2312 si
1904 2261 2034 2313 moram

614 2363 663 2436 ibi
682 2386 794 2457 usqne
813 2363 860 2436 ad
880 2363 983 2436 aliam
1009 2363 1103 2436 diem
1125 2365 1171 2438 ad
1192 2364 1313 2436 boram
1333 2385 1424 2438 none
1451 2365 1618 2452 iuuerunt,
1636 2365 1733 2459 qnod
1756 2365 1839 2437 belli
1863 2367 2033 2438 fortunam

614 2510 693 2559 oum
730 2488 781 2560 eis
811 2496 1029 2583 temptarent.
1060 2489 1173 2582 Super
1203 2510 1275 2582 qno
1309 2487 1428 2560 babitu
1458 2489 1622 2562 uonsoilio
1654 2488 1785 2584 placuit
1818 2489 2033 2584 sapientibus

613 2611 742 2684 ibidem
759 2633 892 2684 moram
908 2613 1021 2683 iuuere
1037 2611 1176 2702 debere,
1188 2620 1223 2682 et
1240 2612 1501 2707 responsionem
1519 2613 1555 2683 in
1573 2612 1640 2686 bno
1652 2613 1763 2684 torma
1778 2613 1939 2707 potestati
1955 2613 2032 2685 Cre·

612 2757 716 2809 mone
729 2737 903 2823 lecerunt,
925 2735 1054 2807 scilicet
1068 2734 1163 2830 quod
1179 2756 1219 2808 ea
1241 2733 1298 2808 dis
1316 2745 1352 2808 et
1366 2735 1424 2808 die
1442 2737 1600 2831 sequemi
1618 2737 1776 2809 etaltera
1797 2735 1856 2808 die
1879 2736 2031 2810 venienti

613 2883 673 2935 eos
696 2861 852 2934 invenire
869 2868 1044 2956 poterunt.
1066 2861 1187 2933 Terras
1205 2881 1342 2946 eorum,
1361 2859 1462 2932 villas
1482 2868 1517 2932 et
1535 2859 1677 2950 domos,
1700 2860 1824 2932 vineas
1841 2869 1875 2932 et
1893 2859 2032 2932 arbones

613 2987 694 3080 igne
724 2995 984 3077 cremaverunt,
1015 2984 1206 3057 incidentes
1239 2995 1274 3057 et
1302 2984 1517 3058 destruentes
1542 2983 1587 3056 ad
1615 2983 1893 3078 magnitudinem
1927 2994 1960 3057 ot
1986 2983 2032 3056 ad

611 3113 778 3184 honorem
807 3109 955 3181 sublime
982 3105 1056 3204 (sio)
1075 3109 1225 3180 civitatis
1247 3107 1431 3180 Mediolani
1452 3118 1488 3180 et
1513 3109 1685 3180 Pleoentie
1705 3118 1740 3182 et
1763 3109 1920 3181 omnium
1945 3109 2031 3181 ami-

613 3257 732 3308 cornm
755 3255 876 3307 eorum
903 3233 1009 3306 etad
1037 3233 1263 3328 obprobrium
1289 3234 1416 3328 pariter
1445 3243 1479 3307 et
1509 3232 1753 3306 detrimentum
1777 3233 1928 3306 civitatis
1953 3231 2031 3304 Cre·

612 3381 716 3434 mone
740 3369 774 3433 et
791 3359 981 3432 amicorum
1009 3379 1143 3430 eorum.
1160 3359 1225 3430 Die
1241 3357 1362 3430 martis
1388 3355 1543 3452 predicta
1561 3367 1639 3452 post
1656 3357 1777 3429 horam
1802 3356 1944 3430 teroiam
1962 3364 2030 3428 mm

613 3485 749 3581 pedites
779 3505 884 3578 quam
915 3483 1043 3554 milites
1078 3502 1199 3554 omnes
1232 3481 1278 3554 do
1309 3481 1466 3553 exercitu
1500 3482 1623 3554 armati
1657 3481 1787 3576 pariter
1817 3489 1852 3552 et
1875 3479 2030 3552 asolerati

612 3631 737 3682 versus
750 3605 987 3681 Zovonoldum
1005 3605 1193 3696 redientes,
1205 3604 1454 3677 Cremonenses
1470 3613 1505 3677 et
1523 3605 1709 3698 Pupiensee
1723 3603 1773 3674 ibi
1790 3612 2028 3698 expectantes,

613 3733 765 3827 aliquem
792 3752 911 3804 eorum
940 3730 1083 3801 minime
1108 3727 1288 3819 videntes,
1317 3749 1449 3800 moram
1473 3746 1585 3822 usque
1611 3726 1659 3800 ad
1685 3747 1812 3798 nonam
1842 3727 2027 3819 iacientes,

613 3877 694 3926 cnm
724 3853 820 3927 omni
846 3852 1003 3926 exercitu
1025 3848 1108 3924 indu
1132 3851 1307 3924 redientes
1332 3851 1512 3944 temptoria
1537 3851 1641 3941 juxta
1658 3848 1850 3921 Sunoinum
1872 3849 1933 3943 ligi
1956 3871 2030 3944 pre·

613 3986 793 4075 oeperunt.
820 3977 885 4048 Dio
908 3997 994 4048 vero
1010 3975 1173 4047 mercurii
1195 3977 1226 4046 V
1250 3975 1378 4046 mensis
1395 3973 1472 4067 julii
1501 3973 1631 4066 burgos
1658 3972 1748 4046 duos
1772 3993 1918 4066 magnos
1941 3973 2030 4046 oiroa

615 4113 766 4176 oestrum
791 4099 924 4174 Sontini
944 4100 1092 4194 positos,
1118 4099 1240 4172 domos
1267 4107 1301 4170 et
1323 4098 1511 4170 caminatas
1529 4117 1673 4188 magnas
1694 4105 1730 4167 et
1755 4104 1925 4186 muratas,
1950 4117 2030 4166 mo-

614 4226 756 4300 lendina
774 4245 917 4320 quoque
939 4243 1066 4318 magna
1086 4231 1120 4295 et
1143 4231 1292 4314 murata,
1318 4221 1459 4294 arbores
1477 4231 1513 4294 et
1531 4220 1652 4292 vineas
1677 4227 1713 4290 et
1730 4218 1816 4289 alias
1840 4239 1895 4289 res
1912 4239 1982 4312 que
2002 4214 2009 4314 Ι

615 4360 712 4426 erant
732 4350 824 4422 oirua
842 4348 1021 4420 Sentinum
1042 4347 1171 4442 positas
1192 4347 1389 4420 inuiderunt
1412 4354 1447 4417 ot
1468 4343 1717 4416 destruxerunt
1737 4350 1771 4414 et
1795 4340 1878 4437 igne
1898 4361 2029 4412 orema-

614 4483 751 4549 verunt.
763 4474 827 4545 Die
844 4493 926 4544 vero
939 4471 1032 4563 iovis
1047 4471 1218 4566 proxima,
1240 4470 1359 4541 castris
1374 4467 1504 4540 ibidem
1520 4466 1748 4556 morantibus,
1763 4464 1879 4536 villam
1895 4463 2029 4536 Florani

614 4608 649 4671 et
664 4597 839 4684 Garivani,
856 4595 996 4667 arbores
1011 4605 1046 4666 et
1063 4593 1196 4679 vineas,
1215 4592 1411 4684 legnaminu
1428 4591 1536 4662 multa
1555 4589 1760 4685 depopulari
1777 4589 1947 4678 lecerunt,
1963 4587 2028 4658 ini·

614 4723 724 4794 mioos
740 4720 843 4792 etiam
861 4739 981 4790 eorum
998 4717 1241 4789 Cremonenses
1260 4715 1418 4787 similiter
1431 4721 1665 4808 expectantes.
