4594 6066
593 659 655 722 200
1017 643 1025 656 “
1070 647 1311 710 CllRONlCON
1335 649 1387 710 llll
1412 649 1541 712 REBUS

592 789 805 887 argumentis
823 795 1005 883 suspectus
1026 783 1187 856 babetur.
1205 783 1357 856 Plurima
1376 784 1554 880 siquidem
1578 807 1660 860 eum
1682 791 1913 865 commississe
1935 815 2012 888 per·

587 915 682 1009 Juria
699 913 783 986 satis
795 919 901 1008 patet.
918 910 1005 982 Nem
1020 908 1104 980 olim
1122 929 1203 978 enm
1217 907 1252 978 in
1266 907 1401 982 Scicilie
1414 910 1571 1004 partibus
1584 912 1794 1006 morabatur,
1808 915 2011 1011 priusquam

591 1047 683 1112 esset
697 1037 744 1110 ad
761 1034 897 1131 imperii
912 1031 1115 1126 dignitatem
1130 1031 1281 1122 electus,
1298 1052 1412 1104 coram
1428 1031 1521 1104 bone
1534 1034 1699 1108 memorie
1713 1035 1755 1107 G.
1772 1038 1888 1110 Sancti
1901 1040 2009 1114 Theo·

591 1162 669 1236 dori
686 1160 833 1234 diacono
850 1151 1059 1254 [cardinali],
1081 1151 1275 1249 Apostolice
1290 1152 1390 1227 Sedis
1407 1154 1538 1248 legato,
1558 1155 1667 1228 lelicis
1687 1159 1935 1234 reeordationis
1955 1163 2010 1234 ln·

591 1283 750 1358 nocentio
781 1301 869 1375 pepe
899 1275 1134 1374 predecessori
1164 1283 1280 1348 nostro
1312 1283 1348 1348 et
1375 1277 1634 1350 successoribus
1680 1281 1756 1372 ejus
1795 1283 2011 1377 ecclesieque
2065 1303 2067 1307 ’

591 1409 744 1480 Romane
757 1425 817 1499 pro
833 1400 1054 1474 concessione
1069 1398 1168 1491 regni
1182 1399 1319 1472 Scicilie
1333 1399 1379 1472 ab
1396 1399 1517 1471 eadem
1530 1400 1685 1474 Ecclesia
1698 1403 1766 1474 sibi
1782 1404 1885 1496 lacta,
1900 1404 2009 1479 lideli·

592 1531 672 1604 tatis
696 1527 846 1624 prestitit
867 1527 1123 1618 juramentum,
1149 1531 1203 1614 et,
1223 1522 1315 1594 siout
1339 1520 1484 1611 dicitur,
1508 1521 1598 1594 illud
1625 1521 1738 1616 idem,
1761 1537 1944 1620 postquam
1965 1528 2010 1601 ad

593 1650 742 1726 eandem
763 1650 967 1744 dignitatem
990 1647 1120 1718 electus
1140 1645 1256 1717 extitit
1270 1653 1305 1718 et
1319 1645 1418 1717 venit
1439 1645 1487 1720 ad
1510 1646 1657 1739 Urbem,
1681 1669 1798 1720 coram
1816 1651 2012 1725 Innocentio

593 1775 737 1870 suisque
762 1773 925 1846 iratribus
957 1778 991 1843 et
1018 1768 1095 1842 aliis
1124 1769 1240 1840 multis
1264 1769 1483 1864 presentibus
1505 1769 1628 1862 ligium
1653 1768 1848 1844 hominium
1876 1774 1912 1844 in
1938 1775 2013 1867 ejus

594 1899 723 1974 iaciens
751 1897 912 1968 munibus
949 1893 1142 1966 innovavit.
1181 1891 1317 1966 Deinde
1347 1914 1427 1971 eum
1461 1893 1499 1963 in
1531 1891 1713 1966 Alamania
1749 1904 1862 1983 esset,
1900 1897 2012 1970 eidem

593 2021 792 2097 lnnccentic
815 2016 876 2116 [et]
900 2018 975 2112 ipso
1001 2014 1165 2088 delunoto
1188 2015 1280 2088 bone
1304 2016 1470 2088 memorie
1484 2015 1635 2090 Honorio
1662 2037 1753 2112 pepe
1779 2016 2012 2112 predecessori

593 2155 710 2222 nostro
727 2155 761 2217 et
775 2146 852 2236 ejus
870 2139 1130 2213 suecessoribus
1148 2159 1190 2210 nc
1204 2138 1270 2234 ipsi
1288 2139 1433 2212 ecelesie
1448 2140 1623 2232 Romane,
1643 2141 1861 2234 presentibus
1878 2140 2012 2236 imperii

594 2269 809 2368 principibus
837 2275 941 2359 atque
969 2263 1168 2354 nobilibus,
1192 2263 1325 2354 juravit
1343 2262 1512 2354 honores,
1534 2263 1615 2356 jure
1642 2272 1677 2336 et
1700 2263 1936 2359 possessiones
1963 2265 2012 2358 (a)

593 2395 745 2470 Romane
763 2384 941 2489 [Ecclesie]
961 2409 1022 2482 pro
1037 2407 1139 2482 posse
1153 2407 1218 2457 suo
1237 2407 1376 2460 servare
1391 2408 1433 2460 ac
1450 2396 1631 2484 protegere
1647 2387 1741 2460 bona
1760 2385 1831 2460 fide
1850 2397 1886 2460 et
1898 2387 2014 2482 qnod-

594 2539 744 2611 oumque
763 2515 809 2588 ad
826 2533 951 2584 manus
968 2532 1049 2582 suas
1064 2510 1260 2605 pervenerit
1277 2510 1354 2582 sine
1380 2509 1583 2584 difficultate
1597 2519 1798 2606 procuraret
1815 2511 2011 2598 restituere,

594 2639 782 2714 nominatis
796 2635 988 2731 expressim
1004 2633 1106 2706 dietis
1127 2633 1406 2727 possessionibus
1424 2633 1460 2704 in
1477 2633 1678 2724 hujusmodi
1692 2635 1903 2726 juramento,
1920 2634 2014 2730 quod

594 2771 672 2860 post
686 2759 827 2834 modum
852 2757 1071 2832 confirmavit
1086 2777 1251 2829 coronam
1270 2756 1405 2852 imperii
1416 2757 1492 2848 jem
1509 2755 1671 2852 adeptus.
1690 2757 1761 2830 Sed
1779 2778 1900 2828 eorum
1914 2758 2015 2830 trium

592 2893 866 2980 juramentorum
881 2881 1083 2955 temerarius
1098 2879 1212 2952 extitit
1224 2877 1370 2952 violator
1384 2899 1455 2952 non
1470 2879 1546 2952 sine
1564 2877 1770 2974 proditionis
1793 2889 1875 2952 nota
1889 2888 1925 2952 et
1946 2881 2016 2954 lese

596 3009 741 3084 crimine
769 3005 968 3099 mejestatis.
994 3003 1082 3076 Nam
1105 3012 1223 3074 contre
1250 3001 1421 3097 prelatum
1446 3000 1727 3095 predecessorem
1750 3001 1955 3095 Gregorium
1982 3015 2017 3078 et

597 3135 717 3206 fratres
735 3153 817 3204 suos
835 3127 1113 3203 comminatorias
1130 3124 1177 3222 (b)
1196 3127 1326 3198 litteras
1345 3123 1479 3198 eisdem
1502 3124 1666 3198 tratribus
1688 3124 1863 3200 destinare
1880 3148 1923 3199 ec
1939 3125 2018 3200 dic-

596 3266 671 3328 tum
681 3255 885 3350 Gregorium
899 3251 995 3348 apud
1009 3252 1128 3322 fratres
1142 3271 1237 3342 suos,
1253 3249 1344 3322 sicut
1359 3257 1501 3344 apparet
1518 3268 1579 3341 per
1595 3246 1726 3320 litteras
1739 3248 1786 3320 ab
1799 3248 1923 3322 eodem
1936 3261 2018 3322 tunc

598 3378 745 3452 directas
759 3377 890 3450 eisdem
904 3385 938 3450 et
955 3375 1059 3448 etiam
1076 3383 1179 3469 prout
1196 3374 1304 3446 fertur
1316 3393 1378 3466 per
1394 3371 1598 3444 universum
1613 3372 1684 3443 lere
1696 3371 1815 3444 orbem
1833 3381 2014 3466 terrarum,

597 3501 832 3597 multipliciter
857 3497 1036 3572 diffamare
1055 3494 1098 3592 (c)
1123 3495 1353 3591 presumpsit,
1375 3515 1417 3566 ec
1439 3492 1675 3568 venerabilem
1700 3495 1838 3566 fratrem
1865 3494 1908 3567 0.
1932 3497 2018 3570 Por-

598 3619 1134 3698 tnensemtuneSanotiNicbolai
1147 3619 1183 3690 in
1197 3617 1501 3692 CarcereTulliano
1522 3615 1529 3715 Ι
1550 3617 1736 3692 diaconum
1750 3618 2019 3714 cardinalem,et

597 3754 689 3827 bone
702 3750 867 3822 memorie
878 3749 909 3818 J.
920 3744 1158 3820 Prenestinnm
1172 3744 1353 3839 episcopos
1363 3742 1558 3839 Apostolice
1569 3741 1670 3816 Sedis
1683 3743 1828 3837 legatos,
1843 3743 1973 3816 nobilia
1983 3753 2019 3818 ct

598 3896 725 3970 magna
747 3870 900 3945 Ecclesie
923 3869 1077 3941 Romane
1099 3867 1270 3960 membre,
1290 3867 1515 3962 personaliter
1540 3867 1619 3962 capi
1645 3867 1727 3940 fecit
1753 3877 1788 3940 et
1804 3867 1906 3940 bonis
1932 3890 2018 3964 spc-

598 3999 698 4071 liatcs
716 3995 766 4092 (d)
784 4017 826 4066 ae
849 4013 911 4088 per
927 3991 1065 4064 diversa
1085 3989 1159 4062 loca
1184 4011 1254 4063 non
1275 3989 1382 4064 semel
1404 3988 1634 4085 ignominiose
1657 3987 1825 4064 deductos
1839 3989 1886 4086 (e)
1903 4011 2017 4064 carce-

640 4224 683 4307 (a)
704 4226 740 4286 In
753 4223 853 4284 codice
861 4237 944 4301 pote,
960 4219 1062 4281 addita
1075 4217 1201 4296 parvulo
1221 4218 1306 4297 stgno
1324 4215 1404 4280 unde
1421 4233 1525 4280 vocem
1549 4217 1683 4278 dtvtnere
1696 4220 1795 4294 potius
1817 4233 1908 4296 qnam
1925 4217 2020 4296 legere

598 4337 739 4410 oportent.

639 4435 684 4518 (b)
704 4437 741 4498 In
753 4434 854 4495 eodlce
866 4431 1107 4493 continuatoriae.

641 4542 679 4622 (e)
705 4544 741 4602 ln
754 4541 855 4602 eodlce
866 4537 1022 4600 destinare.

641 4646 685 4728 (d)
708 4649 743 4708 ln
757 4646 857 4707 eodlce
869 4642 1008 4724 spoliatis.

642 4753 680 4835 (e)
706 4755 742 4814 ln
755 4752 856 4814 codtea
869 4748 1010 4812 menae.
