4534 6074
825 691 1031 754 inll'nnle
1054 692 1206 754 ansula

449 989 551 1064 Gesta
568 989 779 1084 imperatoria
796 989 932 1060 ilenrici
948 989 1012 1082 filii
1032 989 1161 1062 moini
1178 987 1347 1060 Fredem'ci
1362 989 1583 1083 imperatorne.

355 1211 403 1284 ill.
420 1209 459 1282 C.
473 1207 663 1299 LXXXXI,
680 1204 869 1280 indictione
883 1207 936 1298 X,
958 1205 1017 1280 die
1037 1207 1100 1278 XV
1123 1205 1253 1278 mensis
1274 1205 1409 1300 aprilis,
1433 1225 1498 1278 rex
1517 1203 1725 1277 llenricusa

222 1391 224 1394 -
306 1335 452 1410 domiuo
472 1333 644 1406 Celestino
669 1353 761 1427 papa
784 1332 821 1402 in
845 1331 1084 1426 imperatorem
1109 1331 1339 1403 Romanorum
1360 1328 1426 1400 luit
1443 1337 1625 1402 coronatus
1643 1335 1729 1422 aput

307 1457 431 1530 urbem
461 1457 619 1528 Romam.
648 1453 814 1548 Sequenti
842 1473 934 1525 auno
963 1453 1009 1527 de
1035 1473 1154 1526 mense
1183 1452 1311 1543 madii,
1345 1453 1531 1548 imperator
1559 1453 1728 1526 ilenricus

307 1581 406 1656 venit
430 1581 468 1652 in
495 1577 756 1668 lombardiam,
780 1577 893 1674 primo
917 1578 982 1650 ivit
1003 1577 1253 1667 Mediolanum,
1274 1585 1392 1670 postea
1414 1576 1577 1672 Papiam,
1601 1575 1729 1650 deinde

307 1703 533 1792 Placentiam,
552 1711 587 1772 et
602 1700 747 1774 dimisso
768 1705 774 1790 Ι
795 1700 951 1774 exercitu
967 1722 1032 1773 suo
1049 1701 1085 1772 iu
1102 1699 1320 1786 lombardia,
1334 1699 1503 1792 equitavit
1519 1700 1679 1790 Jauuam,
1695 1709 1730 1771 et
1763 1731 1929 1776 raram.

308 1826 485 1902 exercitus
500 1827 577 1916 ejus
605 1821 737 1895 ductus
759 1823 825 1894 luit
850 1823 887 1894 in
905 1823 1079 1918 Apuliam.
1101 1823 1215 1897 Primo
1233 1822 1407 1894 civitatem
1436 1823 1616 1918 Neapolim
1639 1823 1731 1918 oepit

309 1950 492 2040 obsidere;
518 1946 581 2042 qui
613 1945 735 2018 morbo
764 1954 835 2018 tam
861 1947 937 2041 ipse
965 1945 1015 2042 (a)
1037 1969 1145 2040 quam
1165 1946 1340 2020 exercitus
1366 1947 1542 2018 coniectus
1561 1943 1608 2044 (l)
1628 1946 1732 2018 rediit

308 2073 539 2150 Alamauiam.
555 2073 657 2144 Auno
674 2090 758 2142 vero
770 2077 895 2164 quarto
917 2079 1092 2143 revertens
1108 2079 1216 2142 toturn
1229 2089 1376 2160 regnum
1390 2066 1517 2162 Apulie
1529 2069 1732 2163 subjugavit

309 2199 371 2270 ubi
399 2197 567 2290 plurimos
589 2193 735 2264 rebelles
757 2192 905 2266 diversis
929 2193 1029 2286 penis
1055 2193 1234 2266 cruciavit.
1255 2192 1380 2264 Filium
1399 2189 1622 2288 Tancredilc)
1640 2193 1732 2284 regis

307 2317 491 2390 Sicilorum
506 2338 586 2388 enm
602 2323 711 2388 matre
727 2323 762 2386 et
776 2314 963 2404 Margarito
977 2335 1059 2408 rege
1072 2316 1313 2410 Epirotharum
1327 2335 1445 2388 secum
1464 2317 1501 2387 in
1517 2315 1731 2390 Alamaniam

311 2442 416 2516 duxit
433 2441 610 2538 captivos,
631 2448 667 2514 et
681 2439 780 2512 XXX
802 2459 910 2512 naves
928 2439 1017 2512 ultra
1035 2461 1130 2512 mare
1148 2439 1336 2512 transmisit
1351 2439 1501 2514 militum
1522 2451 1557 2512 et
1574 2439 1731 2535 peditum

309 2565 507 2640 honeratoe.

361 2693 407 2764 M.
421 2691 459 2762 C.
476 2690 515 2760 L.
527 2686 730 2774 XXXXVll,
747 2683 936 2758 indictione
953 2684 1085 2779 prima,
1106 2684 1305 2778 diequarte
1323 2683 1491 2758 kalendas
1508 2683 1676 2776 octubris,
1695 2684 1733 2757 in

310 2814 434 2908 vigilia
459 2812 575 2888 Sancti
600 2807 798 2896 Michaelis,
832 2807 947 2880 dictus
973 2807 1160 2904 imperator
1185 2809 1352 2882 Heurieus
1379 2809 1467 2881 obiit
1493 2809 1529 2879 iu
1556 2809 1733 2884 Siciliain

311 2937 452 3010 civitate
478 2933 626 3008 illuxine
655 2931 747 3031 (sic),
776 2931 897 3004 relicto
924 2929 997 3004 filio
1030 2932 1170 3004 nomine
1202 2931 1384 3006 Frederieo
1413 2954 1496 3026 rege
1523 2933 1653 3024 Sicilie,
1687 2953 1734 3004 ex

312 3058 455 3132 domina
474 3057 679 3130 Constancia
701 3064 891 3151 procreato.
910 3055 1042 3128 Interea
1059 3053 1145 3128 dum
1162 3054 1256 3130 idem
1275 3055 1478 3128 Fredericns
1497 3077 1626 3150 parvus
1642 3065 1740 3146 crat,

311 3182 441 3256 accidit
456 3180 554 3276 quod
575 3201 640 3252 rex
661 3180 871 3254 Francorum
901 3187 936 3252 et
956 3177 1148 3272 Anglorum
1169 3188 1205 3251 et
1228 3179 1287 3252 alii
1314 3201 1414 3273 reges
1442 3189 1476 3252 el
1503 3179 1675 3273 principes
1700 3188 1735 3250 et

313 3317 495 3400 magnates
520 3313 637 3378 essent
654 3302 795 3374 insimul
815 3301 851 3374 in
872 3301 1018 3398 prandio
1035 3303 1255 3396 congregati3
1277 3303 1365 3376 inter
1383 3324 1473 3398 quos
1495 3312 1570 3376 erat
1588 3301 1733 3398 quidam

313 3427 551 3502 nobilissimus
571 3425 716 3520 juvenis
732 3425 854 3521 pulcer
869 3424 974 3498 nimis
990 3425 1130 3499 nomine
1147 3426 1311 3516 Oetonns,
1333 3425 1378 3500 de
1396 3446 1522 3520 genere
1539 3427 1731 3516 Saxonum,

312 3559 456 3645 eratque
471 3571 579 3646 nepos
599 3549 692 3644 regis
707 3548 912 3643 Anglomm.
938 3547 1003 3620 Cui
1023 3569 1088 3622 rex
1104 3549 1230 3644 Anglie
1246 3551 1403 3645 porrexit
1420 3549 1548 3623 obbam
1569 3571 1708 3622 auream
1718 3603 1730 3644 ,

312 3673 461 3746 dicensz
485 3672 698 3768 «Accipite,
728 3693 856 3768 nepos,
883 3694 993 3765 quum
1025 3693 1088 3746 vos
1118 3673 1202 3746 estis
1227 3671 1356 3766 diguus
1389 3672 1542 3746 habendi
1571 3695 1732 3746 coronam

312 3797 494 3871 Alamauie
510 3805 546 3870 et
568 3795 686 3869 adhue
708 3817 787 3870 eam
811 3795 996 3868 habebitis.
1019 3821 1036 3862 ι
1056 3797 1131 3870 Rex
1153 3817 1236 3870 vero
1261 3797 1468 3870 Francorum
1493 3796 1642 3870 audiena
1669 3797 1734 3872 heo

313 3923 421 3994 verba
438 3922 583 3995 extrasit
599 3919 806 3994 cirothecarn
823 3919 868 3992 de
884 3943 989 3992 manu
1009 3942 1073 3993 sua
1089 3932 1123 3994 et
1146 3923 1245 4018 quasi
1263 3922 1427 4016 nugaudo
1446 3925 1599 4020 porrexit
1617 3925 1733 4022 ipsum

313 4047 521 4120 cirothecam
548 4043 616 4141 ipsi
645 4043 797 4136 Octono,
823 4042 943 4117 dicens
965 4070 974 4116 ι
1000 4047 1148 4136 «Tolle,
1177 4045 1319 4142 quando
1347 4047 1519 4120 habebitis
1545 4049 1640 4122 illam
1667 4071 1734 4122 oo-

312 4191 450 4260 muam,
469 4189 537 4264 ego
556 4167 690 4240 tradam
713 4165 816 4240 vobis
830 4167 1004 4242 Zartaram
1024 4167 1373 4266 (l)et1³arisium,»
1392 4179 1426 4245 et
1450 4171 1509 4245 tali
1535 4173 1640 4247 modo
1662 4173 1734 4246 Oe-

356 4359 400 4440 (α)
421 4360 457 4420 Iu
471 4359 573 4422 codiee
585 4357 653 4438 ἕρπ.

355 4463 398 4545 (ἕ)
419 4466 457 4527 In
469 4467 571 4527 eodlee
584 4462 726 4524 amini
737 4461 872 4542 censam.

355 4571 394 4652 (c)
423 4571 461 4632 ln
473 4569 574 4633 eodloa
590 4567 765 4632 Traacdodi.

350 4809 386 4886 (t)
405 4810 477 4870 C'eat
487 4809 696 4885 probablemeut
706 4823 761 4866 une
772 4807 921 4868 traduction
933 4807 1050 4868 barbare
1063 4809 1099 4868 du
1110 4827 1173 4870 nom
1185 4811 1299 4884 irmpais
1313 4811 1450 4874 Cicron.

1536 4919 1573 4974 la
