4568 6064
586 657 647 722 378
1058 660 1300 724 canonicos
1325 665 1376 725 nn
1401 665 1528 728 nunus

585 793 742 868 civitates
757 797 904 870 rebelles
920 797 1008 869 lacte
1030 805 1111 868 sunt
1126 796 1268 870 domino
1287 801 1361 892 regi
1378 801 1523 892 Karolo;
1543 799 1604 894 qui
1622 819 1685 870 rex
1701 805 1807 870 totam
1827 797 1997 870 Sciciliam

585 918 749 1015 perdidit.
761 920 803 992 Et
817 932 912 993 stans
926 943 989 994 rex
998 920 1169 1012 dragonis
1184 943 1246 1016 per
1260 922 1359 996 litora
1374 925 1478 996 maris
1493 945 1615 996 versus
1627 921 1792 992 Tunicam
1806 921 1995 1010 civitatem,

585 1040 643 1116 die
666 1053 789 1117 octavo
807 1043 936 1118 mensis
960 1046 1097 1138 augusti
1116 1045 1256 1118 intravit
1274 1047 1309 1118 in
1329 1049 1500 1120 Soiciliam
1518 1043 1682 1118 habendo
1699 1052 1808 1116 totam
1825 1043 1998 1118 Scioiliam

584 1163 632 1236 ad
647 1187 710 1238 sua
727 1179 905 1261 precepta;
924 1167 969 1241 de
984 1190 1056 1262 quo
1074 1169 1166 1240 lacto
1184 1169 1330 1240 multum
1345 1171 1443 1242 timet
1457 1190 1522 1240 rex
1537 1168 1696 1239 Karolus.
1714 1168 1764 1237 Da
1782 1187 1900 1238 manse
1916 1187 2000 1240 vero

580 1289 671 1380 junii
690 1291 843 1363 marchio
859 1291 1085 1363 Montislarati
1108 1313 1187 1362 cnm
1207 1301 1299 1364 carta
1326 1293 1516 1386 quantitate
1543 1291 1690 1362 militum
1711 1299 1746 1362 at
1769 1289 1889 1383 populi
1918 1291 2000 1362 Ma-

585 1410 727 1504 diolani,
752 1414 873 1508 Papie,
895 1413 1096 1504 Cumarum,
1114 1413 1277 1502 Novaria,
1298 1415 1546 1501 vercellarum,
1568 1413 1648 1504 Ast,
1667 1411 1896 1499 Alexandria,
1918 1413 1999 1484 Tar·

585 1533 677 1608 done
706 1547 741 1610 et
763 1537 910 1608 militum
941 1546 975 1610 at
999 1536 1156 1632 peditum
1179 1537 1401 1610 Montislerati
1431 1537 1599 1609 hostiliter
1626 1536 1722 1608 venit
1746 1535 1782 1605 iu
1806 1533 1999 1607 districtum

585 1659 750 1732 Cremona
773 1683 877 1733 causa
895 1658 1015 1732 eundi.
1037 1659 1137 1732 Unda
1152 1661 1343 1732 sancientes
1366 1661 1613 1734 Cremonenses
1633 1681 1713 1732 cum
1735 1679 1854 1732 eorum
1879 1658 2002 1729 amicis

584 1791 778 1855 statuerunt
799 1783 981 1856 extrahere
1001 1783 1174 1854 carocium
1201 1783 1365 1856 Cremone
1390 1793 1425 1857 et
1449 1793 1668 1857 extruserunt
1694 1792 1729 1854 at
1750 1781 1890 1854 iverunt
1918 1803 1997 1852 cum

583 1905 660 2001 ipso
685 1906 820 1978 carocio
839 1927 951 2001 nsque
973 1902 979 2003 Ι
1001 1905 1046 1976 ad
1072 1907 1186 1977 locum
1211 1906 1343 1980 Palerni
1368 1929 1447 1980 cnm
1473 1908 1601 1979 milicia
1624 1916 1659 1978 et
1680 1906 1809 2001 populo
1831 1905 2000 1976 Cremone

584 2037 619 2101 at
642 2029 843 2102 Parmenses
863 2041 897 2102 et
922 2029 1109 2102 Placentini
1132 2038 1361 2102 extraxerunt
1388 2051 1507 2104 corum
1535 2030 1669 2102 carocia
1695 2040 1730 2102 et
1753 2027 2000 2100 conduxerunt

584 2152 658 2247 ipsa
676 2154 840 2248 usquein
858 2153 1033 2226 civitatem
1055 2153 1220 2226 Cremone
1244 2155 1460 2228 adsociantas
1478 2155 1552 2249 ipsa
1576 2153 1711 2228 carooia
1737 2175 1817 2224 oum
1835 2153 1998 2224 universo

585 2279 715 2372 populo
741 2288 776 2350 et
805 2279 926 2350 militia
951 2299 1088 2370 eorum,
1117 2301 1221 2351 causa
1255 2279 1422 2352 obviandi
1449 2279 1680 2352 marchionem
1712 2276 1935 2349 Montislarati
1963 2285 2000 2348 ct

584 2423 768 2474 commune
785 2401 970 2475 Mediolani
987 2411 1021 2473 et
1036 2401 1140 2496 Papia
1154 2403 1215 2496 qui
1234 2423 1352 2474 eorum
1367 2405 1499 2476 oarooia
1513 2403 1669 2474 similiter
1686 2409 1921 2473 extraxerant.

632 2525 671 2596 ln
689 2525 820 2598 auxilio
842 2547 926 2598 varo
943 2527 1137 2598 communis
1167 2527 1332 2600 Cremone
1356 2537 1454 2600 erant
1479 2528 1680 2598 Parmenses
1703 2547 1781 2596 oum
1809 2525 1937 2618 populo
1964 2533 1998 2593 et

584 2651 712 2724 milicia
735 2673 874 2742 eorum,
899 2652 1087 2724 Placentini
1114 2674 1194 2723 cum
1221 2653 1350 2748 populo
1377 2663 1412 2726 et
1444 2652 1570 2724 milicia
1600 2672 1720 2724 eorum
1750 2671 1828 2722 cum
1854 2648 1999 2720 carociis

583 2797 721 2865 eorum,
745 2778 826 2850 item
847 2777 974 2849 milicia
993 2777 1123 2868 brixia,
1149 2800 1252 2850 cerna
1275 2779 1423 2850 militum
1445 2779 1560 2872 Regii,
1585 2777 1716 2851 Mutine
1737 2784 1771 2847 at
1792 2774 1942 2846 Bononia
1962 2783 1998 2846 et

583 2902 791 2976 marchionis
810 2903 855 2974 de
872 2903 944 2974 Est.
966 2903 1005 2972 ln
1023 2904 1155 2974 auxilio
1174 2925 1257 2976 vero
1275 2903 1485 2975 marchionis
1506 2913 1542 2974 at
1557 2901 1699 2974 Bosonis
1722 2899 1767 2972 de
1791 2901 1937 2970 Dovsria
1963 2909 1999 2970 ct

583 3025 862 3096 Cremonensium
880 3025 1153 3096 extrinsecorum
1180 3025 1340 3118 quisunt
1362 3026 1399 3097 in
1420 3025 1570 3097 Sunzino
1591 3037 1626 3096 at
1644 3021 1884 3115 Ruminangho
1900 3031 1999 3092 arant

582 3147 694 3241 primo
716 3147 830 3220 dictus
852 3147 1008 3220 marchio
1027 3169 1107 3220 cum
1129 3149 1295 3220 militibus
1315 3150 1388 3220 suis
1407 3160 1442 3220 at
1463 3148 1639 3242 peditibus
1657 3145 1898 3233 Montisierati,
1916 3167 1996 3216 cum

583 3271 710 3342 milicia
728 3279 762 3344 et
781 3272 908 3367 populo
926 3271 1044 3366 Papia,
1067 3271 1266 3364 Mediolani,
1287 3271 1486 3359 Cumarum,
1504 3293 1606 3343 cerna
1624 3271 1769 3341 militum
1788 3277 1823 3340 et
1841 3267 1995 3362 peditum

581 3395 728 3468 Novaria
754 3406 789 3468 ot
812 3397 1065 3486 vercellarum,
1095 3395 1174 3488 Ast,
1208 3396 1382 3488 Tardona,
1416 3394 1628 3469 Alexandria
1652 3405 1687 3465 et
1717 3415 1819 3465 carna
1848 3393 1996 3463 militum

581 3515 750 3612 Delphina
766 3527 800 3590 at
819 3519 896 3591 aliis
913 3519 1074 3613 pluribus
1094 3519 1350 3590 marchionibus
1370 3529 1404 3591 et
1426 3519 1616 3592 baronibus
1639 3517 1685 3590 de
1708 3515 1934 3603 Padamonte,
1963 3523 1998 3586 et

581 3639 647 3713 ivit
661 3643 833 3714 carocium
849 3643 955 3737 Papia
969 3663 1081 3736 usque
1096 3663 1201 3736 super
1215 3641 1361 3714 lluvium
1379 3643 1466 3714 Sarii
1481 3664 1559 3714 oum
1576 3641 1704 3738 populo
1719 3651 1754 3712 et
1774 3639 1898 3712 milicia
1916 3661 1993 3711 sua.

580 3759 759 3835 Carocium
779 3786 862 3836 vero
888 3763 1073 3836 Mediolani
1096 3765 1159 3836 ivit
1183 3765 1361 3857 usquead
1383 3765 1680 3839 Scaravaciumet
1704 3765 1761 3836 die
1792 3763 1926 3836 sabbati
1949 3765 1996 3834 Xl

581 3887 708 3958 mensis
722 3887 801 3979 julii
822 3897 896 3960 orta
916 3885 1088 3960 discordia
1110 3887 1198 3958 inter
1216 3887 1373 3960 homines
1389 3889 1492 3984 Papia
1512 3889 1573 3983 qui
1593 3889 1627 3960 in
1647 3889 1803 3960 exercitu
1830 3895 1928 3958 erant
1949 3909 1996 3958 cn

580 4031 651 4081 una
667 4021 763 4106 parte
778 4021 812 4082 et
828 4011 983 4084 homines
999 4011 1183 4084 Mediolani
1203 4035 1249 4084 ex
1270 4014 1357 4104 alia,
1379 4014 1461 4108 quia
1479 4013 1637 4086 homines
1650 4011 1833 4084 Mediolani
1849 4033 1918 4083 uon
1938 4033 1996 4082 re·

580 4143 702 4205 nerant
722 4133 767 4206 ad
785 4135 976 4206 exercitum
1003 4137 1092 4208 sicut
1109 4135 1299 4230 debebant,
1316 4137 1477 4209 reccessit
1498 4136 1651 4208 marchio
1670 4135 1891 4208 llontislerati
1915 4157 1995 4206 cnm

580 4266 654 4330 tolo
676 4258 832 4330 exercitu
857 4281 922 4331 suo
944 4260 1079 4330 nullum
1103 4259 1294 4354 dampnum
1320 4261 1449 4333 faciens
1469 4261 1505 4331 in
1533 4259 1726 4332 districtum
1752 4259 1935 4348 Cremone,
1962 4267 1997 4329 et

579 4379 630 4452 sic
647 4382 781 4454 carooia
800 4382 920 4454 Parma
938 4393 973 4454 et
990 4383 1162 4455 Placentia
1178 4405 1258 4454 cum
1277 4385 1415 4478 populis
1431 4383 1489 4456 die
1505 4383 1597 4475 jovis
1614 4383 1692 4454 xvl
1710 4382 1840 4454 mensis
1851 4381 1930 4472 julii
1949 4379 1995 4453 ad

578 4505 715 4599 propria
734 4515 967 4577 reooesserunt
986 4529 1065 4577 cum
1088 4528 1214 4599 magna
1237 4505 1350 4578 leticia
1367 4516 1401 4578 et
1417 4507 1558 4578 honora.

627 4628 690 4700 Die
708 4629 825 4702 martis
844 4629 938 4702 XXV
959 4631 1099 4724 augusti
1119 4631 1155 4700 in
1176 4629 1315 4702 civitate
1333 4630 1516 4703 Mediolani
1533 4629 1647 4722 jurata
1666 4637 1701 4700 at
1721 4629 1810 4698 lacta
1832 4635 1885 4698 cst
1908 4647 1996 4698 cou-

578 4750 696 4823 oordia
717 4751 807 4824 iuter
830 4775 1013 4826 commune
1041 4753 1226 4826 Mediolani
1254 4762 1288 4826 et
1312 4753 1489 4826 dominum
1513 4751 1746 4823 marchionem
1770 4747 1995 4821 Montisierati
