4676 6066
596 649 636 710 10
1012 651 1254 716 (11111οΝ10οΝ
1281 653 1581 718 PLACEMTlMUM.

587 785 689 877 jubet
702 794 738 858 et
753 806 815 880 per
829 785 901 859 duo
913 788 1061 862 miliaria
1076 812 1098 863 a
1113 791 1189 864 loco
1204 793 1265 864 ubi
1283 793 1403 867 aderat
1418 793 1588 866 adversus
1607 791 1818 866 lombardos
1837 791 2005 888 pervenit.

592 907 721 982 Audito
734 909 780 983 de
793 909 1007 1005 imperatoris
1020 922 1117 986 motu
1131 913 1376 1007 aLombardis‚
1391 917 1440 988 illi
1453 917 1665 1012 consumptis
1676 916 1727 1014 (o)
1738 917 1843 988 armis
1853 915 2008 1012 predicto

590 1031 760 1106 modoad
778 1035 913 1109 oarooia
927 1037 1042 1108 ierunt
1056 1045 1090 1111 et
1106 1039 1154 1112 ita
1171 1061 1284 1134 usqne
1299 1040 1345 1114 ad
1358 1061 1485 1114 nonam
1499 1047 1678 1114 steterunt.
1694 1037 1771 1112 Alio
1788 1038 1932 1134 quidem
1949 1040 2007 1114 dic

590 1165 683 1228 mota
700 1165 753 1228 est
765 1159 950 1233 concordia
970 1160 1152 1256 intereos,
1170 1166 1276 1237 altera
1294 1165 1351 1238 die
1366 1165 1457 1258 jovis
1473 1173 1526 1237 est
1543 1164 1678 1238 effecta.
1693 1165 1756 1238 Die
1769 1185 1853 1238 vero
1867 1165 2006 1238 veneris

542 1325 550 1342 ·
587 1279 745 1374 sequenti
757 1302 969 1376 unaqueque
986 1305 1067 1379 pars
1082 1287 1236 1359 recessit.
1254 1288 1317 1360 llis
1329 1287 1503 1383 siquidem
1525 1288 1660 1360 sabbati
1679 1288 1788 1360 sancti
1809 1286 1954 1384 predicti
1975 1286 1983 1386 Ι

585 1401 769 1477 lombardi
782 1406 955 1478 Bronnam
969 1408 1244 1502 combusserunt,
1257 1418 1293 1482 et
1309 1411 1431 1484 vineas
1443 1421 1478 1484 et
1490 1412 1631 1485 arbores
1644 1420 1679 1485 et
1693 1433 1776 1485 vasa
1792 1413 1901 1486 multa
1915 1411 2001 1485 inci·

585 1525 713 1600 derunt
728 1537 762 1601 et
784 1527 1048 1622 destruxerunt,
1072 1541 1106 1607 et
1132 1534 1181 1606 ihi
1195 1535 1299 1627 juxta
1313 1535 1443 1608 llumen
1466 1535 1562 1630 quod
1587 1535 1714 1609 dicitur
1729 1538 1861 1609 Soruna
1876 1557 2001 1632 corpus

584 1651 720 1724 Domini
738 1652 775 1723 in
794 1652 926 1728 Pascha
936 1667 1168 1751 sumpserunt.
1185 1657 1317 1732 Eodem
1331 1658 1389 1731 die
1402 1659 1567 1732 Sanctum
1583 1659 1768 1732 Martinum
1785 1659 1822 1732 in
1839 1661 1950 1734 Strata
1966 1670 2001 1734 et

583 1773 790 1869 Clastegium
802 1785 836 1848 et
852 1779 919 1851 alia
934 1779 1010 1852 loca
1025 1781 1133 1854 molta
1148 1782 1425 1856 combusserunt.

632 1897 882 1989 M.C.LXXVl,
898 1901 1087 1975 indictione
1099 1925 1204 1998 nona,
1219 1903 1277 1978 die
1288 1905 1422 1976 sabbati
1436 1905 1497 1977 llll
1514 1902 1679 1977 kalendas
1695 1905 1786 1997 junii
1800 1905 1864 2002 (l),
1883 1907 1920 1976 in
1936 1927 1998 1978 oo-

580 2021 705 2094 mitatu
725 2022 911 2096 Mediolani
932 2025 997 2097 luit
1014 2027 1161 2121 prelium
1184 2028 1273 2101 inter
1291 2027 1494 2101 Federicum
1514 2028 1755 2124 imperatorem
1775 2039 1810 2102 et
1832 2029 1997 2103 Mediola-

578 2166 724 2235 nenseS,
744 2157 778 2220 et
795 2147 927 2221 ibidem
944 2150 1094 2243 prelium
1111 2151 1227 2224 amisit
1245 2151 1442 2248 imperator.

627 2270 727 2344 MC.
745 2273 908 2346 LXXllll.
919 2273 1086 2368 Magnum
1098 2274 1230 2348 domini
1246 2277 1448 2350 conscilium
1464 2273 1655 2349 Alexandri
1669 2297 1760 2371 pape
1775 2275 1840 2348 luit
1855 2275 1995 2351 Venetie

577 2403 613 2467 et
630 2393 782 2468 Ravene.

627 2516 722 2590 MC.
733 2517 885 2590 LXXIX.
904 2517 1069 2593 Consules
1087 2520 1373 2617 adamplaverunt
1386 2524 1533 2618 plateam
1548 2525 1731 2616 majorem,
1750 2531 1785 2594 et
1797 2524 1992 2598 contionem

527 2719 531 2728 ⁴
577 2649 801 2714 removerunt
817 2641 863 2714 de
887 2644 1013 2716 Sancto
1026 2641 1177 2716 Antonio
1191 2652 1227 2717 et
1241 2645 1288 2718 ad
1306 2648 1471 2738 majorem
1488 2645 1670 2716 ecclesiam
1684 2647 1854 2717 lecerunt.

627 2765 676 2838 Μ.
698 2763 735 2837 C.
755 2765 892 2838 LXXX.
919 2767 959 2838 ln
975 2769 1155 2840 consulatu
1168 2767 1538 2860 Obertillioedomini,
1558 2766 1719 2840 Obizonis
1741 2764 1786 2839 de
1813 2767 1988 2856 Fontana,

577 2891 758 2964 Lanlranoi
770 2889 815 2964 de
829 2889 1010 2984 Abiaticis,
1025 2892 1222 2966 Fredentini
1240 2891 1302 2964 filii
1320 2891 1453 2966 domini
1469 2891 1638 2983 Obcrtini,
1652 2891 1812 2987 Opizonis
1823 2891 1988 2986 Aginoni‚

577 3015 766 3088 Placentini
778 3014 1010 3089 ascenderunt
1025 3016 1061 3088 in
1077 3019 1191 3091 Monte
1208 3015 1340 3089 Artiolo
1357 3025 1392 3089 et
1407 3016 1444 3087 in
1459 3017 1575 3090 Monte
1591 3014 1637 3088 de
1651 3015 1772 3088 Sidulo
1788 3023 1823 3089 et
1839 3014 1876 3086 in
1895 3017 1992 3087 Dur-

576 3138 695 3212 beceo.
725 3139 769 3212 m
790 3139 972 3214 concordia
992 3141 1082 3214 lacta
1104 3141 1169 3212 luit
1190 3140 1279 3212 inter
1300 3139 1514 3212 Placentinos
1531 3149 1567 3212 et
1582 3139 1790 3232 Bobienses‚
1813 3149 1848 3212 et
1867 3139 1904 3211 in
1933 3139 1992 3213 illo

576 3263 756 3337 consulatu
775 3263 936 3338 obierunt
953 3265 1164 3339 lanfrancus
1181 3272 1216 3337 et
1231 3262 1469 3336 Fredentinus.
1487 3263 1529 3335 lit
1555 3271 1638 3335 tunc
1668 3271 1849 3335 traxerunt
1876 3263 1991 3334 rivum

576 3408 707 3460 norum
734 3387 779 3461 de
804 3387 911 3462 Nuria
931 3396 966 3461 et
982 3387 1098 3462 rivum
1114 3409 1245 3462 novum
1266 3387 1312 3460 de
1333 3386 1459 3460 Teciva
1485 3394 1520 3460 et
1546 3387 1702 3459 lecerunt
1719 3384 1930 3459 molendina.
1949 3386 1992 3458 Et

575 3521 660 3586 tuno
684 3511 750 3585 luit
773 3511 940 3609 placitum
962 3513 1051 3585 iuter
1074 3511 1299 3586 advocatores
1317 3511 1363 3585 de
1378 3511 1554 3584 communi
1571 3511 1743 3584 Placentie
1765 3509 1810 3583 de
1830 3510 1941 3582 turnis
1957 3516 1992 3582 et

576 3635 798 3726 molendinis,
815 3647 849 3710 et
861 3635 1056 3732 judicatum
1070 3636 1136 3708 luit
1149 3637 1194 3708 n1
1209 3634 1376 3708 kalendas
1386 3635 1536 3729 januarii
1550 3655 1613 3730 pro
1629 3635 1759 3730 populo
1778 3634 1986 3706 Placentino.

576 3759 620 3832 Et
641 3780 682 3833 ec
700 3781 792 3833 anno
813 3761 925 3834 levata
945 3761 1009 3833 luit
1036 3761 1140 3832 turris
1163 3759 1209 3832 de
1233 3759 1319 3832 Sinu
1344 3759 1389 3856 (b)
1413 3768 1448 3832 et
1467 3758 1637 3854 hospitale
1663 3759 1929 3830 Humiliatorum
1955 3757 1990 3828 in

575 3883 689 3978 burgo
710 3883 826 3956 Sancti
850 3883 962 3957 Pauli.
981 3883 1026 3956 Et
1049 3883 1119 3956 lere
1140 3904 1203 3978 per
1228 3891 1337 3954 totum
1357 3881 1455 3953 illum
1487 3901 1617 3954 annum
1642 3879 1783 3952 cottidie
1803 3881 1911 3976 pluit,
1930 3901 1990 3952 ex·

575 4015 675 4102 cepto
693 4006 729 4078 in
752 4029 872 4080 mense
894 4007 1015 4078 marcii
1043 4015 1078 4079 et
1101 4006 1138 4077 in
1161 4006 1274 4103 capite
1296 4005 1392 4078 anni.
1412 4005 1457 4077 llt
1484 4004 1521 4074 in
1548 4005 1634 4076 festo
1660 4005 1785 4076 Sancte
1809 4003 1918 4074 Marie
1945 4001 1990 4074 de

576 4129 748 4203 februario
762 4127 934 4202 firmatum
950 4139 1002 4202 est
1020 4138 1175 4224 tempus,
1195 4139 1230 4201 et
1245 4139 1328 4201 tuno
1344 4129 1410 4200 luit
1431 4149 1551 4200 carum
1569 4135 1705 4222 tempus
1723 4126 1769 4199 de
1785 4127 1880 4199 omni
1895 4125 1985 4198 cibo.

625 4254 674 4328 Μ.
692 4253 728 4326 C.
743 4253 893 4326 LXXXI.
912 4253 1009 4328 Circa
1025 4253 1152 4326 festum
1174 4251 1290 4324 Sancti
1309 4251 1489 4325 Michaelis
1503 4250 1590 4326 obiit
1602 4249 1803 4324 Alexander
1820 4271 1913 4346 papa
1930 4248 1990 4342 qui

617 4415 662 4498 (a)
683 4418 732 4480 Sic
743 4419 775 4478 ln
787 4418 894 4480 codiee.
907 4416 1018 4479 Sensus
1029 4433 1102 4478 rere
1114 4416 1270 4496 resumptie
1280 4417 1416 4495 requirit.

617 4521 659 4604 (d)
678 4524 736 4602 Ap.
751 4523 820 4586 Joh.
831 4523 869 4586 de
878 4523 988 4590 Musula
999 4521 1034 4586 dc
1047 4521 1135 4586 Seno.

613 4788 650 4864 (t)
669 4787 817 4848 Lesamedi
828 4791 863 4848 29
874 4787 939 4845 mai.
