4534 6074
602 645 642 705 48
1024 643 1265 707 cauoutcotl
1279 645 1594 710 -atrteautltltltt

602 781 754 876 laspine‚
780 781 843 874 qui
867 779 1070 875 inopinabili
1087 803 1170 854 casu
1192 782 1229 852 in
1252 783 1327 877 ipsa
1348 786 1571 879 expeditione
1588 794 1747 874 venerat,
1768 786 1831 879 qui
1852 787 1937 881 ipsis
1957 787 2021 858 Pa*

602 904 781 998 piensibus
808 905 844 976 in
868 905 944 1000 ipso
966 905 1075 1000 prelio
1099 906 1243 978 viriiiter
1262 917 1297 979 et
1313 907 1476 982 bellicose
1501 910 1645 1001 resistit3
1666 931 1794 1004 magno
1818 899 1962 1006 strepitu
1987 921 2023 982 et

601 1027 750 1100 clamore
772 1049 878 1123 snper
895 1049 955 1102 eos
972 1029 1140 1122 impetum
1167 1029 1296 1124 pariter
1321 1041 1357 1104 et
1378 1031 1545 1105 insultum
1570 1035 1741 1119 lecerunt,
1759 1043 1795 1106 et
1811 1043 1908 1128 terga
1934 1053 2021 1106 ver-

602 1161 713 1225 tentes
740 1174 853 1246 usque
881 1151 1037 1225 incocta
1069 1151 1115 1226 de
1141 1153 1301 1228 Arenella
1328 1175 1388 1228 eos
1419 1158 1641 1250 lugaverunl.
1671 1157 1805 1230 ibidem
1836 1179 1921 1231 vero
1950 1158 2021 1230 Pa·-

603 1275 740 1371 pienses
763 1275 888 1347 nostris
906 1297 945 1348 se
959 1276 1100 1348 obviam
1118 1278 1347 1372 prebuerunt,
1367 1289 1402 1352 et
1421 1281 1585 1374 usquein
1602 1281 1731 1352 fossato
1750 1280 1847 1374 quod
1862 1289 1915 1353 est
1933 1281 2022 1352 inter

602 1400 714 1496 ipsam
731 1409 860 1472 costam
881 1409 917 1472 et
941 1409 1090 1472 castrum
1113 1402 1239 1474 Montis
1262 1403 1343 1476 Albi
1365 1405 1442 1477 illos
1462 1404 1627 1478 videlicet
1645 1406 1707 1499 qui
1733 1405 1842 1478 secuti
1865 1425 1925 1477 eos
1947 1407 2021 1477 lue·
2082 1497 2084 1502 Ι

601 1534 683 1595 runt
696 1524 905 1619 expulerunt
918 1533 953 1596 et
968 1536 1194 1613 cazaverunt,
1209 1535 1244 1598 et
1259 1527 1309 1598 sic
1322 1527 1453 1622 pluries
1466 1549 1558 1600 nnus
1574 1528 1720 1600 alterum
1736 1549 1842 1622 super
1856 1528 2020 1600 insultum

603 1647 778 1738 iacientes,
799 1655 944 1744 utraque
964 1668 1043 1742 pars
1058 1649 1249 1722 voluntarie
1267 1651 1418 1724 secessit.
1443 1653 1481 1720 ln
1497 1669 1568 1742 quo
1586 1651 1694 1744 prelio
1711 1653 1803 1746 capti
1820 1653 1958 1724 luerunt
1975 1652 2021 1725 de

603 1772 771 1844 militibus
793 1771 898 1866 Papia
920 1771 1015 1843 XXV
1034 1781 1068 1844 et
1093 1772 1138 1845 de
1158 1773 1367 1845 Placentinis
1386 1773 1522 1863 XLllll;
1544 1773 1676 1846 vexilla
1699 1792 1840 1870 quoqne
1865 1777 1930 1850 tria
1952 1779 2023 1850 Pa·-

603 1895 775 1990 piensium
794 1895 831 1967 in
851 1895 927 1990 ipso
948 1896 1054 1990 prelio
1070 1895 1188 1970 habita
1205 1899 1357 1970 luerunt.

650 2020 715 2093 Die
724 2019 817 2112 J'ovis
835 2019 1009 2092 Vmensis
1026 2022 1164 2114 augusti
1183 2020 1330 2116 proximi
1344 2018 1410 2116 (l),
1427 2019 1672 2093 Cremonenses
1683 2021 1813 2092 milites
1824 2030 1859 2093 et
1872 2020 2020 2116 pedites,

601 2143 803 2218 Parmenscs
821 2144 947 2216 milites
963 2154 998 2217 et
1013 2143 1149 2238 pedites
1174 2141 1282 2240 [cum]
1300 2145 1394 2216 omni
1416 2155 1519 2238 gente
1541 2151 1577 2217 et
1599 2145 1705 2217 loreia
1720 2165 1862 2233 eorum,
1887 2155 1922 2217 et
1941 2167 2022 2217 cum

602 2267 857 2342 Mutinensibus
871 2277 906 2342 et
917 2267 1062 2341 Rezanis
1078 2277 1113 2338 et
1130 2268 1206 2338 aliis
1224 2290 1344 2340 eorum
1362 2269 1503 2360 amicis,
1520 2291 1598 2342 cum
1616 2269 1769 2359 emiolia,
1789 2270 1969 2362 manganis
1987 2279 2023 2342 et

602 2393 774 2490 predariis
798 2393 1027 2466 castrametali
1055 2393 1195 2462 luerunt
1219 2393 1312 2465 circa
1336 2393 1493 2466 Castrum
1516 2395 1674 2485 Novum;
1697 2394 1783 2466 illud
1807 2417 1887 2466 oum
1911 2394 2023 2466 tribus

602 2517 785 2612 manganis
801 2527 836 2588 et
852 2518 1010 2612 quinque
1032 2514 1202 2611 predariis
1217 2515 1423 2590 obsiderunt
1442 2529 1478 2590 et
1493 2528 1796 2612 expugnaverunt.
1817 2517 1921 2602 Quod
1939 2537 2023 2588 oos-

602 2651 695 2712 trum
711 2623 869 2712 similiter
894 2648 968 2712 erat
986 2639 1156 2710 munitum
1179 2638 1362 2732 manganis
1380 2649 1415 2710 et
1433 2638 1604 2733 predariis
1625 2647 1660 2708 et
1681 2638 1767 2710 viris
1790 2636 2023 2732 prudentibus

603 2763 737 2837 bellicis
753 2763 860 2836 armis
875 2763 1014 2857 egregie
1034 2763 1248 2858 preparatis,
1271 2763 1336 2857 qui
1362 2771 1510 2834 castrum
1534 2761 1620 2834 illud
1639 2761 1827 2856 prudenter
1848 2761 2024 2835 deiende-

604 2897 686 2960 ruut
706 2897 741 2960 ct
759 2887 1047 2960 Cremonensibus
1070 2895 1106 2960 et
1128 2885 1372 2960 Parmensibue
1396 2885 1539 2958 viriliter
1558 2885 1777 2974 resisterunt3
1802 2894 1837 2958 et
1853 2895 2025 2960 steterunt

604 3013 694 3084 circa
713 3011 801 3085 illud
823 3020 973 3084 castrum
999 3020 1035 3084 et
1052 3010 1256 3084 obsiderunt
1278 3019 1384 3104 atque
1403 3021 1694 3105 expugnaverunt
1720 3031 1832 3104 usque
1858 3009 1904 3082 ad
1929 3006 2023 3084 diem

605 3137 764 3210 mercurii
792 3137 853 3230 qui
872 3135 937 3206 luit
961 3134 1146 3208 undecima
1169 3133 1245 3207 dies
1265 3134 1421 3226 ejusdem
1440 3134 1569 3206 mensis
1591 3134 1731 3228 angusti
1751 3133 1815 3229 (2).
1834 3133 2024 3206 Placentini

602 3281 688 3334 vero
707 3258 833 3332 milites
847 3268 882 3330 et
893 3257 1028 3354 pedites
1045 3267 1080 3330 et
1094 3279 1175 3330 cum
1198 3258 1292 3330 omni
1310 3268 1413 3352 gente
1430 3279 1550 3330 eorum
1570 3268 1605 3330 et
1625 3279 1705 3330 cum
1733 3257 1868 3330 carocio
1888 3258 2026 3353 equita-

602 3395 730 3458 verunt
753 3383 1006 3473 Florenzolam;
1033 3382 1216 3457 audientes
1238 3391 1352 3455 autem
1374 3381 1621 3454 Cremonenses
1644 3383 1689 3456 de
1713 3381 2025 3456 Mediolaneneium

604 3508 758 3582 adventu
774 3507 836 3602 qui
860 3503 906 3579 ad
928 3505 1102 3579 civitatem
1129 3515 1281 3578 nostram
1303 3516 1337 3580 et
1358 3507 1462 3580 etiam
1480 3526 1592 3600 usque
1607 3505 1839 3578 Florenzolam
1857 3505 1974 3601 plures
1991 3514 2026 3577 et

603 3630 875 3704 innumerabiles
902 3639 1137 3719 accesserant,
1159 3631 1280 3700 castris
1307 3649 1558 3723 manganorum
1582 3628 1787 3718 destructis,
1816 3627 1975 3723 gratibus
1992 3641 2026 3702 et

603 3756 793 3848 lignamine
811 3775 881 3848 que
895 3773 958 3848 pro
976 3754 1131 3848 ipsorum
1146 3765 1334 3826 castrorum
1347 3754 1540 3825 munitione
1561 3753 1652 3826 circa
1669 3753 1859 3826 illa'castra
1879 3753 2027 3826 aderant

603 3881 811 3971 conbustis,
833 3889 934 3951 nocte
958 3878 1167 3952 adveniente
1190 3879 1290 3950 multi
1315 3876 1485 3950 vulnerati
1510 3885 1545 3947 et
1568 3874 1616 3948 ad
1640 3875 1772 3948 dictum
1793 3886 1946 3948 castrum
1966 3876 2027 3948 in-

603 4003 837 4077 numerabiles
864 3999 1031 4078 interlecti
1058 4001 1173 4074 oculte
1194 4011 1229 4072 et
1252 4001 1340 4073 clam
1365 4000 1410 4072 ab
1432 3999 1543 4095 ipsius
1574 4000 1677 4072 castri
1699 3999 1881 4072 obsidione
1904 4019 2026 4072 recee-

604 4136 733 4200 serunt.
760 4125 1012 4220 Cognoscentee
1037 4122 1225 4196 Placentini
1253 4143 1313 4196 eos
1336 4121 1512 4196 offendere
1538 4121 1681 4194 minime
1702 4143 1822 4217 posse,
1851 4121 1910 4194 die
1931 4123 2027 4214 jovis

604 4251 765 4324 veniente
780 4271 861 4322 cum
877 4248 1195 4323 Mediolanensibus
1212 4248 1274 4344 qui
1293 4247 1523 4321 Florenzolam
1537 4256 1717 4339 venerant,
1736 4245 1944 4320 Placentiam
1962 4267 2028 4320 re—

604 4375 757 4448 dierunt.

639 4667 676 4744 (t)
694 4669 730 4726 ts
744 4671 762 4726 5
776 4667 840 4725 aorlt
852 4665 966 4725 tcmbait
977 4681 1014 4722 un
1025 4665 1169 4724 mercredi.
1182 4665 1203 4724 ll
1218 4665 1275 4724 laut
1287 4679 1350 4725 saus
1363 4664 1444 4724 doute
1456 4663 1506 4722 lire
1520 4665 1566 4722 vt.

640 4765 677 4841 (t)
697 4767 736 4825 Le
749 4769 779 4823 ll
798 4765 863 4824 aollt
876 4763 990 4824 tcmbait
1000 4779 1038 4822 un
1052 4764 1149 4823 mardi.
