4554 6080
541 645 601 708 316
1018 641 1259 706 CllllONlCON
1285 641 1336 702 nli
1359 642 1489 702 REBUS

540 781 686 875 signana
710 799 790 852 cum
810 787 880 852 tota
899 789 1003 874 geute
1027 801 1146 854 eorum
1165 778 1391 852 incontinenti
1410 778 1496 850 visis
1509 775 1677 850 militibus
1692 789 1728 849 et
1743 779 1852 872 signis
1865 801 1962 852 corn-

541 905 657 976 monis
685 904 790 999 Papie
816 904 914 975 lraoti
942 905 1103 995 luerunt,
1135 913 1170 976 et
1193 903 1335 976 duravit
1360 903 1445 994 loga
1471 901 1644 996 usquein
1669 900 1786 974 locum
1811 903 1901 976 Carii
1926 911 1970 977 et·

540 1035 707 1122 oeperunt
728 1048 774 1100 ex
798 1027 966 1099 militibus
983 1029 1195 1122 Bassignane
1212 1027 1273 1120 qui
1290 1026 1477 1100 Fallabrini
1493 1025 1657 1098 dicuntur
1674 1027 1791 1121 plures
1805 1052 1815 1097 ε
1831 1027 1964 1100 scilicet

539 1151 757 1247 Calvagnum
783 1151 828 1225 de
854 1149 1026 1246 Campisio
1053 1163 1088 1226 et
1111 1153 1311 1248 Gaylerium
1338 1152 1415 1244 ejus
1440 1153 1598 1238 fratrem,
1626 1151 1891 1246 Campanixiom
1916 1151 1964 1226 de

539 1279 650 1369 Zazis,
666 1276 905 1350 Domdedeum
918 1275 1029 1348 filium
1043 1277 1185 1350 Ferrarii
1198 1277 1302 1348 Canis
1315 1287 1350 1348 et
1363 1275 1474 1348 lilium
1485 1276 1621 1349 comitis
1636 1274 1682 1347 de
1697 1274 1914 1348 Gambarano
1928 1285 1964 1348 ct

539 1401 650 1474 filium
665 1401 835 1474 Guillelmi
851 1401 896 1474 de
912 1401 1011 1474 Cario
1024 1411 1059 1474 et
1073 1425 1184 1474 unum
1200 1401 1244 1476 de
1257 1401 1370 1474 Zorsis
1381 1410 1416 1474 et
1432 1423 1541 1474 unum
1558 1400 1604 1474 de
1620 1401 1688 1472 illis
1700 1400 1745 1473 de
1760 1401 1963 1473 Gambolato

538 1535 573 1599 et
583 1549 693 1598 unum
704 1524 749 1598 de
765 1525 832 1598 illis
849 1525 895 1598 dc
908 1529 1032 1617 Strata,
1049 1537 1082 1600 et
1096 1528 1213 1622 plures
1223 1528 1456 1600 cavalcatores
1466 1525 1649 1598 Mediolani
1665 1535 1701 1596 et
1716 1526 1842 1596 multos
1853 1545 1963 1618 equos

537 1672 627 1745 quos
642 1670 763 1722 omnes
778 1649 909 1721 habent
925 1660 959 1721 et
976 1659 1094 1722 tenent
1113 1661 1321 1743 carceratos,
1340 1659 1375 1724 et
1387 1651 1504 1746 plores
1515 1659 1550 1722 et
1564 1649 1679 1744 plnres
1695 1649 1786 1744 capti
1802 1651 1959 1740 luerunt,

538 1784 574 1846 et
596 1775 680 1868 quia
705 1795 777 1846 nox
804 1781 877 1845 erat
894 1774 992 1844 molti
1009 1783 1208 1846 evaserunt.
1231 1775 1282 1848 De
1294 1797 1365 1868 qno
1380 1776 1470 1847 lacto
1484 1774 1629 1846 multum
1642 1783 1724 1846 sunt
1741 1774 1881 1845 exaltati
1896 1773 1963 1844 Pa·

536 1895 687 1993 picnses.
702 1895 764 1968 llic
778 1895 911 1967 sabbati
927 1896 1101 1969 Xmensis
1114 1898 1240 1986 madii,
1266 1896 1271 1994 Ι
1292 1897 1567 1972 Mediolanenses
1583 1896 1829 1970 conduxerunt
1840 1917 1961 1968 eorum

536 2020 709 2094 carociom
728 2029 825 2092 extra
844 2019 1017 2092 civitatem
1035 2043 1148 2116 osque
1165 2021 1210 2096 ad
1229 2023 1393 2094 Sanctum
1409 2004 1585 2095 lulianum
1604 2043 1709 2094 causa
1727 2020 1833 2094 eundi
1855 2043 1962 2116 snper

534 2143 710 2217 civitatem
728 2142 847 2215 Laude
861 2143 907 2214 ad
923 2144 1118 2216 laciendum
1138 2153 1301 2237 guastum
1322 2145 1411 2216 sicut
1431 2145 1693 2235 ordinaverant,
1709 2155 1743 2216 et
1761 2143 1820 2217 die
1837 2143 1961 2216 Xllllll

534 2265 663 2339 mensis
682 2265 788 2338 madii
803 2287 882 2336 cum
897 2287 1016 2337 eorum
1032 2267 1169 2338 carocio
1182 2276 1298 2339 ettoto
1311 2267 1466 2339 exercitu
1480 2289 1543 2340 suo
1556 2265 1772 2340 intraverunt
1785 2269 1821 2339 in
1835 2277 1960 2340 terram

533 2388 654 2463 Laude
664 2391 764 2482 juxta
781 2389 956 2461 civitatem
973 2389 1192 2463 devastantes
1204 2399 1372 2485 quantum
1387 2400 1557 2486 poterant.
1574 2392 1678 2464 Erant
1695 2392 1788 2464 enim
1807 2393 1844 2464 in
1859 2413 1962 2465 exer-

534 2515 605 2587 citu
624 2513 934 2586 Mediolanensium
955 2536 1056 2587 cerne
1075 2514 1222 2586 militum
1236 2523 1271 2585 et
1288 2514 1446 2608 peditum
1462 2525 1496 2587 et
1514 2515 1776 2588 ballistariorum
1791 2515 1956 2606 Novaria,

534 2639 787 2730 vercellarum,
821 2639 996 2733 Pergami,
1022 2639 1229 2730 Cumarum,
1252 2639 1442 2728 Placentia,
1459 2639 1703 2714 Cremonenses
1718 2661 1799 2712 cum
1824 2640 1959 2712 carocio

534 2773 570 2836 et
586 2773 657 2836 tota
675 2785 794 2836 eorum
808 2773 911 2856 gente
924 2763 1146 2836 devastantes
1164 2765 1255 2838 circa
1271 2765 1445 2836 civitatem
1463 2763 1593 2836 lande.
1609 2765 1648 2836 ln
1665 2764 1862 2836 municione
1874 2785 1959 2836 vero

534 2887 684 2960 civitatis
705 2887 826 2960 Laude
844 2897 943 2960 erant
957 2889 986 2960 D
1000 2889 1134 2984 pedites
1148 2888 1255 2984 Papia
1269 2898 1304 2960 et
1319 2887 1481 2960 dominus
1496 2889 1639 2961 Boseios
1652 2888 1698 2961 de
1716 2889 1957 2960 [lavariacum

533 3011 702 3084 militibus
722 3021 757 3083 et
781 3011 957 3106 peditibus
979 3012 1148 3084 forestatis
1171 3011 1338 3084 Cremona
1364 3014 1425 3106 qui
1444 3013 1589 3086 viriliter
1604 3011 1850 3086 deffendebant
1868 3011 1958 3082 civi·

533 3142 640 3207 tatem
666 3143 702 3206 et
723 3135 854 3229 burgos
874 3115 1024 3206 civitatis
1045 3134 1180 3225 Laude,
1208 3133 1423 3209 offendentes
1447 3135 1640 3208 exercitum
1665 3135 1955 3208 Mediolanensem

534 3257 592 3330 die
609 3266 785 3352 noctuque
807 3267 975 3351 quantum
999 3267 1167 3353 poterant.
1185 3258 1252 3344 Qui
1271 3259 1547 3332 Mediolanenses
1560 3271 1595 3332 et
1609 3258 1857 3331 Cremonenses
1875 3280 1954 3329 cnm

533 3391 604 3454 toto
628 3383 784 3454 exercitu
810 3403 931 3454 eorum
958 3381 1148 3454 devastatis
1176 3383 1340 3455 omnibus
1368 3383 1497 3473 vineis,
1526 3383 1726 3472 arboribus,
1759 3381 1951 3475 segetibus,

533 3505 770 3599 leguminibus
794 3516 829 3578 et
850 3505 1012 3578 omnibus
1038 3507 1173 3578 lenibus
1196 3515 1285 3579 terre
1307 3507 1399 3579 circa
1419 3507 1573 3581 leudam
1593 3517 1662 3580 tam
1681 3507 1770 3579 ultra
1792 3504 1961 3579 Addnam*

534 3649 640 3720 quam
658 3627 743 3700 citra
758 3625 938 3720 Adduam,
955 3627 1014 3700 die
1028 3629 1162 3701 sabbati
1180 3629 1242 3702 Vll
1258 3630 1388 3702 mensis
1400 3631 1490 3722 iunii
1502 3631 1649 3724 quilibet
1660 3628 1707 3702 ad
1722 3629 1859 3724 propria
1873 3637 1955 3699 sunt

534 3753 678 3826 reversi.
694 3753 826 3826 llodcm
852 3764 1004 3850 tempore
1020 3755 1204 3850 Papicnses
1226 3754 1271 3827 de
1287 3755 1427 3827 civitate
1442 3755 1478 3826 in
1495 3753 1680 3827 concordia
1700 3776 1747 3826 ex
1767 3773 1839 3826 una
1857 3763 1954 3848 parte

535 3887 570 3951 et
587 3877 636 3948 illi
649 3876 694 3950 de
707 3877 921 3969 Bassignana
935 3899 981 3950 ex
995 3879 1062 3951 alia
1078 3877 1137 3951 dic
1149 3879 1287 3952 veneris
1301 3879 1377 3951 XVI
1394 3879 1524 3950 mensis
1535 3877 1641 3952 madii
1654 3897 1731 3950 sese
1744 3878 1950 3971 compromi-

535 4009 654 4072 serunt
668 4021 730 4095 per
746 4001 872 4074 trinam
889 4003 1102 4074 sanctionem
1120 4001 1171 4098 (a)
1188 4012 1223 4074 et
1238 4003 1333 4074 omni
1355 4002 1459 4076 modo
1481 4023 1553 4098 quo
1567 4003 1692 4074 melios
1706 4000 1780 4074 lieri
1797 4009 1953 4094 poterant

535 4124 572 4196 in
585 4125 827 4196 ambaxatores
838 4127 1031 4198 communis
1042 4125 1202 4220 Pergami
1215 4135 1249 4199 et
1261 4127 1297 4196 in
1308 4127 1550 4198 ambaxatores
1564 4124 1757 4198 communis
1772 4123 1856 4196 Aste
1869 4123 1951 4197 etin

535 4245 778 4318 ambaxatores
797 4247 992 4319 communis
1009 4247 1137 4319 Casalis
1157 4247 1202 4320 de
1215 4247 1378 4321 omnibus
1395 4247 1526 4334 litibus,
1543 4245 1784 4320 controversiis
1795 4257 1832 4316 et
1849 4268 1961 4340 ques--

535 4368 686 4443 tionibus
697 4391 768 4464 que
787 4369 876 4442 inter
887 4379 1051 4464 utrasque
1062 4381 1176 4464 partes
1191 4381 1386 4444 vertuntur.
1403 4371 1472 4455 Qui
1486 4370 1727 4442 ambaxatores
1738 4369 1856 4441 arbitri
1870 4389 1950 4441 con-

535 4493 644 4564 stituti
670 4492 887 4566 concorditer
912 4494 1077 4566 tullerunt
1103 4495 1313 4566 sentenciam
1339 4493 1427 4565 inter
1449 4494 1530 4566 istas
1552 4501 1697 4588 partes:
1726 4492 1838 4586 primo
1855 4489 1948 4585 quod

535 4637 607 4712 pax
631 4624 665 4688 et
688 4614 767 4690 finis
785 4627 820 4690 et
844 4616 982 4689 remisio
1004 4617 1209 4710 injuriarum
1228 4617 1273 4689 sit
1291 4617 1479 4707 intereos,
1500 4617 1582 4690 item
1595 4615 1692 4711 quod
1708 4615 1888 4688 Albericus
1905 4615 1949 4688 de

579 4763 620 4844 (a)
635 4765 731 4828 Locus
743 4769 775 4826 in
793 4767 894 4828 codice
906 4767 986 4828 lectu
1000 4767 1086 4828 valde
1099 4767 1238 4828 dllllcllls.
