4676 6066
632 674 674 736 34
1053 679 1293 743 CHROMICON
1319 679 1619 742 PLACENTIMUM.

631 808 830 906 pedimenta
864 813 1097 908 imminentia,
1125 816 1188 891 sed
1215 839 1277 914 per
1308 817 1403 889 viam
1433 817 1584 913 amplam
1615 823 1650 888 et
1676 817 1827 908 largam,
1852 815 1888 887 in
1922 827 2044 891 terram

631 929 796 1008 Cremone
819 937 946 1014 intrare
970 950 1006 1012 et
1034 963 1076 1015 ea
1103 940 1220 1014 omnia
1236 961 1307 1034 que
1322 949 1473 1034 'possent
1506 939 1689 1014 devastare
1718 938 1898 1024 dicebant3
1924 941 2044 1015 eadem

630 1058 873 1136 ambaxatores
898 1061 1091 1139 dixerunt:
1117 1064 1147 1136 si
1175 1063 1287 1136 taliter
1312 1083 1382 1136 non
1411 1063 1652 1158 procederent,
1673 1073 1714 1136 nt
1735 1063 1870 1138 dictum·
1891 1075 1960 1160 est,
1983 1089 2046 1139 ex·

630 1181 807 1278 peditione
829 1207 899 1258 non
925 1184 1016 1260 velle
1031 1187 1084 1281 (a)
1110 1187 1339 1260 affirmabant.
1366 1186 1444 1272 Quo
1472 1187 1611 1279 audito,
1634 1185 1930 1282 Mediolanenses,
1958 1191 2046 1264 lacta

629 1307 809 1396 contione,
829 1309 958 1402 gratiae
973 1311 1136 1384 omnibus
1152 1311 1274 1384 amicis
1291 1331 1410 1382 eorum
1427 1306 1516 1406 [qui]
1531 1320 1702 1382 venerunt
1718 1313 1923 1404 relerentes,
1944 1321 1984 1384 ut
2000 1311 2046 1388 ad

628 1429 768 1524 propria
786 1429 939 1504 redirent
957 1430 1007 1528 (d)
1024 1432 1205 1525 dixemnt;
1222 1433 1361 1528 elinque
1380 1432 1484 1506 modo
1499 1431 1775 1506 Mediolanenses
1799 1443 1834 1507 et
1850 1432 2047 1509 Brixiensoe

629 1551 845 1628 concorditer
865 1555 954 1628 inter
976 1577 1037 1628 eos
1054 1558 1146 1652 pacti
1165 1559 1316 1631 luerunt.
1334 1557 1472 1631 Scilicet
1488 1556 1572 1652 qnia
1588 1555 1863 1632 Mediolanenses
1880 1559 2049 1632 miserunt

628 1676 781 1750 Brixiam
802 1688 986 1752 sexcentos
1006 1681 1132 1754 milites
1152 1691 1187 1754 et
1204 1681 1348 1755 totidem
1369 1681 1504 1776 pedites
1531 1681 1593 1776 qni
1616 1689 1725 1754 terras
1742 1690 1777 1754 et
1794 1677 1906 1756 ca'stra
1928 1703 2047 1756 eornm

629 1800 844 1874 custodirent
866 1812 901 1875 et
921 1802 1168 1896 defenderent3
1195 1826 1347 1899 cumque
1370 1825 1502 1876 moram
1518 1804 1753 1898 ibilacerent,
1772 1827 1856 1902 sepe
1879 1815 1913 1879 et
1930 1807 2048 1903 sepius

628 1925 665 1996 in
693 1934 819 2000 terram
847 1927 1064 2001 inimicorum
1088 1929 1303 2023 equitantes,
1329 1938 1480 2002 exeunte
1506 1949 1627 2002 mense
1648 1929 1836 2024 septembri
1862 1931 2043 2025 proximo,

627 2048 779 2144 quadam
792 2049 870 2123 vice
884 2052 1019 2124 scilentl
1033 2062 1147 2145 nocte,
1158 2053 1359 2126 brixienses
1373 2061 1408 2125 et
1419 2051 1694 2127 Mediolanenses
1710 2051 1757 2125 ad
1770 2053 1912 2126 Pontem
1924 2054 2047 2126 Vicum

627 2172 849 2265 accedentes,
868 2176 1034 2248 fossatum
1054 2197 1195 2270 quoqne
1214 2176 1324 2271 ipsius
1342 2177 1407 2250 loci
1428 2177 1549 2249 armati
1567 2173 1801 2264 transeuntes,
1818 2177 1932 2248 locum
1950 2177 2047 2248 illum

626 2296 825 2370 habuerunt
850 2307 887 2371 et
909 2310 1094 2395 oeperunt;
1121 2299 1371 2373 Cremonenses
1400 2320 1484 2374 vero
1512 2300 1575 2394 qui
1603 2299 1640 2371 in
1667 2297 1824 2372 custodia
1848 2297 1958 2394 ipsius
1982 2299 2048 2372 loci

626 2419 784 2513 aderant,
803 2443 948 2494 numero
962 2421 1064 2502 CCCC
1077 2422 1202 2494 milites
1214 2433 1248 2495 et
1261 2423 1410 2519 pedites,
1425 2423 1544 2496 Brixie
1558 2423 1668 2496 victos
1686 2422 1864 2496 duxeruut
1875 2432 1910 2496 et
1923 2423 1960 2494 in
1973 2443 2047 2496 car·

627 2565 705 2616 cere
720 2544 948 2616 recluserunt.

676 2665 724 2738 M.
740 2664 927 2755 CClllIll,
958 2664 1145 2740 indictione
1170 2665 1395 2756 duodecima,
1420 2666 1614 2763 patriarcba
1639 2665 1893 2761 aquilegiensis
1916 2659 2048 2739 domini

629 2791 762 2863 Ottonis
778 2791 871 2882 regis
885 2791 1118 2865 Romanorum
1134 2791 1282 2886 legatos,
1296 2811 1416 2864 mense
1433 2791 1552 2886 aprilis
1568 2790 1605 2861 in
1618 2789 1862 2863 lombardiam
1876 2791 1974 2863 venit
1987 2811 2049 2885 pro

628 2914 850 2988 sacramentis
872 2912 1049 2989 fidelitatis
1067 2914 1275 3011 recipiendis
1291 2914 1350 3008 (c).
1371 2915 1474 3000 Quod
1491 2913 1766 2988 Mediolanenses
1782 2913 1896 3008 primo
1922 2915 2046 3006 fecere,

630 3048 748 3135 postea
761 3039 947 3134 Pupienses
960 3049 996 3113 et
1010 3039 1198 3112 Placentini
1214 3047 1249 3112 et
1263 3039 1527 3131 Cremonenses;
1544 3037 1674 3112 deinde
1688 3031 1883 3134 patriarcba
1895 3031 2049 3110 Brixiam

630 3164 784 3260 perexit,
803 3185 923 3259 pacem
937 3172 972 3236 et
989 3161 1210 3237 concordiam
1225 3163 1313 3235 inter
1331 3162 1458 3236 milites
1477 3160 1637 3256 ejusdem
1660 3162 1810 3235 civitatis
1829 3163 1890 3257 qni
1911 3161 1956 3235 dc
1974 3162 2050 3258 ipsa

631 3287 772 3362 civitate
787 3285 964 3377 exierant,
980 3293 1016 3359 et
1030 3285 1092 3380 qoi
1107 3284 1249 3358 cottidie
1267 3285 1377 3380 ipsam
1392 3283 1567 3358 civitatem
1581 3303 1662 3356 oum
1680 3283 1969 3357 Cremonensibus
1986 3284 2050 3355 im·

631 3409 852 3508 pugnabant,
877 3409 939 3504 qui
964 3410 1057 3504 ipsos
1078 3407 1204 3480 milites
1222 3407 1509 3498 mauutenebant,
1529 3407 1754 3480 sacramentis
1777 3405 1945 3492 bumaria
1974 3407 2050 3480 Cre·

632 3555 815 3608 mcnensee
836 3553 978 3628 quoqne
994 3553 1082 3627 quos
1107 3531 1175 3627 ipsi
1199 3529 1409 3604 decivitate
1430 3530 1541 3604 victos
1564 3539 1600 3604 et
1620 3531 1776 3604 reclusos
1801 3531 1982 3620 tenebant,
2007 3529 2051 3604 de

633 3679 769 3732 carcere
785 3657 949 3730 extraxit.
970 3655 1048 3741 Quo
1069 3656 1176 3744 lacto,
1199 3655 1377 3762 voluntate
1395 3655 1576 3728 ambarum
1596 3655 1765 3752 partium,
1778 3653 1970 3728 dominum
1992 3654 2051 3727 Ot-

633 3783 880 3857 tonembonum
921 3779 967 3853 de
1007 3782 1124 3853 lanua
1153 3780 1190 3851 in
1226 3789 1397 3875 potestate
1435 3780 1548 3875 ipsius
1581 3779 1739 3853 civitatis¹
1769 3779 1885 3872 elegit.
1918 3778 2048 3852 Eodem

634 3927 741 3998 anno,
768 3879 828 3978 die
850 3903 1015 3996 ueneris,
1049 3903 1143 3975 Xllll
1164 3903 1302 3976 mensis
1338 3903 1496 3997 angusti,
1525 3901 1688 3980 dominos
1711 3903 1792 3974 Otto
1818 3902 2050 3974 Romanorum

634 4052 700 4104 rex
720 4029 834 4126 primo
858 4026 1055 4100 intraritiu
1073 4025 1315 4100 lombardiam
1333 4047 1412 4098 oum
1429 4044 1555 4120 magna
1577 4023 1889 4098 'lbeothonicorum
1906 4022 2050 4120 expedi·

437 4149 599 4200 ¹³⁰¹·⁸⁰'“³⁰·
635 4156 747 4243 tione,
767 4151 934 4248 quoniam
952 4151 1095 4224 Romam
1114 4149 1281 4246 pergebat
1303 4170 1366 4244 pro
1387 4146 1394 4247 Ι
1415 4169 1541 4223 curcua
1562 4147 1783 4244 accipienda,
1809 4155 1844 4221 et
1867 4157 2050 4221 castrame-

635 4287 727 4352 tatus
744 4253 809 4349 luit
827 4276 864 4347 in
885 4272 1044 4370 partibus
1062 4271 1246 4346 Piscberic.
1271 4273 1397 4346 Milites
1416 4294 1556 4368 quoquc
1575 4295 1597 4346 a
1617 4271 1808 4348 rectoribus
1828 4269 2051 4364 uniuscujus-

636 4423 707 4499 que
721 4399 872 4475 civitalis
897 4406 933 4471 ct
947 4419 969 4472 a
983 4395 1169 4470 comitibus
1185 4403 1221 4469 et
1238 4395 1493 4470 marchionibus
1503 4394 1715 4514 ¹lombardie
1730 4395 1830 4492 petiit
1851 4395 1913 4490 qui
1935 4407 2050 4469 secum

679 4573 723 4656 (a)
742 4573 792 4636 Slc
799 4592 809 4648 ς
824 4573 948 4634 forsitan
961 4567 1172 4652 auditionem
1183 4585 1244 4632 oon
1256 4566 1361 4632 calere.

680 4675 723 4756 (b)
744 4677 780 4738 ln
792 4675 892 4736 codlca
903 4671 1025 4734 redicre.

679 4786 718 4860 (c)
742 4784 780 4844 In
792 4781 892 4844 codice
904 4777 1090 4862 reperiendis.
