4534 6074
607 643 646 702 56
1029 647 1270 709 Cllll0MlCON
1296 649 1599 712 PLilCllMTlMUM.

606 779 762 864 barium,
782 779 949 852 Cremone
978 781 1136 854 militiam
1161 793 1196 856 et
1217 807 1378 879 magnam
1406 796 1537 880 partem
1563 785 1685 880 populi
1717 785 1934 860 invenientes
1962 789 2024 881 qui

606 911 697 975 retro
721 924 783 996 pro
801 903 948 976 aliorum
968 907 1159 980 munitione
1181 921 1436 1001 remanserant,
1458 911 1604 1005 prelium
1627 931 1706 982 oum
1724 911 1809 1006 ipsis
1827 911 1872 984 ed
1891 911 2024 984 exitum

607 1027 724 1098 fossati
742 1027 906 1118 inierunt,
923 1037 958 1100 et
976 1030 1021 1101 ab
1042 1040 1191 1125 utraque
1210 1041 1306 1125 parte
1325 1032 1430 1107 valde
1445 1045 1631 1128 pugnatur.
1652 1034 1922 1112 Innumerabiles
1942 1033 2025 1128 qni·

607 1149 751 1223 demde
770 1150 855 1244 ipsis
874 1151 1163 1228 Cremonensibus
1183 1156 1324 1228 luerunt
1345 1157 1536 1248 vulnerati3
1556 1157 1682 1229 milites
1703 1179 1787 1229 vero
1813 1167 1967 1230 mortuos
1991 1167 2025 1229 et

606 1275 794 1348 semivivos
820 1284 855 1348 et
886 1277 921 1348 in
953 1299 1076 1374 eampo
1098 1288 1135 1352 et
1168 1281 1204 1351 in
1235 1280 1433 1354 nemoribus
1464 1282 1663 1354 vulneratos
1689 1291 1826 1376 propter
1847 1279 1853 1378 Ι
1875 1283 2023 1354 calorem

606 1400 823 1494 nimiumque
850 1400 1001 1474 laborem
1034 1403 1247 1498 relinquere;
1280 1403 1465 1477 destrarios
1493 1413 1528 1476 et
1553 1426 1660 1498 equos
1691 1405 1959 1478 innumerabiles
1987 1407 2023 1476 in

607 1524 684 1619 ipso
698 1525 788 1596 bellu
805 1524 1031 1619 perdiderunt
1049 1537 1084 1598 et
1102 1528 1269 1600 interfecti
1294 1529 1445 1600 luerunt.
1472 1527 1602 1601 Audito
1625 1530 1774 1601 clamore
1790 1528 1870 1600 belli
1889 1529 1934 1600 ab
1958 1529 2023 1600 illis

608 1649 669 1741 qui
692 1647 943 1742 precedebant,
964 1651 1078 1722 statim
1101 1672 1163 1746 per
1184 1673 1324 1724 nemora
1347 1661 1382 1723 et
1401 1652 1477 1724 loca
1496 1652 1631 1724 deserta
1657 1653 1827 1746 fugientes
1850 1673 1963 1745 usque
1987 1651 2023 1722 iu

609 1772 783 1844 civitatem
807 1771 972 1844 Cremone
990 1774 1107 1866 lugam
1136 1777 1302 1847 iecerunt.
1328 1777 1366 1846 ln
1385 1797 1427 1848 eo
1449 1783 1565 1848 autem
1591 1775 1680 1848 bello
1701 1776 1792 1870 eapti
1819 1777 1958 1848 luerunt
1979 1773 2025 1848 de

610 1897 898 1969 Cremonensibus
918 1897 1006 1968 cirea
1025 1898 1090 1968 XX
1109 1899 1247 1970 milites.

659 2023 707 2094 M.
723 2020 785 2093 CC.
801 2021 895 2106 XVI,
916 2019 1104 2093 indictione
1128 2022 1171 2110 V,
1198 2043 1315 2094 mense
1338 2020 1561 2116 septembris,
1583 2019 1772 2092 Planentini
1791 2021 1969 2113 elegerunt
1989 2019 2025 2088 in

609 2154 777 2242 potestate
795 2143 975 2216 dominum
993 2145 1245 2216 lanfranchum
1262 2145 1307 2218 de
1323 2145 1429 2216 Ponte
1444 2144 1581 2216 Carario
1598 2145 1644 2216 de
1658 2143 1776 2216 Brixia
1793 2143 1854 2237 qui
1872 2163 1916 2214 eo
1934 2163 2026 2214 anno

610 2269 784 2344 civitatem
799 2268 917 2340 Brixie
933 2269 1037 2340 rexit.

660 2395 708 2466 M.
724 2392 787 2464 CC.
803 2393 879 2464 XVI
901 2390 971 2486 (l),
1001 2391 1190 2464 indictione
1216 2393 1260 2487 V,
1288 2393 1377 2464 laeta
1405 2401 1457 2465 est
1477 2414 1548 2486 pax
1573 2401 1608 2465 et
1634 2389 1819 2466 eoncordia
1848 2400 1883 2462 et
1905 2409 2027 2461 saera-

612 2518 736 2590 mentis
763 2515 896 2589 firmate
922 2515 1011 2588 inter
1032 2516 1307 2590 Mediolanenses
1332 2527 1367 2590 et
1393 2518 1607 2589 Plaoentinos
1634 2527 1670 2590 et
1700 2536 1800 2588 suam
1828 2524 1960 2610 partem
1992 2523 2027 2586 et

612 2642 798 2738 Papienses
814 2649 848 2712 et
865 2661 964 2710 suam
989 2649 1121 2734 partem
1149 2649 1262 2734 preter
1276 2639 1540 2730 Cremonenses,
1562 2652 1598 2712 et
1614 2640 1680 2712 hoo
1698 2639 1764 2710 luit
1782 2649 1896 2711 uotum
1917 2637 1953 2707 in
1973 2637 2028 2708 ci-

613 2767 719 2838 vitate
742 2765 913 2836 Placentie
942 2765 978 2834 in
1006 2763 1139 2858 palacio
1164 2765 1320 2855 ejusdem
1344 2764 1492 2836 civitatis
1516 2765 1550 2835 in
1571 2763 1629 2836 die
1652 2763 1703 2858 (a)
1725 2761 1885 2834 mercurii
1915 2759 2027 2857 pridie

613 2889 780 2962 kalendas
795 2889 885 2981 junii
906 2887 972 2984 (ἓ).

662 3015 725 3086 llie
742 3012 899 3085 mercurii
916 3013 1074 3108 sequenti
1093 3013 1228 3086 levatus
1242 3021 1294 3086 est
1307 3021 1343 3085 et
1361 3013 1491 3084 electus
1508 3011 1571 3083 luit
1588 3011 1624 3082 iu
1640 3011 1839 3105 episcopum
1856 3007 2029 3082 Placentie

615 3135 777 3210 dominus
794 3135 967 3208 lohannes
988 3134 1034 3208 de
1054 3135 1162 3208 Petris
1186 3135 1300 3210 Doleis
1319 3135 1364 3208 de
1385 3135 1524 3207 civitate
1546 3137 1674 3226 Rome,
1695 3133 1936 3208 vioedominus
1957 3155 2029 3206 ma·

611 3261 697 3356 juris
712 3261 856 3335 ecclesie
874 3259 1059 3332 Placentie.

665 3384 729 3456 Die
744 3383 906 3456 mercurii
920 3385 979 3455 Vll
997 3383 1152 3477 ejusdem
1171 3384 1298 3456 mensis
1317 3384 1424 3476 junii,
1445 3382 1720 3457 Mediolanenses
1738 3391 1922 3454 extraxere
1940 3381 2030 3453 fures

617 3509 809 3598 euronium,
834 3509 1011 3580 interram
1031 3508 1249 3580 inimicorum
1274 3530 1394 3580 eorum
1414 3507 1695 3588 Cremonensium
1714 3507 1853 3602 publice
1866 3516 1901 3579 et
1917 3505 2030 3600 pelam

617 3635 653 3706 in
675 3635 835 3707 contione
853 3635 904 3706 ire
923 3641 1123 3706 statuentes.
1144 3635 1208 3707 Die
1225 3655 1308 3706 vero
1329 3635 1447 3707 martis
1464 3634 1573 3706 XXlll
1591 3633 1756 3706 kalendas
1768 3633 1848 3725 julii
1866 3630 1938 3728 (3),
1959 3631 2032 3703 Me-

618 3758 747 3830 diolani
765 3767 916 3852 poteslas
933 3767 967 3828 et
985 3757 1158 3828 earooium
1180 3757 1353 3829 civitatem
1373 3756 1559 3830 Mediolani
1578 3757 1750 3846 exierunt,
1769 3777 1891 3828 versus
1907 3763 2031 3827 terram

617 3881 896 3953 Cremonensium
926 3899 1068 3974 pergere
1093 3889 1327 3976 properantes.
1354 3881 1418 3952 Die
1446 3880 1581 3970 martis,
1607 3883 1635 3951 V
1658 3879 1826 3952 kalendas
1851 3877 1931 3972 julii
1961 3877 2030 3974 (l),

662 4085 704 4164 (a)
727 4086 763 4146 ln
776 4082 876 4144 codiee
885 4077 993 4161 pridie.

698 4263 777 4273 ..m-..u
783 4263 806 4270 m·
814 4263 860 4270 μ..-
868 4258 1220 4270 --ο--ι-ω-ο--ι-οαι
1227 4255 2027 4270 naeu-mm-—o—-n-m-——n

653 4373 693 4449 (t)
713 4373 735 4432 ll
747 4369 1266 4446 s’agitdridemmentdel’unneelil'l.

656 4472 694 4546 (2)
713 4473 750 4529 Le
763 4469 894 4528 mereredi
907 4473 936 4526 at
953 4469 1017 4526 mai.
1029 4470 1096 4526 Date
1109 4473 1203 4527 exacte
1216 4485 1284 4544 pour
1297 4471 1377 4528 tatu.

657 4571 692 4645 (3)
714 4571 751 4628 be
761 4568 834 4640 date,
848 4566 909 4624 telle
921 4566 1018 4640 qu'elle
1027 4571 1070 4624 est
1078 4566 1223 4640 exprimes,
1236 4572 1280 4625 est
1293 4565 1455 4642 impossible.
1464 4565 1503 4623 Le
1516 4563 1632 4641 premier
1645 4563 1730 4621 mardi
1744 4563 1890 4636 ioumpter
1904 4567 1985 4620 avant
1995 4561 2037 4619 les

622 4667 749 4724 lmlendes
761 4665 795 4723 de
804 4663 890 4738 juillet
904 4669 947 4720 est
956 4662 983 4720 le
996 4662 1082 4720 mardi
1093 4665 1128 4721 2⁰
1137 4657 1205 4735 juin.
1220 4661 1241 4718 ll
1255 4661 1357 4720 semble
1369 4662 1438 4720 done
1450 4663 1514 4736 qu'il
1526 4661 1640 4719 faudrait
1652 4661 1701 4717 lire
1712 4661 1743 4717 X
1743 4661 1774 4718 11
1782 4657 1920 4716 kalendar.

659 4764 696 4838 (t)
714 4765 751 4821 Le
762 4761 848 4819 mardi
866 4760 902 4820 27
912 4760 983 4834 juin.
993 4761 1061 4818 Date
1075 4765 1181 4819 exerte.
