4676 6066
647 664 690 726 30
1067 658 1313 723 ctraomcort
1337 659 1645 726 reuertentem

648 795 764 870 linrici
780 815 892 889 nsque
908 793 944 864 in
964 813 1057 867 anno
1074 793 1318 868 iucarnationis
1336 793 1480 868 interius
1496 795 1635 892 scripte.
1655 793 1784 868 Verum
1802 793 1885 889 quia
1901 793 2064 872 domiuus

650 917 829 1015 Philippus
854 939 979 991 aurum
1005 926 1041 989 et
1066 925 1247 1012 argeutum
1270 915 1407 992 tenebat
1432 927 1469 991 et
1491 917 1711 1015 possidebat,
1732 917 1828 1012 quod
1846 918 1996 994 Anticus
2020 919 2065 996 de

651 1040 779 1137 Apulia
796 1049 831 1114 et
847 1040 982 1114 Scicilia
1002 1061 1090 1135 quas
1112 1049 1338 1135 superaverat
1356 1041 1393 1114 iu
1408 1039 1647 1114 Alamanulam
1671 1041 1829 1134 miserat,
1850 1044 1921 1118 iere
1945 1065 2065 1119 omnes

651 1164 826 1261 principes
845 1175 915 1236 tam
927 1163 1068 1236 clericos
1084 1185 1193 1258 quam
1205 1165 1323 1261 laycos
1344 1186 1463 1238 secum
1476 1165 1644 1257 habebat,
1661 1165 1728 1261 ipsi
1745 1165 1945 1242 omnimode
1959 1167 2066 1260 adiu-

652 1288 778 1360 torium
793 1295 995 1382 prestantes.
1013 1287 1128 1372 Quare
1145 1287 1221 1382 ipse
1235 1285 1416 1384 Philippus
1437 1295 1512 1360 erat
1538 1287 1656 1360 tortior
1677 1297 1712 1360 et
1736 1289 1906 1384 potentior
1927 1289 2066 1363 dominc

652 1399 776 1482 Ottone
789 1409 826 1481 in
841 1408 1059 1502 Alamarnuia,
1075 1430 1140 1482 nec
1162 1410 1326 1484 domiuus
1347 1412 1428 1484 Otto
1442 1411 1600 1484 resistere
1616 1409 1731 1484 sidem
1749 1409 1799 1508 (a)
1821 1412 1979 1509 Philippo
1997 1434 2066 1509 pc-

652 1542 757 1624 teret;
784 1533 946 1604 nimirum
966 1533 1051 1628 quia
1070 1533 1107 1604 in
1131 1541 1265 1606 tautum
1292 1533 1399 1607 corda
1419 1533 1617 1630 principum
1640 1543 1711 1606 tam
1736 1535 1939 1608 clericorum
1963 1557 2068 1631 quam

653 1659 830 1754 laycorum
846 1678 931 1729 auro
946 1666 981 1728 et
996 1665 1138 1750 argento
1150 1665 1246 1728 erant
1262 1657 1439 1744 honerate,
1456 1655 1555 1750 quod
1572 1665 1695 1730 natura
1709 1665 1842 1729 rectum
1859 1678 2068 1752 cognoscere

654 1801 724 1854 uon
748 1779 897 1852 valebat.
921 1777 1033 1852 Etiam
1058 1776 1222 1852 dominus
1242 1777 1465 1850 Innocentius
1490 1799 1647 1852 summus
1670 1779 1826 1874 pontifex
1851 1779 1913 1874 qui
1936 1779 2067 1852 dictum

653 1901 852 1998 Philippum
866 1923 888 1974 a
901 1900 1070 1996 principio
1087 1920 1234 1974 exosum
1252 1899 1435 1991 habuerat,
1456 1909 1491 1972 et
1503 1921 1666 1974 coronam
1683 1901 1717 1974 ei
1737 1899 1821 1974 dare
1833 1913 2065 1994 recusaverat,

655 2025 801 2100 audiens
814 2024 910 2096 illum
925 2031 1099 2118 potentem
1115 2042 1192 2094 esse
1204 2021 1280 2094 sine
1294 2022 1418 2094 timore
1434 2022 1557 2117 ipsius,
1573 2042 1658 2094 auro
1673 2029 1709 2094 et
1727 2031 1871 2116 argento
1888 2031 2065 2120 comptus,

653 2147 838 2223 concordia
862 2145 1088 2219 cardinalium
1110 2153 1250 2241 pactum
1276 2142 1385 2220 dandi
1412 2145 1446 2219 ei
1469 2165 1633 2218 coronam
1657 2146 1797 2218 fecerat.
1821 2145 1895 2218 lloc
1916 2146 1953 2217 iu
1977 2167 2068 2220 anuo

654 2271 703 2344 ll.
718 2269 781 2342 CC.
794 2270 884 2342 Vllll
901 2266 962 2363 (b),
978 2265 1168 2338 indictione
1183 2267 1252 2358 Xl,
1270 2286 1389 2340 menae
1402 2267 1514 2359 Junic,
1534 2265 1728 2362 patriarcha
1740 2265 1999 2360 Aquilegieusis
2021 2269 2068 2340 le-

654 2401 757 2488 gatus
774 2390 904 2464 domiui
921 2387 1071 2484 Philippi
1094 2388 1281 2462 altomana
1305 2389 1402 2461 curia
1419 2390 1581 2482 veniens,
1601 2387 1808 2462 Placentiam
1827 2389 2010 2482 transiens,
2033 2390 2068 2461 in

653 2525 779 2589 terram
806 2511 1093 2585 Theotenieorum
1121 2509 1292 2606 proticisci
1321 2513 1548 2606 properabat,
1573 2512 1639 2607 ipsi
1670 2510 1811 2585 domino
1834 2511 1994 2607 Philippo
2023 2533 2068 2586 ex

654 2647 752 2734 parte
769 2635 903 2711 domini
920 2655 1010 2730 pape
1023 2634 1174 2728 legatum
1189 2633 1345 2706 deterens
1358 2641 1398 2706 ut
1411 2633 1693 2728 quandocunque
1710 2633 1815 2706 vellet
1829 2655 2005 2726 murram,
2025 2635 2070 2710 ab

655 2780 698 2833 eo
711 2759 768 2832 vel
785 2758 832 2830 ab
847 2757 899 2830 eis
915 2755 1044 2851 quibus
1063 2757 1150 2829 foret
1163 2754 1323 2849 delegata
1335 2755 1519 2852 acciperet.
1536 2757 1657 2851 ltaque
1672 2777 1752 2828 cum
1773 2756 1840 2830 heo
1856 2757 1973 2830 omnia
1988 2779 2069 2852 age·

654 2889 785 2970 rentur,
798 2879 962 2954 dominus
974 2885 1090 2952 noster
1106 2878 1230 2950 Jehsus
1243 2877 1398 2950 Christus
1413 2887 1558 2968 creator,
1578 2878 1733 2951 omnium
1746 2899 1875 2970 rerum,
1891 2879 1984 2952 ultor
1996 2901 2070 2952 om·

656 3006 754 3079 nium
772 3005 963 3092 malcrum,
986 3001 1043 3074 cui
1062 3001 1112 3072 nil
1130 3009 1183 3074 est
1204 3009 1395 3092 secretum,
1417 3001 1466 3072 nil
1482 3000 1742 3094 absconditum,
1761 3000 1867 3075 corda
1891 3001 2071 3074 lrominum

658 3131 783 3221 sciens,
800 3127 863 3223 qui
880 3133 934 3198 est
948 3145 1053 3196 verus
1068 3123 1183 3216 judex
1196 3133 1233 3196 et
1249 3127 1382 3218 justus,
1402 3133 1438 3196 et
1450 3125 1621 3218 justitiam
1641 3125 1861 3198 strationem
1880 3125 2071 3218 unicuique

657 3261 902 3340 manutenens,
923 3257 958 3320 et
976 3247 1024 3318 nil
1038 3246 1238 3340 relinquens
1251 3247 1418 3338 inultum,
1442 3245 1450 3342 Ι
1471 3249 1593 3321 volens
1603 3247 1775 3322 mirabilia
1787 3269 1852 3321 ena
1867 3267 1972 3344 super
1985 3247 2071 3320 iram

658 3377 809 3474 pessimo
830 3381 866 3446 et
887 3369 1021 3445 crudeli
1036 3371 1126 3443 iacto
1149 3370 1311 3442 omnibus
1332 3377 1570 3465 pemctescere
1590 3395 1600 3440 ε
1620 3369 1750 3444 accidit
1772 3369 1894 3444 divina
1919 3369 2072 3466 potentia

658 3501 754 3598 qued
770 3497 933 3571 dominus
945 3492 1126 3589 Philippus
1141 3514 1162 3565 a
1184 3493 1336 3586 quodam
1350 3492 1458 3566 nobili
1471 3492 1628 3590 principe
1641 3492 1839 3589 Antegrado
1851 3491 1899 3590 (c)
1915 3493 2069 3586 nomine,

659 3624 730 3698 ulio
748 3623 848 3714 cuius
865 3639 1011 3691 uxorem
1028 3613 1134 3688 liliam
1155 3637 1256 3688 suam
1269 3613 1382 3705 dedit,
1405 3624 1525 3711 poema
1544 3616 1578 3688 ci
1599 3616 1740 3709 tulerat,
1763 3623 1956 3690 commotus
1970 3615 2021 3690 ira
2037 3623 2072 3688 et

659 3748 777 3823 dolere
802 3752 908 3837 atquc
930 3740 1055 3814 decore
1081 3737 1155 3835 (d),
1181 3739 1313 3810 intrans
1334 3737 1371 3810 in
1394 3737 1543 3812 triclinio
1566 3739 1603 3810 in
1626 3759 1698 3834 quo
1716 3738 1878 3812 dominns
1894 3737 2072 3834 Philippus

659 3868 817 3942 infirmus
826 3863 978 3957 iacebat,
992 3870 1104 3934 tactus
1122 3861 1275 3954 maligno
1290 3861 1427 3956 spiritu,
1443 3861 1560 3955 gladic
1572 3871 1624 3935 eet
1636 3883 1718 3936 eum
1734 3863 1949 3954 cuneatus,
1967 3871 2004 3934 et
2020 3861 2071 3932 iu·

658 3993 820 4066 terfectns
844 4007 963 4060 mense
986 3983 1076 4077 julio
1101 3983 1174 4081 (t),
1205 3985 1374 4058 existente
1398 3985 1491 4060 dicto
1516 3985 1709 4084 patriarcha
1731 3983 1851 4060 adhuc
1874 3984 2072 4058 incivitate

701 4127 743 4208 (a)
764 4125 802 4188 In
814 4123 914 4188 codice
926 4119 1014 4185 idem.

702 4231 743 4314 (l)
764 4233 824 4294 Sle.
839 4229 897 4292 Sed
909 4230 976 4290 luce
988 4229 1097 4290 clerlur
1110 4225 1267 4306 legendum
1279 4225 1447 4288 MCGVIII.

701 4339 740 4421 (c)
766 4339 882 4400 Nomen
899 4335 1051 4410 mutilum,
1066 4349 1159 4414 quum
1180 4333 1229 4394 lrlc
1250 4339 1356 4414 agatur
1375 4333 1413 4394 de
1433 4334 1519 4396 titolo
1538 4332 1657 4396 Ottcnlr
1679 4332 1717 4394 de
1736 4330 1951 4408 wittenbach,
1965 4331 2072 4394 sulcet

660 4441 855 4528 Psalzpracio.

702 4549 745 4632 (d)
767 4551 831 4628 sle,
844 4547 896 4610 sed
909 4547 1019 4608 rcellus
1032 4540 1174 4606 dedcmrc.

698 4759 735 4834 (t)
752 4755 874 4831 Philippe
885 4705 925 4812 lut
937 4753 982 4812 me
995 4753 1021 4812 le
1031 4755 1061 4814 2l
1075 4749 1403 4826 interammensem.
