4554 6080
534 715 539 724 ,
635 654 695 715 334
1112 655 1355 717 clluolttcolt
1380 657 1431 718 un
1456 657 1584 718 REBUS

634 798 746 862 castra
764 787 834 859 illa.
846 789 897 859 De
913 785 1028 860 medio
1041 810 1160 862 mense
1171 790 1250 883 julii
1262 791 1398 884 Regini,
1416 793 1617 865 Parmenses
1630 801 1710 864 et...
1727 791 1867 866 iverunt
1878 793 2053 870 inossidi·

633 913 763 986 tionem
783 913 885 984 castri
901 911 947 986 de
965 913 1129 986 Corvaria
1151 914 1246 1007 quod
1270 923 1362 988 tenet
1381 917 1567 989 Jacobinus
1585 916 1631 989 de
1647 916 1777 990 Paluda
1793 939 1856 1012 pro
1873 931 1972 1014 parte
1987 923 2050 993 im·

634 1037 739 1132 perii,
766 1047 800 1110 et
822 1035 881 1108 die
894 1036 989 1128 jovis
1007 1037 1099 1109 XVII
1126 1037 1254 1110 mensis
1279 1040 1483 1134 septembris
1506 1040 1655 1114 affidatio
1675 1041 1831 1136 personis
1858 1041 2051 1117 habuerunt

633 1160 720 1233 illud
737 1169 886 1232 castrum
904 1159 999 1254 quod
1017 1160 1156 1254 penitus
1174 1160 1432 1234 destruxerunt.

681 1283 812 1356 Eodem
831 1293 986 1378 tempore
1006 1283 1170 1356 dominus
1184 1306 1250 1358 rex
1274 1284 1417 1360 Castelle
1431 1281 1551 1388 [misit]
1570 1289 1646 1382 ejus
1665 1288 1907 1362 ambaxatores
1924 1290 2051 1364 scilicet

633 1407 793 1480 comitem
823 1405 1043 1480 Guillelmum
1074 1407 1121 1480 de
1152 1408 1381 1481 Vinctimilliis
1411 1419 1445 1482 et
1474 1413 1612 1484 fratrem
1644 1411 1893 1485 Oddemarium
1919 1413 2050 1486 ordinis

632 1533 775 1604 fratrum
797 1530 1055 1626 predicatorum
1086 1531 1230 1604 dilectos
1249 1531 1370 1606 fideles
1397 1543 1431 1605 et
1460 1535 1679 1608 consciliares
1710 1535 1746 1607 in
1774 1535 1981 1609 Lombardia
2005 1537 2050 1610 ad

633 1654 850 1728 tractandum
872 1676 976 1750 super
996 1656 1086 1728 facto
1109 1655 1244 1750 imperii
1267 1656 1314 1729 ad
1335 1657 1430 1752 quod
1458 1658 1583 1754 spirat3
1606 1667 1642 1731 et
1660 1660 1758 1730 iactis
1776 1661 1885 1754 pactis
1908 1669 1944 1732 et
1969 1683 2049 1733 con·

632 1777 855 1850 ventionibus
881 1799 961 1848 oum
990 1779 1165 1850 communi
1190 1779 1297 1875 Papio
1320 1791 1355 1853 et
1378 1780 1612 1875 sollempniter
1637 1781 1844 1871 oellebratis,
1870 1805 2051 1857 commune

632 1902 736 1996 Papio
759 1902 795 1973 in
823 1901 1007 1976 concordia
1034 1903 1188 1975 fecerunt
1211 1924 1293 1977 suos
1313 1903 1476 2000 syndicos
1500 1906 1628 1978 scilieet
1652 1904 1812 1979 dominos
1833 1908 2050 2000 laurengum

632 2027 679 2099 de
693 2028 918 2098 Buocntauris
931 2027 1088 2119 judicem
1103 2037 1139 2100 et
1154 2027 1401 2102 Gualteronum
1420 2051 1509 2124 quos
1526 2029 1572 2104 ad
1590 2031 1799 2126 presentiam
1814 2029 1946 2103 domini
1962 2033 2050 2126 ragis

632 2149 778 2224 Castelle
794 2151 841 2224 ad
860 2150 1049 2244 jurandum
1073 2153 1141 2224 sibi
1169 2151 1370 2226 fidelitatem
1392 2163 1570 2247 tamqnam
1595 2153 1789 2248 imperatori
1809 2152 1952 2226 duxerit
1969 2155 2050 2250 (sic)

633 2273 872 2348 destinandos.
888 2275 955 2361 Qui
972 2278 1157 2348 moverunt
1175 2276 1222 2349 ad
1240 2276 1390 2350 eundem
1404 2276 1462 2349 die
1478 2277 1618 2349 veneris
1632 2279 1752 2349 ultimo
1766 2277 1895 2350 mensis
1909 2279 2001 2372 julii,
2017 2289 2050 2352 et

633 2398 796 2471 dominus
810 2399 933 2473 Bosius
951 2399 996 2472 de
1014 2399 1160 2472 Dovaria
1183 2421 1245 2494 pro
1260 2421 1298 2472 se
1311 2409 1346 2471 et
1360 2409 1456 2494 parte
1469 2400 1663 2473 extrinseca
1676 2399 1722 2472 de
1739 2402 1919 2494 Cremona,
1936 2423 2051 2476 comes

653 2518 660 2621 Ι
681 2523 866 2597 Ubertinus
884 2522 929 2595 de
949 2522 1068 2595 Lando
1087 2543 1149 2618 pro
1172 2541 1210 2594 se
1233 2531 1267 2594 et
1285 2531 1382 2617 perte
1408 2523 1602 2594 extrinseca
1621 2521 1666 2596 de
1688 2524 1877 2616 Placentia,
1904 2525 2051 2598 Iacobus

633 2647 860 2719 Tavemerius
874 2667 935 2740 pro
950 2667 989 2718 se
1004 2655 1038 2717 et
1061 2654 1158 2740 parte
1172 2645 1366 2718 extrinseca
1382 2646 1522 2736 Parme,
1541 2645 1691 2718 lacobus
1707 2647 1856 2719 Tizonus
1879 2669 1943 2742 pro
1959 2669 1998 2720 se
2019 2660 2052 2722 et

633 2779 731 2866 parte
743 2770 942 2842 extrinseca
957 2769 1202 2860 vercellarum,
1223 2769 1390 2842 Ribaldus
1407 2771 1588 2842 Granonus
1611 2791 1674 2864 pro
1689 2791 1728 2844 se
1748 2779 1783 2842 et
1801 2779 1897 2866 parte
1914 2773 2052 2844 extrin-

633 2915 712 2967 seca
734 2894 909 2985 Terdone,
933 2893 1085 2964 Torellus
1104 2893 1295 2966 'lornicllus
1323 2913 1386 2988 pro
1416 2915 1453 2966 se
1481 2902 1516 2966 et
1539 2901 1636 2989 parte
1663 2893 1858 2967 extrinseca
1880 2895 2048 2987 Novaria,

633 3019 804 3114 capitanei
829 3015 937 3112 partis
956 3016 1150 3088 extrinsece
1173 3015 1292 3088 laude
1316 3017 1512 3088 consimiles
1529 3017 1693 3114 syndicus
1712 3017 1759 3090 ad
1784 3017 1915 3090 dietum
1937 3019 2052 3091 domi-

634 3163 719 3212 num
733 3163 851 3234 regem
870 3141 1144 3212 transmiserunt.
1168 3139 1235 3225 Qui
1255 3138 1418 3211 dominus
1437 3161 1502 3212 rex
1527 3141 1682 3235 promisit
1697 3161 1735 3212 so
1751 3140 1915 3213 daturum
1933 3142 1971 3213 in
1987 3143 2051 3216 de-

634 3265 787 3337 fensione
814 3267 956 3336 istorum
982 3263 1138 3338 omnium
1166 3273 1201 3336 et
1228 3263 1335 3358 partis
1365 3261 1500 3370 imperii
1529 3262 1712 3356 usquead
1738 3261 1906 3336 kalendas
1933 3265 2050 3336 marcii

632 3389 703 3460 ΜΜ
720 3389 847 3461 milites
867 3398 902 3460 et
926 3387 1006 3460 fecit
1024 3389 1150 3459 multas
1168 3385 1373 3480 parentellas
1396 3385 1432 3456 in
1452 3386 1661 3459 contrarium
1677 3387 1770 3481 regis
1785 3387 1916 3460 Karoli.
1938 3386 2050 3461 Primo

634 3511 730 3584 dedit
748 3521 782 3583 et
801 3513 885 3585 dare
903 3510 1006 3583 debet
1022 3510 1163 3583 domino
1178 3508 1358 3580 Guillelmo
1373 3507 1565 3580 marchioni
1583 3509 1807 3584 Montisferati
1828 3531 1933 3582 unam
1953 3533 2050 3584 sunm

634 3635 738 3708 filiam
755 3644 790 3708 et
810 3635 914 3708 debet
935 3634 1091 3728 accipere
1108 3631 1214 3704 filium
1239 3629 1323 3703 dicti
1341 3631 1548 3704 marchionis
1568 3633 1605 3704 in
1629 3654 1777 3706 uxorem
1801 3633 1968 3708 Iohannis
1991 3634 2051 3708 lilii

634 3759 718 3831 dicti
735 3759 865 3832 domini
891 3759 983 3850 regis
998 3767 1033 3828 et
1050 3755 1117 3828 hoc
1142 3755 1223 3827 lecit
1248 3763 1428 3850 propterea
1455 3755 1551 3849 quod
1579 3753 1694 3829 dictus
1721 3757 1875 3830 marchio
1903 3768 1959 3830 est
1985 3759 2050 3830 ini-

632 3883 743 3954 micus
760 3881 890 3965 domini
906 3881 1020 3953 Karoli
1040 3901 1102 3974 pro
1123 3877 1336 3951 Alexandria
1353 3901 1459 3972 quam
1478 3879 1511 3950 ei
1531 3889 1622 3951 tenet
1638 3889 1674 3952 et
1690 3901 1753 3976 pro
1776 3881 1916 3954 civitate
1940 3881 2052 3954 Ovree

633 3983 738 4099 quam
757 4004 821 4075 sibi
839 4015 943 4077 tenet.
963 4003 1114 4075 Alteram
1138 4023 1222 4075 vero
1247 4000 1355 4073 filiam
1375 4001 1435 4073 dat
1453 4024 1517 4096 pro
1542 4023 1654 4076 uxore
1677 4001 1819 4076 domino
1836 4003 2052 4077 Thomaxino

633 4127 750 4232 comiti
775 4127 910 4200 Savolie
935 4128 1076 4200 inimico
1104 4126 1235 4198 domini
1264 4125 1382 4196 Karoli
1409 4135 1548 4222 propter
1575 4125 1749 4200 civilatem
1777 4125 1919 4198 Taurini
1946 4151 2050 4221 quam

633 4253 700 4324 sibi
716 4252 900 4346 occupavit
916 4259 951 4322 et
967 4251 1049 4346 quia
1067 4272 1203 4344 semper
1224 4249 1341 4321 extitit
1364 4247 1476 4321 fidelis
1497 4249 1645 4344 imperii.
1671 4249 1822 4322 Alteram
1839 4271 1924 4323 vero
1945 4249 2051 4324 filiam

634 4377 718 4450 dare
748 4375 853 4448 debet
884 4373 954 4447 lilio
985 4374 1085 4447 ducis
1115 4373 1283 4470 Bayverie
1307 4372 1455 4445 ‘inimico
1486 4371 1569 4448 dicti
1600 4373 1732 4445 domini
1760 4373 1890 4464 Karoli,
1914 4385 2051 4470 propter

634 4493 758 4596 [quod]
778 4497 906 4570 occidit
923 4517 1039 4588 regem
1061 4496 1296 4569 Conradinum
1315 4495 1509 4568 seeundum
1536 4505 1697 4590 nepotem
1715 4493 1800 4570 dicti
1820 4494 1940 4586 dncis;
1960 4497 2051 4568 alte-

633 4643 708 4694 ram
732 4643 815 4695 vero
843 4621 947 4693 filiam
974 4619 1057 4692 dare
1083 4619 1187 4693 debet
1215 4619 1286 4691 filio
1313 4619 1501 4711 Palialoghi
1527 4619 1745 4712 imperatoris
1768 4617 1955 4690 Grecorum
1980 4619 2050 4690 ini-

634 4746 723 4818 mico
744 4744 828 4818 dicti
850 4745 941 4840 regis
956 4744 1089 4838 Karoli,
1110 4751 1249 4840 propter
1271 4743 1367 4838 quod
1392 4741 1506 4816 dietus
1524 4741 1686 4816 dominus
1698 4763 1764 4816 rex
1784 4741 1931 4814 Karolus
1952 4761 2051 4813 canr-
