4594 6066
812 609 853 669 ΙΝ
877 610 1017 672 lTllLlll
1042 611 1194 676 GESTlS.
1650 611 1709 676 169

295 745 482 822 lombardi
505 743 551 820 do
573 745 726 818 Brixana
750 741 810 838 (a)
832 754 1041 818 revertentes
1062 768 1124 840 per
1144 755 1265 841 pontes
1291 745 1337 818 de
1362 745 1517 820 Palazolo
1544 757 1579 820 et
1605 757 1709 842 ponte

294 871 370 944 Olio
395 869 439 966 (b)
460 869 613 942 fluminis
637 867 705 940 Olii
733 868 960 958 transierunt,
980 871 1135 942 volentes
1166 879 1251 966 aput
1276 869 1412 942 Curlem
1438 870 1571 944 Novam
1593 871 1709 944 alber-

293 1017 390 1090 gare.
414 995 506 1066 Hora
528 1013 613 1066 vero
633 993 708 1084 jam
728 1013 820 1064 none
842 1001 1029 1084 bansacta,
1054 1015 1133 1066 cum
1152 994 1326 1067 carosium
1347 993 1531 1068 Mediolani
1554 1006 1709 1090 atquem

294 1116 444 1212 plurima
458 1115 639 1211 temptoria
656 1124 772 1187 essent
784 1124 868 1210 aput
878 1115 1015 1188 Curtem
1030 1118 1163 1190 Novam
1183 1115 1292 1189 infixa
1305 1125 1340 1190 et
1358 1117 1484 1190 milicie
1496 1118 1709 1193 Lombardo·

293 1261 372 1312 rum
385 1238 733 1312 ascberate'essentin
746 1241 1351 1335 campolongeacarocioperunum
1363 1242 1573 1332 milliarium,
1585 1265 1711 1340 expec-

293 1373 405 1436 tentes
424 1365 572 1460 populos
589 1363 768 1437 venientes
790 1385 871 1436 oum
889 1364 1027 1455 caretis,
1044 1365 1189 1459 quidam
1204 1363 1250 1461 (c)
1267 1364 1366 1436 miles
1382 1365 1599 1460 imperatoris
1616 1369 1712 1440 venit

293 1487 331 1558 in
349 1507 441 1580 equo
459 1487 540 1560 albo
555 1507 663 1582 prope
681 1486 839 1559 scheram
858 1487 1089 1560 Placentinam
1104 1487 1314 1562 admatando
1327 1485 1379 1585 (d)
1395 1510 1477 1561 cum
1492 1510 1564 1561 uno
1581 1492 1711 1584 capello

294 1610 414 1684 dicens
436 1633 446 1678 ε
465 1635 484 1680 a
506 1611 624 1682 Estote
643 1611 774 1704 parati,
794 1631 904 1702 quum
924 1610 1109 1706 imperator
1127 1632 1264 1706 semper
1282 1611 1380 1684 dabit
1401 1611 1502 1686 vobis
1527 1613 1669 1686 bellum.
1690 1637 1709 1683 »
1800 1687 1801 1690 ,

293 1730 362 1818 Qui
390 1753 472 1804 oum
496 1731 661 1822 dixisset,
682 1731 806 1802 festino
827 1752 932 1802 cursu
953 1731 1143 1806 Sunoinum
1163 1743 1215 1804 est
1232 1753 1405 1804 reversus.
1429 1733 1563 1806 Interea
1579 1734 1712 1827 Perga-

292 1876 433 1927 menses
458 1855 522 1950 qni
537 1863 635 1928 erant
661 1853 698 1925 in
714 1855 852 1928 castello
870 1853 1027 1928 Cividate
1044 1855 1140 1948 quod
1155 1863 1208 1928 est
1224 1856 1381 1950 Pergami
1397 1857 1551 1930 iecerunt
1572 1858 1711 1951 signum

293 1978 382 2050 lumi
397 1998 502 2072 super
519 1987 647 2050 turrem
664 1977 757 2050 illius
769 1977 914 2070 castelli,
927 1977 985 2050 alii
1001 1999 1085 2050 vero
1099 2000 1145 2050 ex
1159 1979 1327 2051 militibus
1336 1980 1493 2073 Pergami
1507 1992 1713 2076 possuerunt

292 2100 410 2194 ignem
425 2101 516 2172 inter
533 2100 713 2174 ecclesiam
729 2120 799 2193 que
815 2109 888 2172 erat
907 2101 941 2171 in
959 2101 1027 2173 illis
1050 2102 1223 2196 partibus,
1246 2102 1346 2196 signa
1365 2103 1558 2197 imperatori
1577 2105 1713 2178 facien-

293 2233 357 2296 tes.
375 2223 479 2308 Quod
491 2233 608 2296 autem
627 2223 823 2317 intelligens
836 2223 1021 2318 imperator
1033 2225 1095 2318 qui
1108 2236 1192 2319 aput
1208 2225 1394 2298 Succinum
1407 2225 1452 2320 (a)
1467 2235 1553 2316 erat,
1572 2229 1713 2303 collecta

292 2367 357 2418 sua
378 2345 507 2419 milicia
532 2345 662 2418 scheria
690 2345 857 2418 ordinatis
885 2353 919 2416 et
945 2355 1084 2440 propter
1111 2347 1207 2441 quod
1229 2347 1275 2420 de
1291 2348 1578 2442 Pergamensibus
1599 2349 1714 2422 confi-

293 2467 418 2560 debat,
448 2490 573 2542 versus
598 2469 735 2540 Curtem
767 2469 902 2540 Novam
931 2469 1143 2563 properavit.
1177 2468 1263 2541 Cum
1298 2479 1415 2542 autem
1447 2471 1573 2546 milites
1602 2474 1714 2568 prime

292 2591 413 2664 schere
434 2591 651 2686 imperatoris
678 2598 763 2685 aput
787 2590 946 2663 inimicos
971 2591 1211 2682 accessissent,
1239 2592 1382 2666 inventa
1407 2594 1561 2688 quadam
1587 2619 1714 2692 magna

292 2713 415 2788 sobora
433 2713 619 2788 Mediolani
644 2714 813 2786 assultum
841 2714 998 2786 lecerunt
1022 2713 1058 2784 in
1081 2713 1188 2808 ipsos.
1207 2713 1480 2788 Mediolanenses
1504 2727 1621 2792 autem
1643 2743 1713 2795 non

291 2839 449 2912 valentes
474 2846 608 2908 tantum
627 2857 698 2908 una
716 2835 804 2908 hora
830 2835 966 2908 illorum
991 2835 1158 2931 impetum
1186 2838 1377 2930 sustinere,
1398 2847 1500 2935 capta
1525 2841 1609 2936 fuga
1633 2866 1712 2916 cum

292 2960 501 3035 Placentinis
523 2960 585 3054 qui
610 2961 714 3052 juxta
738 2981 798 3032 eos
820 2959 965 3032 aderant
989 2981 1113 3032 versus
1138 2961 1311 3033 carooium
1336 2963 1524 3037 Mediolani
1549 2977 1714 3062 ceperunt

293 3083 480 3158 declinare.
496 3084 629 3156 Interea
641 3084 766 3156 milites
780 3083 994 3178 imperatoris
1006 3084 1302 3178 persequebantur
1315 3106 1375 3156 eos
1396 3089 1583 3181 capientes.
1604 3091 1713 3164 Ceteri

291 3227 375 3280 vero
387 3205 574 3278 lombardi
587 3205 746 3280 videntes
758 3227 817 3280 eos
836 3207 872 3278 in
891 3207 1010 3300 lugam
1029 3227 1229 3298 conversoS,
1245 3216 1372 3280 terrore
1386 3211 1570 3304 perterriti,
1587 3235 1713 3306 magna

290 3351 373 3426 pers
383 3328 658 3402 lombardorum
676 3329 767 3424 cepit
779 3327 825 3402 de
839 3349 962 3424 campo
975 3329 1169 3402 absentare.
1191 3331 1335 3425 Reliqua
1355 3351 1439 3404 vero
1452 3334 1573 3408 schere
1594 3335 1713 3431 impe-

290 3451 414 3525 ratoris
430 3450 635 3524 accedentes
652 3450 861 3524 clamando:
889 3451 989 3524 miles
1013 3449 1136 3525 Roma!
1160 3453 1259 3524 miles
1277 3453 1478 3549 imperator!
1509 3457 1713 3553 inceperunt

289 3576 423 3650 bellum
438 3597 520 3648 cum
539 3583 637 3671 parte
652 3575 779 3648 milicie
795 3573 1067 3648 lombardorum
1090 3584 1125 3647 et
1141 3576 1270 3671 populo
1293 3576 1479 3652 Mediolani
1496 3589 1531 3655 et
1548 3580 1711 3656 Alexan-

290 3699 367 3775 drie
379 3701 441 3796 qui
455 3710 541 3798 aput
551 3699 725 3772 carooium
736 3709 981 3772 remanserant.
993 3698 1154 3772 Similiter
1167 3701 1411 3794 Pergamensea
1427 3705 1489 3798 qui
1505 3715 1603 3778 erant
1615 3709 1710 3803 apud

290 3821 468 3896 Gisalbam
490 3843 588 3900 carra
608 3821 924 3896 Mediolanensibus
938 3822 1127 3917 capientes,
1147 3845 1227 3896 oum
1243 3826 1446 3902 Lombardis
1464 3829 1619 3904 similiter
1636 3831 1708 3906 bel·

289 3945 364 4018 lum
379 3945 655 4034 immiscuerunt,
668 3953 704 4017 et
714 3945 809 4018 stetit
823 3967 943 4042 pugna
959 3967 1072 4042 usque
1090 3945 1137 4020 ad
1152 3955 1307 4041 noctem,
1325 3959 1426 4026 nocte
1441 3973 1525 4028 vero
1541 3956 1709 4052 apropin-

331 4169 375 4252 (u)
398 4171 536 4234 l’orslton
548 4169 584 4232 de
596 4171 755 4237 briciano.

331 4275 372 4357 (d)
394 4277 491 4340 Locus
505 4279 629 4340 mndlus
641 4281 704 4341 slve
717 4279 794 4342 mule
806 4281 1013 4360 transcrlptus.

331 4382 369 4463 (a)
394 4385 432 4446 In
444 4385 546 4446 eodlce
559 4383 685 4468 paidom

331 4485 375 4569 (d)
396 4491 501 4552 Italico
520 4491 662 4554 ldlomats
681 4497 842 4572 amatura,
864 4495 975 4556 scillcet
996 4501 1073 4558 noto
1091 4495 1236 4577 donisque
1258 4491 1350 4578 lopati,
1371 4503 1405 4559 ut
1422 4497 1592 4578 Vlrglllunis
1607 4499 1704 4564 verbis

286 4600 419 4658 numer.
652 4625 655 4636 ·

329 4698 370 4782 (a)
393 4701 462 4778 Slc3
477 4702 530 4764 sed
543 4719 635 4784 supra
648 4702 823 4770 Senonum.

1504 4825 1543 4878 22
