4534 6074
564 657 606 720 82
985 657 1228 720 cunontcou
1251 657 1553 720 PLACIIN'I'INIJII.

564 801 673 866 tantes
690 793 812 865 vineas
826 799 861 864 et
873 802 1025 887 segetes,
1045 794 1222 886 legumina
1236 802 1272 866 et
1290 793 1430 865 arbores
1447 791 1618 884 incidere,
1633 794 1835 868 comburere
1852 807 1887 869 et
1900 819 1980 894 sup·

562 915 710 1012 peditari
732 925 767 988 et
789 917 906 989 omnin
932 939 1002 1011 que
1032 927 1130 990 erant
1156 917 1246 990 circa
1273 917 1448 990 civitatem
1476 916 1681 1013 depopulari
1708 927 1744 992 et
1770 941 1840 993 non
1866 923 1980 996 solum

561 1038 715 1111 incidere
743 1047 777 1110 et
800 1037 1024 1134 depopulari,
1048 1061 1171 1113 verum
1200 1041 1304 1112 etiam
1333 1040 1509 1113 civitatem
1537 1039 1575 1113 vi
1596 1036 1731 1136 {uiliter
1762 1063 1977 1138 expugnare.

561 1162 725 1238 Videntes
752 1172 867 1236 autem
891 1163 1079 1236 Bobienses
1105 1163 1151 1234 ab
1172 1163 1309 1258 incepto
1340 1163 1505 1238 desistere
1533 1163 1750 1238 Placentinos
1776 1167 1886 1259 nolle,
1915 1166 1979 1241 sed

562 1287 674 1380 magis
691 1308 733 1358 ac
750 1287 861 1381 magis
881 1307 1003 1359 versus
1021 1286 1197 1359 cIvitatem
1216 1287 1381 1360 velociter
1402 1295 1603 1382 pergentes,
1621 1296 1798 1383 tamquam
1816 1289 1882 1361 viri
1900 1313 1981 1384 pru·

561 1408 685 1483 dentes
700 1419 861 1505 guastum
881 1431 996 1506 neque
1012 1409 1200 1506 dampnum
1214 1409 1367 1484 sivehoc
1379 1409 1607 1484 infortunium
1622 1412 1793 1485 sustiuere
1808 1414 1978 1502 nolentes,

561 1535 679 1608 habito
709 1533 851 1630 quidem
875 1534 1038 1608 conscilio
1061 1535 1221 1607 consules
1245 1533 1343 1607 Bobii
1361 1543 1396 1608 et
1422 1533 1579 1626 ejusdem
1604 1535 1980 1610 civitatis-consciuere

560 1667 661 1732 extra
673 1657 847 1730 civitatem
861 1668 1030 1732 exeuntes
1046 1659 1092 1732 ad
1110 1659 1281 1732 Placentia
1298 1659 1475 1754 potestaIIe
1486 1659 1692 1754 presentiam
1704 1681 1742 1732 se
1758 1672 1981 1756 representa-

560 1791 701 1875 vemnt,
722 1783 830 1877 parati
850 1792 1012 1878 precepta
1028 1780 1205 1877 potestatis
1224 1779 1426 1855 omnimode
1447 1782 1578 1874 jurare.
1598 1783 1676 1867 Quo
1699 1785 1788 1857 lacto
1810 1785 1884 1880 ipse
1909 1807 1980 1881 po-

559 1917 665 1980 testas
692 1905 856 1979 conscilio
887 1906 1139 1979 communicato
1174 1915 1208 1978 et
1241 1905 1431 1978 deliberato
1463 1905 1620 1978 virorum
1649 1907 1859 2002 sapientium
1887 1908 1980 2004 ipsos

558 2029 745 2102 Bobienses
761 2029 796 2100 in
812 2028 1013 2102 defensione
1030 2030 1157 2125 pariter
1169 2041 1204 2102 et
1218 2029 1428 2124 pmtectione
1440 2030 1636 2102 communIs
1648 2029 1820 2103 Placentie
1833 2032 1976 2126 recepit.

559 2154 625 2240 Qui
647 2153 777 2226 ibidem
796 2153 854 2226 die
872 2153 1047 2227 dominica
1073 2153 1135 2225 XII
1154 2155 1282 2226 mensis
1305 2153 1413 2226 madii
1434 2150 1485 2250 (I)
1505 2151 1552 2225 ad
1574 2151 1786 2226 intellectum
1804 2155 1980 2249 potestatis

559 2287 593 2350 et
610 2278 685 2351 sine
702 2278 820 2372 aliqua
836 2275 1032 2350 conditione
1052 2285 1212 2373 precepta
1236 2277 1414 2374 potestatis
1440 2286 1476 2349 et
1502 2277 1696 2350 eommunis
1712 2277 1886 2352 Placentia
1904 2301 1980 2376 pre·

559 2401 629 2473 eise
645 2403 860 2494 juraverunt.
884 2402 957 2473 Hoc
981 2401 1030 2474 ita
1048 2410 1187 2495 peracto
1205 2402 1395 2474 reseramus
1418 2401 1546 2494 gratIas
1568 2399 1702 2474 Christo
1725 2423 1745 2474 a
1769 2425 1841 2496 quo
1856 2413 1977 2476 cuncta

558 2523 752 2619 procedunt
772 2534 807 2597 et
826 2527 901 2597 sine
920 2546 990 2618 quo
1009 2525 1058 2596 nil
1081 2524 1155 2596 lieri
1175 2533 1297 2618 potest.
1318 2524 1421 2597 Dedit
1438 2523 1635 2618 parabolam
1653 2525 1824 2596 universis
1849 2525 1979 2620 inipso

559 2649 714 2721 exercitu
732 2648 979 2740 existentibus,
1005 2650 1065 2744 qui
1082 2648 1213 2742 gaudio
1229 2668 1356 2741 magno
1375 2647 1420 2720 ad
1434 2648 1574 2742 proprIa
1592 2656 1674 2720 sunt
1689 2648 1837 2738 reversi,
1857 2649 1979 2722 divina

559 2773 697 2845 favente
710 2773 831 2864 gratia.

607 2897 655 2968 Μ.
680 2894 742 2968 CC.
772 2895 947 2986 XXVIIII,
977 2893 1155 2991 preconari
1181 2914 1243 2988 per
1270 2891 1446 2966 diritatem
1474 2893 1557 2965 fecit
1586 2892 1750 2966 dominus
1776 2892 1979 2966 Guillelmns

559 3020 737 3116 Saporitus
762 3019 933 3092 PlacentIe
957 3027 1108 3114 potestas
1132 3026 1172 3088 nt
1197 3017 1323 3090 milites
1348 3025 1381 3088 ct
1406 3016 1542 3111 pedites
1566 3016 1666 3111 equis
1687 3025 1722 3090 et
1741 3017 1845 3090 armis
1865 3026 1979 3090 essent

561 3143 733 3238 preparati
751 3143 866 3238 ipsum
887 3141 1118 3236 persequendi
1141 3161 1220 3212 cum
1240 3161 1303 3212 sua
1329 3139 1504 3213 audierint
1524 3139 1636 3233 signa.
1658 3140 1761 3212 Facta
1787 3162 1870 3212 vero
1890 3141 1978 3212 elec·

561 3267 654 3340 tIone
667 3276 771 3363 prout
784 3265 956 3339 Placentia
975 3264 1177 3338 consciliarii
1193 3272 1403 3352 statuerunt,
1419 3273 1460 3333 nt
1480 3259 1543 3334 tria
1564 3263 1672 3334 miIIIa
1686 3263 1843 3358 peditum
1860 3271 1895 3336 et
1913 3263 1979 3334 mi-

561 3391 661 3463 litum
683 3413 804 3464 omnes
821 3411 931 3485 equos
953 3389 1120 3462 habentes
1138 3410 1218 3460 cum
1242 3387 1327 3459 viris
1347 3385 1551 3459 extrinsecis
1577 3385 1614 3458 in
1635 3385 1858 3482 expeditIone
1873 3407 1979 3482 super

561 3515 901 3588 Pontremulensibus
915 3513 1064 3585 inimicis
1080 3511 1206 3584 nostris
1220 3519 1347 3582 statuta
1360 3530 1504 3604 pergere
1516 3507 1697 3582 deberent.
1711 3510 1789 3594 Quo
1803 3510 1909 3600 Iacto,
1922 3509 1979 3582 die

563 3640 724 3712 mercurii
734 3639 781 3711 XI
791 3640 957 3712 kalendas
967 3636 1171 3734 septembris
1185 3633 1236 3732 (2)
1246 3645 1281 3707 et
1293 3635 1352 3707 die
1364 3633 1455 3726 jovis
1464 3633 1637 3728 sequenti,
1651 3634 1744 3705 tubis
1760 3633 1975 3722 sonantibus,

563 3765 803 3839 tintinnabuIIs
824 3762 1062 3860 pulsantibus,
1079 3781 1167 3833 voce
1192 3758 1349 3854 preconis
1374 3755 1514 3849 audita,
1534 3758 1711 3830 clvitatem
1730 3757 1892 3830 exlerunt
1913 3757 1979 3829 iter

564 3912 684 3964 eorum
709 3909 832 3962 versus
860 3888 985 3959 vallem
1013 3885 1104 3957 Tarii
1131 3883 1330 3975 dirigentes.
1361 3881 1425 3952 Die
1449 3889 1566 3952 autem
1587 3879 1724 3952 sabbati
1755 3901 1836 3952 oum
1857 3879 1977 3952 homi-

564 4015 669 4086 nibus
694 4010 896 4084 extrInsecIs
920 4007 1016 4104 apud
1041 4009 1196 4100 Burgum
1226 4005 1272 4078 de
1297 4003 1388 4076 valle
1413 4003 1504 4075 Tarii
1527 4024 1566 4075 se
1591 4002 1888 4076 coadunaverunt.
1915 4005 1978 4076 nic

566 4137 738 4212 dominica
756 4136 816 4207 VII
831 4130 1025 4232 [kalendas]
1044 4130 1246 4226 septembris
1259 4126 1313 4224 (3)
1325 4135 1502 4199 moventes
1518 4135 1646 4216 castra,
1663 4148 1786 4199 versus
1806 4127 1920 4199 locum
1933 4125 1978 4199 de

602 4497 637 4573 (t)
656 4499 692 4556 Le
703 4495 846 4556 diutanche
857 4494 921 4552 ttait
930 4494 956 4551 le
970 4497 1003 4551 ta
1016 4492 1078 4550 mal.
1090 4493 1111 4550 II
1123 4497 1165 4550 cst
1177 4489 1307 4566 p'robable
1322 4505 1375 4562 que
1390 4488 1416 4544 le
1428 4486 1530 4560 coplata
1543 4501 1607 4542 aura
1621 4483 1711 4540 onblid
1725 4498 1778 4540 une
1789 4481 1861 4538 nnitd
1873 4479 1979 4538 dansla

566 4595 755 4668 transcription
767 4593 803 4650 du
815 4592 917 4648 chitlre.
930 4591 977 4648 S’il
989 4590 1123 4662 s'agissait
1133 4590 1170 4646 du
1183 4587 1324 4645 dImanche
1337 4585 1458 4654 suivant,
1470 4599 1501 4640 ce
1514 4582 1595 4639 serait
1609 4581 1634 4638 Ie
1647 4583 1682 4638 20
1695 4580 1759 4636 mai.

603 4693 640 4766 (ἲ)
659 4694 696 4748 Io
707 4689 838 4747 mercredi
850 4691 884 4746 22
898 4687 969 4746 aaut.
982 4688 1048 4744 Date
1060 4691 1163 4743 exacte

604 4789 640 4865 (3)
659 4790 680 4847 Il
692 4794 734 4846 est
746 4787 854 4845 trident
867 4785 932 4859 qu’il
950 4785 1005 4841 Iaut
1017 4785 1119 4857 ajouter
1139 4780 1264 4838 kalendas
1277 4796 1344 4854 pour
1358 4777 1433 4836 avoir
1444 4775 1471 4833 la
1481 4775 1543 4832 data
1554 4773 1591 4830 du
1605 4771 1747 4829 dimanche
1758 4771 1794 4827 26
1807 4767 1879 4825 aodt.
