4568 6064
821 643 864 703 IN
888 643 1027 702 tvtttta
1051 641 1200 703 GESTIS.
1659 632 1720 692 363

307 779 384 850 viro
405 779 566 873 episcopo
591 777 758 850 Brixiensi
786 777 933 873 principi
959 799 1024 850 suo
1049 775 1242 850 carrissime
1269 776 1412 871 gratiam
1437 781 1594 845 suamet
1618 793 1721 844 omne

307 902 452 974 bonum.
471 901 515 974 Ut
532 901 577 974 (16
596 902 776 974 fortunatis
794 911 828 974 et
842 903 1014 998 prosperis
1026 912 1140 974 nostre
1156 901 1324 974 felicitatis
1339 897 1522 970 eventibus
1540 905 1599 967 tue
1610 895 1721 966 since·

308 1025 420 1096 ritatis
437 1023 615 1119 precordia
637 1046 728 1096 nova
751 1045 842 1096 nove
865 1025 976 1097 leticie
997 1035 1139 1097 renovet
1155 1023 1353 1120 plenitudo,
1369 1043 1450 1094 ecce
1475 1019 1571 1114 quod
1592 1019 1655 1090 tibi
1677 1019 1723 1090 ad

309 1149 558 1220 incrementum
594 1147 714 1242 gaudii
746 1148 881 1219 lactoris
916 1148 1085 1220 duximus
1116 1147 1346 1220 intimandum
1380 1145 1528 1240 qualiter
1558 1143 1723 1214 illustrem

311 1274 346 1345 S.
369 1273 423 1370 (l)
445 1295 562 1366 regem
580 1250 720 1345 Boemie
746 1282 866 1344 contra
892 1295 956 1346 nos
981 1285 1016 1347 et
1032 1275 1223 1346 Romanum
1244 1272 1430 1368 imperium
1444 1268 1607 1341 indurato
1622 1265 1726 1338 cordo

312 1409 346 1470 et
368 1399 485 1470 animo
508 1397 648 1470 diucius
670 1396 927 1468 decressentem
951 1375 1017 1468 sub
1042 1399 1170 1493 potenti
1197 1419 1300 1468 manu
1325 1395 1388 1466 Dei
1410 1401 1528 1465 nostre
1553 1392 1727 1483 subjuga-

314 1521 429 1591 vimus
450 1519 625 1615 potestati.
647 1517 742 1590 ldem
760 1518 853 1590 enim
871 1541 935 1590 rex
950 1521 1089 1594 Boemie
1106 1522 1218 1594 statim
1243 1519 1329 1592 dum
1352 1539 1416 1589 nos
1442 1527 1568 1589 terram
1590 1513 1728 1587 Austris

251 1652 252 1656 ’
314 1645 458 1714 intrasse
475 1643 645 1738 percepit,
667 1663 746 1713 cum
764 1642 939 1736 exquisita
964 1643 1090 1714 milicie
1105 1643 1267 1715 comitiva
1287 1651 1364 1736 post
1380 1639 1575 1734 aliquorum
1593 1639 1729 1712 dierum

313 1774 480 1857 treuguas
498 1765 543 1836 ad
564 1773 713 1836 nostram
739 1765 835 1838 venit
856 1767 1061 1860 presentiam
1084 1776 1119 1837 et
1140 1766 1320 1858 resignatis
1342 1765 1379 1835 in
1407 1775 1525 1836 nostre
1546 1763 1730 1854 majestatis

315 1888 476 1960 manibus
486 1888 637 1979 Austria,
653 1887 767 1978 Stiria,
778 1887 962 1979 Corinthia,
975 1887 1142 1978 Carniola,
1157 1887 1308 1959 marchia
1321 1887 1560 1960 Portanasonis
1572 1894 1607 1957 et
1621 1886 1726 1977 Egra,

316 2011 565 2105 principatibus
579 2019 614 2083 et
629 2011 728 2083 terris
737 2009 928 2103 ceterisque
940 2009 977 2081 in
993 2009 1216 2104 prejuditium
1230 2011 1362 2105 imperii
1376 2011 1553 2104 occupatis
1567 2007 1611 2081 de
1624 2031 1730 2102 regno

316 2137 454 2208 Boemie
471 2133 945 2228 MarchionatuqueMoravie
963 2132 1027 2228 (a),
1048 2155 1086 2206 se
1100 2135 1248 2229 penituit
1268 2135 1373 2206 fracto
1395 2132 1536 2227 quidem
1555 2133 1672 2204 animo
1694 2141 1730 2204 et

317 2260 465 2350 genibus
475 2257 1054 2352 incurvatisbumiliter,ctoptinuit
1061 2258 1201 2352 prestito
1209 2256 1550 2349 fidelitatisbomagio
1560 2256 1728 2328 investiri.

318 2381 550 2453 Postmodum
569 2401 653 2454 vero
669 2379 764 2453 idem
783 2402 847 2453 rex
863 2381 1090 2453 mutabilitate
1109 2381 1261 2454 conscilii
1276 2381 1390 2452 minus
1404 2381 1479 2451 sani
1498 2401 1629 2453 vesano
1648 2379 1733 2451 duc-

319 2514 375 2576 tus
390 2505 526 2599 spiritu,
540 2513 657 2576 contra
668 2503 926 2598 compositionis
941 2505 1085 2576 formam
1100 2503 1264 2576 internos
1279 2504 1398 2576 initam
1417 2511 1544 2576 temere
1556 2526 1594 2575 se
1608 2505 1731 2576 erexit.
1804 2500 1807 2506 ’

318 2631 460 2724 Propter
476 2627 570 2723 quod
589 2629 705 2701 omnia
725 2649 795 2722 que
810 2627 901 2699 bono
918 2629 1013 2723 pacis
1033 2638 1067 2700 et
1089 2629 1239 2701 amicitie
1262 2629 1329 2701 sibi
1351 2629 1605 2724 assignavimus
1621 2637 1737 2702 nostre

319 2755 580 2826 retractavimus
601 2753 779 2848 potestati,
800 2753 997 2849 principum
1021 2763 1215 2825 nostrorum
1237 2775 1340 2846 super
1362 2753 1428 2824 hoc
1454 2755 1549 2848 prius
1572 2753 1736 2848 requisita

320 2877 494 2952 sentencia
516 2885 552 2949 et
568 2885 720 2971 optenta.
744 2877 786 2947 Et
808 2875 858 2948 sic
877 2885 998 2949 contra
1018 2875 1211 2971 predictum
1226 2876 1359 2947 hostem
1382 2885 1536 2948 nostrum
1555 2877 1739 2949 661616111-

321 3003 423 3074 citate
441 2999 670 3096 processimus
683 3008 717 3072 et
730 2999 914 3072 salubriter
931 2999 1168 3094 prevaluimus
1182 3007 1216 3070 et
1230 2995 1293 3097 [iu]
1307 3000 1469 3072 omuibus
1485 2999 1586 3072 bonis
1606 3023 1675 3094 quc
1694 3001 1739 3072 ab

321 3125 445 3198 eodem
469 3127 604 3198 fuerant
619 3132 789 3220 occupata
813 3145 893 3194 cum
913 3125 1146 3218 tranquilitate
1166 3143 1362 3217 regnamus.
1386 3125 1429 3197 Et
1449 3124 1495 3197 ad
1521 3126 1632 3220 ipsius
1650 3125 1741 3219 regis

323 3249 570 3322 exterminium
589 3257 722 3320 tanturn
741 3247 976 3320 laboravimus
990 3246 1086 3342 quod
1105 3269 1283 3342 nunquam
1301 3247 1402 3320 nobis
1418 3249 1541 3342 poterit
1559 3249 1736 3321 rebellare.

320 3374 482 3446 Ceterum
499 3371 663 3468 predictis
676 3371 775 3443 terris
787 3371 823 3442 in
835 3379 926 3444 statu
940 3369 1083 3468 pacifico
1096 3371 1268 3444 collocatis
1281 3369 1327 3442 de
1339 3371 1535 3468 principum
1547 3383 1741 3445 nostrorum

325 3497 488 3578 conscilio
511 3517 575 3568 uos
599 3495 646 3568 ad
671 3502 783 3588 partes
808 3495 921 3568 Ytalie
947 3495 1201 3583 transferimus,
1224 3505 1385 3590 rogantes
1410 3505 1538 3568 attente
1566 3505 1605 3568 ut
1630 3497 1741 3591 ipsam

327 3628 452 3691 terram
465 3619 500 3690 in
518 3620 587 3690 tois
603 3616 799 3691 confinibus
817 3618 878 3688 tibi
896 3617 1025 3691 habeas
1044 3619 1312 3690 recommissam.
1328 3619 1452 3692 Datum
1464 3620 1613 3710 Vienna,
1635 3621 1668 3692 X
1684 3621 1742 3692 ka·

325 3741 446 3815 lendes
463 3743 598 3836 aprilis,
617 3742 714 3836 regni
731 3741 838 3814 nostri
851 3741 910 3811 llll
926 3763 1029 3813 anno.
1051 3765 1069 3810 6

375 3865 439 3936 Die
452 3865 590 3938 veneris
604 3865 664 3937 llll
680 3863 809 3937 mensis
827 3863 955 3954 madii,
972 3887 1054 3960 pars
1070 3863 1115 3936 de
1130 3865 1376 3938 Gaurbazochis
1395 3865 1439 3938 de
1455 3867 1574 3940 Crema
1595 3871 1741 3964 expulsa

326 3999 379 4060 est
395 4010 455 4083 per
468 3998 599 4086 partem
615 3991 854 4061 Benzonorum
869 3987 1244 4060 multosinterficiendo
1261 3999 1295 4060 et
1313 3989 1530 4062 reduxerunt
1543 4012 1581 4062 se
1598 3991 1742 4064 Gamba·

323 4111 423 4182 zocbi
443 4112 479 4182 in
498 4109 663 4184 Cremona
686 4121 721 4184 et
745 4112 781 4182 in
805 4111 1005 4206 episcopatu
1033 4111 1168 4202 Laude,
1198 4121 1232 4184 et
1254 4113 1525 4187 Mediolanenses
1546 4113 1743 4188 babuerunt

325 4233 521 4306 dominium
533 4235 626 4306 illius
640 4245 728 4308 terre
743 4244 778 4307 et
795 4237 923 4308 multos
941 4235 1069 4308 habent
1085 4237 1120 4309 in
1138 4238 1348 4310 carceribus.

368 4440 409 4518 (a)
431 4441 468 4502 Iu
483 4442 582 4505 codlce
594 4447 693 4522 inepte
705 4447 849 4509 narravit.

845 4639 1017 4648 -o-—n--n
1024 4639 1172 4648 ...m-n-..-
1176 4640 1504 4649 m-··...---.....--n..-.-
1509 4639 1740 4659 amnon-n...-

365 4741 404 4816 (t)
424 4743 445 4800 ll
458 4743 538 4816 s’agit
548 4743 582 4801 ici
593 4743 627 4802 de
639 4745 784 4809 Premislas
797 4747 972 4807 Obulcula
986 4748 1064 4806 lettre
1077 4749 1177 4808 initiale
1190 4750 1293 4808 devrait
1306 4751 1363 4810 dtrs
1376 4767 1413 4808 un
1427 4751 1450 4810 0
1464 4765 1499 4810 66
1509 4769 1547 4810 un
1559 4753 1592 4810 P.
