4676 6066
966 653 1166 739 6616666.
1709 690 1778 734 aaa

355 798 542 911 quelques
558 797 704 910 legeres
720 799 945 910 omissione,
965 830 1015 887 au
1032 816 1131 890 texte
1152 804 1268 914 qu'en
1293 802 1461 886 a‘donne
1482 802 1664 886 Muratori
1692 806 1714 885 d
1740 802 1781 886 la

357 931 454 1016 suite
480 932 529 1016 de
556 931 631 1016 sire
656 931 768 1016 Raul.
796 933 916 1043 Apres
939 963 983 1020 oe
1008 938 1102 1020 recit
1123 961 1164 1020 66
1191 946 1350 1043 trouve,
1375 959 1425 1017 au
1450 934 1542 1018 lolio
1567 935 1641 1015 107
1669 959 1779 1016 verso

353 1064 536 1175 jusqu’au
550 1063 643 1148 lolio
664 1068 740 1147 115
759 1090 889 1174 verso,
910 1067 948 1150 la
966 1069 1126 1152 relation
1145 1070 1199 1152 du
1218 1068 1320 1178 siege
1337 1075 1375 1150 et
1391 1064 1496 1149 dela
1512 1066 1614 1174 prise
1631 1066 1680 1149 de
1697 1066 1781 1149 Da-

358 1197 506 1304 miette,
526 1197 614 1306 qui,
634 1197 731 1280 dans
749 1197 786 1280 le
804 1201 1015 1284 manuscrit
1031 1203 1080 1284 de
1097 1201 1136 1282 la
1154 1198 1414 1308 bibliotheque
1431 1196 1553 1304 d’ssst,
1573 1197 1643 1281 1611
1659 1199 1780 1308 partie

357 1325 1120 1442 (16116616616161666616616161161166616,
1135 1341 1173 1416 et
1190 1359 1213 1414 a
1231 1331 1289 1414 ete
1301 1355 1373 1441 par
1384 1330 1618 1439 consequent
1629 1329 1781 1439 publiea

357 1487 428 1570 par
445 1460 627 1546 Muratori
645 1486 736 1545 6666
757 1471 853 1546 66116
876 1465 1049 1548 (16661666
1071 1463 1282 1574 chronique
1301 1463 1376 1570 (1).
1398 1461 1450 1544 Le
1471 1469 1571 1544 texte
1598 1460 1646 1542 de
1673 1471 1782 1545 notre

357 1593 569 1676 manuscrit
586 1603 644 1676 661
656 1593 782 1676 moins
800 1595 978 1706 complet.
1000 1596 1132 1680 Divers
1145 1621 1328 1706 passages
1347 1595 1401 1677 du
1420 1601 1520 1676 texte
1533 1593 1581 1676 dc
1598 1594 1781 1678 Muratori

358 1733 447 1806 sont
468 1723 517 1806 ici
535 1723 634 1808 omis
651 1749 703 1808 ou
719 1725 890 1836 abreges.
915 1728 1134 1837 Cependant
1150 1727 1206 1811 166
1224 1729 1326 1810 deux
1344 1725 1557 1809 redactions
1577 1735 1664 1808 sont
1689 1725 1777 1808 evi-

357 1853 818 1941 demmentfaitessurun
836 1864 959 1942 meme
967 1859 1144 1970 original.
1158 1859 1267 1966 Mais,
1280 1861 1303 1940 6
1316 1857 1437 1966 partir
1451 1858 1519 1940 des
1530 1867 1631 1939 mets
1640 1857 1782 1938 mccli-
1899 1954 1902 1962 .

358 2011 452 2068 aare
470 2002 647 2096 ceperant
666 1988 756 2099 (661.
782 1992 881 2072 1101
903 1992 1001 2074 (1666
1013 1991 1212 2103 Muratori)
1229 1990 1386 2102 jusqu'e
1404 1989 1442 2072 la
1464 1989 1517 2072 fin
1537 1990 1586 2072 (16
1612 1989 1650 2071 16
1669 1989 1778 2072 rela-

357 2119 459 2226 tion,
479 2129 590 2203 notre
616 2123 828 2206 manuscrit
856 2125 1060 2208 (1666666
1086 2134 1182 2207 texte
1208 2134 1293 2208 1661
1319 2121 1493 2206 different
1519 2133 1557 2204 61
1583 2121 1782 2230 beaucoup

357 2251 447 2362 6166
464 2253 675 2358 conforme,
697 2255 804 2338 selon
820 2281 940 2364 nous,
960 2257 984 2340 6
1007 2257 1047 2340 16
1064 2258 1258 2340 seduction
1277 2255 1474 2364 premiere.
1495 2253 1601 2338 Nous
1618 2278 1781 2364 croyons

358 2383 490 2467 devoir
516 2385 608 2469 citer
625 2397 709 2470 tout
731 2414 774 2470 ce
800 2413 981 2500 passage,
1006 2389 1072 2500 qui
1101 2388 1284 2496 s'eloigne
1301 2411 1438 2470 encore
1463 2385 1551 2495 plus
1577 2387 1645 2468 (166
1670 2385 1780 2468 recita

359 2515 544 2601 d'Olivier
561 2517 598 2600 16
617 2519 880 2630 Scholastique
899 2530 936 2605 61
952 2523 1001 2604 (16
1016 2519 1193 2605 Godefroi
1212 2521 1260 2602 de
1276 2519 1459 2628 Cologne,
1475 2517 1641 2627 lesquels
1658 2543 1782 2626 pour-

358 2656 443 2730 tant
458 2661 546 2732 sont
563 2651 779 2735 consideres
788 2654 997 2762 justement
1009 2677 1158 2736 comme
1169 2651 1226 2734 les
1242 2651 1456 2735 meilleures
1475 2675 1629 2733 sources
1647 2649 1783 2732 econ-
1918 2635 1920 2644 '

360 2781 481 2864 sulter
499 2808 567 2864 sur
583 2781 622 2866 16
641 2783 744 2892 prise
756 2785 805 2866 de
818 2784 1004 2868 Damictte
1022 2815 1031 2865 ε

419 2947 434 2986 u
458 2913 606 2997 Interea
631 2917 808 3000 Saraceni
836 2919 903 3028 qui
926 2919 965 3000 in
989 2917 1162 3000 Damiate
1183 2916 1333 3000 civitate
1355 2915 1514 2998 aderant
1534 2913 1714 2996 nuntium
1733 2914 1781 2995 ad

360 3043 565 3128 soldanum
575 3046 777 3156 misemnt,
790 3050 956 3132 dicentes
964 3061 1008 3132 ut
1019 3049 1072 3132 616
1082 3048 1283 3132 subvenire
1292 3047 1459 3155 deberet,
1471 3047 1562 3156 quia
1570 3044 1784 3154 pestilentia

360 3203 504 3288 magna
518 3189 556 3261 61
573 3179 745 3262 mortalis
770 3181 971 3264 infirmitas
998 3207 1063 3264 eos
1082 3191 1325 3290 superaverat
1341 3180 1466 3262 taliter
1484 3178 1576 3288 quia
1593 3177 1782 3260 civitatem

360 3309 563 3394 defendere
580 3312 805 3422 nequibant.
823 3315 995 3424 Cumque
1010 3313 1193 3396 soldanus
1210 3323 1248 3396 61
1265 3311 1477 3395 Coradinus
1495 3311 1565 3392 hec
1578 3309 1695 3392 verba
1713 3335 1782 3393 au-

360 3441 522 3549 dissent,
533 3441 743 3551 plurimum
757 3455 845 3528 sunt
855 3446 997 3530 turbati
1009 3455 1047 3528 et
1055 3444 1281 3529 contristati.
1296 3443 1371 3542 Qui
1383 3442 1484 3526 illico
1494 3442 1599 3524 mille
1607 3440 1782 3524 homines

361 3572 509 3656 nobiles
531 3583 568 3656 et
590 3586 762 3684 potentes
779 3605 983 3688 preparare
1006 3578 1177 3662 fecerunt
1203 3586 1248 3658 ut
1264 3601 1332 3685 per
1353 3575 1523 3656 fluminis
1542 3599 1684 3683 aquam
1701 3597 1782 3654 ua·-

362 3705 481 3788 tando
507 3732 631 3816 usquc
655 3709 704 3792 ad
727 3710 916 3794 civitatem
943 3721 1053 3794 nocte
1075 3733 1232 3820 pergere
1244 3707 1442 3790 deberent.
1466 3705 1564 3787 Cum
1587 3703 1783 3786 christiani

278 3827 282 3834 ’
361 3837 436 3920 hoc
457 3838 596 3923 virtute
613 3840 767 3924 Domini
790 3841 1083 3946 intellexissent,
1103 3848 1261 3948 pontem
1283 3848 1321 3921 61
1341 3836 1512 3920 {luminis
1537 3835 1662 3944 ripam
1684 3831 1783 3916 dili-

362 3977 495 4078 genter
512 3973 703 4056 custodire
720 3972 890 4056 lecerunt
906 3983 950 4057 ut
967 3984 1152 4084 tanquam
1169 3973 1375 4080 piscatores
1392 3995 1481 4052 cum
1499 3968 1602 4050 retiis
1618 3993 1686 4076 per
1704 3967 1785 4050 llu-

362 4099 480 4182 minis
498 4103 622 4184 undas
644 4111 819 4188 natantes
836 4131 970 4214 capere
990 4105 1156 4214 possint,
1184 4112 1228 4186 ut
1254 4101 1309 4183 eis
1332 4100 1405 4183 dici
1427 4099 1577 4208 possit:
1610 4134 1625 4172 u
1654 4099 1784 4182 Venite

362 4241 450 4340 post
480 4257 562 4340 me,
596 4232 735 4316 faciam
758 4261 825 4319 666
857 4237 938 4319 lieri
969 4237 1174 4346 piscatores
1200 4233 1417 4316 hominum.
1449 4267 1463 4306 a
1495 4231 1611 4316 Nocte
1643 4240 1784 4314 statuta

363 4361 555 4472 veniente,
580 4367 850 4475 prospicientes
877 4369 1074 4450 christiani
1103 4368 1282 4452 viderunt
1302 4390 1475 4475 paganos
1506 4375 1544 4446 61
1575 4363 1783 4446 Saracenos

364 4519 432 4602 per
463 4494 634 4580 fluminis
662 4525 805 4610 aquam
833 4501 1039 4586 venientes.
1077 4500 1174 4582 Cum
1201 4497 1294 4607 ipsis
1322 4496 1478 4582 viriliter
1503 4493 1781 4604 preliaverunt,

629 4695 872 4710 nnn—uns*-

413 4783 463 4872 (l)
485 4787 624 4871 Scriptor.
643 4811 699 4858 rer.
717 4794 834 4872 116116,
850 4801 873 4860 1.
885 4792 976 4872 vul,
991 4791 1052 4860 col.
1072 4789 1191 4860 10836
1209 4789 1306 4858 1101.

1605 4915 1622 4958 θ
