4554 6080
633 693 695 756 294
1111 687 1352 750 CMRONICON
1376 687 1428 748 ltu
1453 685 1581 747 REBUS

631 826 827 901 maximum
846 822 978 895 iaciunt
993 833 1199 918 apparatum
1216 821 1369 896 intrandi
1387 823 1424 895 in
1447 822 1624 896 civitatem
1643 818 1763 894 lauda
1785 829 1821 894 ct
1837 821 1874 892 iu
1898 821 2051 894 maxima

632 947 819 1022 concordia
835 969 915 1020 cum
938 945 1081 1020 domino
1094 947 1198 1020 Sucio
1213 955 1248 1020 ct
1265 947 1394 1043 populo
1411 946 1543 1021 Laude.

680 1073 745 1146 Die
764 1071 901 1146 sabbati
924 1071 957 1142 X
983 1071 1111 1143 mensis
1137 1071 1277 1166 augusti
1296 1070 1512 1166 congregatis
1535 1069 1573 1141 in
1595 1067 1736 1141 civitate
1752 1066 1870 1141 Laude
1889 1066 2054 1140 ambaxa-

632 1197 767 1270 toribus
799 1195 987 1286 Cremona,
1014 1193 1207 1284 placentie,
1240 1195 1380 1288 Parme,
1412 1193 1588 1287 Pergami,
1623 1192 1811 1286 Cremona,
1842 1192 2050 1284 Cumarum,

632 1319 769 1412 Brixia,
789 1319 940 1392 Novaria
965 1327 1000 1390 at
1024 1319 1275 1411 Verzellarum,
1304 1319 1351 1392 ad
1369 1317 1577 1392 instanciam
1596 1326 1630 1390 at
1646 1325 1828 1389 tractatum
1847 1299 1995 1388 illorum
2009 1315 2054 1389 dc

632 1443 774 1535 latura,
793 1443 829 1514 in
848 1441 993 1515 consilio
1008 1441 1161 1534 generali
1179 1441 1329 1514 civitatis
1346 1441 1466 1515 Laude
1488 1449 1760 1538 propossuerunt
1776 1449 1811 1512 et
1827 1447 2055 1512 narraverunt

632 1565 912 1660 magnitudinem
923 1565 1059 1637 illorum
1079 1563 1125 1638 da
1140 1565 1268 1638 Latura
1280 1573 1314 1637 et
1327 1565 1523 1661 potenciam
1538 1585 1677 1656 eorum,
1694 1572 1852 1660 petentes
1864 1562 1909 1636 ab
1922 1559 2053 1635 eisdem

633 1686 680 1762 de
693 1689 811 1761 Laude
830 1697 871 1760 ul
888 1710 927 1760 se
947 1689 1249 1782 compromiterent
1269 1688 1306 1760 in
1328 1710 1389 1762 ecs
1410 1688 1456 1762 de
1473 1687 1715 1783 questionibus
1732 1696 1767 1760 et
1785 1686 1969 1760 discordiis
1986 1705 2056 1780 qne

633 1819 715 1883 sunt
726 1813 816 1884 inter
833 1812 927 1907 ipsos
943 1810 1068 1884 atilios
1082 1810 1285 1896 denatura,
1298 1812 1893 1908 atquoddeiactcOvergnagcrnm
1909 1819 1945 1882 et
1960 1819 2055 1905 parte

633 1937 788 2033 ipsorum
807 1937 1053 2032 exlinqueraut
1067 1936 1209 2008 arbitrio
1228 1937 1363 2009 illorum
1389 1936 1435 2010 de
1450 1937 1561 2026 Tura,
1585 1937 1714 2009 multas
1734 1936 1847 2008 minas
1869 1936 2055 2008 inferentes

633 2061 701 2134 illis
717 2061 762 2134 da
784 2061 913 2156 populo
932 2058 1052 2132 Lauda
1074 2067 1110 2132 at
1127 2059 1193 2130 illis
1213 2060 1258 2133 de
1279 2059 1477 2150 Vistadiuo,
1499 2058 1694 2133 diffidentes
1721 2060 1831 2132 eciam
1856 2079 1916 2131 eos
1938 2058 1969 2130 si
1987 2079 2055 2130 non

633 2188 787 2260 lacerent
805 2184 961 2282 predicta
976 2206 1046 2279 que
1067 2184 1249 2280 petebant3
1271 2183 1465 2279 dequibus
1489 2183 1604 2258 verbis
1625 2203 1774 2274 magnus
1795 2203 1913 2255 rumor
1933 2181 2000 2252 iuit
2021 2182 2054 2252 in

634 2311 702 2384 illia
725 2309 771 2384 da
797 2311 946 2382 cunsilio
975 2306 1095 2381 laude
1123 2307 1357 2382 dicentibus«
1378 2311 1453 2382 Non
1472 2330 1553 2380 uon.
1569 2333 1588 2378 »
1613 2304 1620 2404 Ι
1641 2307 1683 2379 lit
1696 2327 1861 2402 responso
1878 2313 2057 2401 accaploa

635 2433 778 2509 domino
789 2434 893 2508 Sucio
906 2433 1003 2528 quod
1020 2432 1069 2504 illi
1089 2431 1135 2504 de
1145 2432 1328 2506 Vistadino
1342 2441 1377 2505 et
1394 2434 1546 2528 populus
1568 2431 1687 2504 Lauda
1703 2451 1772 2503 uon
1787 2437 1886 2502 erant
1900 2429 2055 2502 homines

636 2557 803 2650 alicujus,
832 2555 896 2630 sed
919 2563 1016 2628 erant
1034 2555 1090 2628 aui
1110 2563 1146 2628 et
1164 2554 1262 2650 quod
1285 2555 1335 2627 illi
1358 2554 1403 2628 da
1426 2555 1551 2626 Lature
1574 2553 1724 2626 lacerant
1745 2554 1836 2626 iacta
1855 2573 1941 2644 sua,
1960 2549 2054 2646 quod

635 2680 800 2755 nolebant
819 2681 938 2776 aliquo
962 2677 1069 2752 modo
1093 2699 1213 2751 eorum
1239 2677 1454 2770 dominium,
1481 2685 1698 2750 recesserunt
1720 2685 1757 2749 at
1782 2676 1921 2749 iverunt
1937 2695 2054 2748 omnes

634 2805 868 2880 Mediolanum
878 2813 913 2877 at
926 2800 1192 2875 familiaVicinii
1206 2801 1325 2874 Lauda
1337 2801 1433 2896 quod
1446 2801 1513 2872 illis
1525 2799 1705 2874 daLatura
1718 2797 1767 2896 (c)
1782 2821 1864 2872 cum
1883 2798 1934 2870 cis
1944 2819 2055 2871 recas-

635 2927 694 3021 sit,
714 2937 748 3000 et
759 2928 819 3000 illo
835 2925 894 3000 die
912 2936 990 3022 post
1007 2947 1118 2998 nonas
1130 2925 1275 2998 consilio
1289 2923 1443 3020 generali
1462 2926 1653 3018 ellegerunt
1670 2923 1708 2996 in
1721 2931 1923 3020 potestatam
1940 2922 2055 2996 Laude

636 3051 749 3124 donec
767 3050 865 3124 aliud
887 3049 945 3123 fiet
966 3048 1115 3143 deiude,
1135 3049 1277 3122 Sucium
1299 3048 1344 3122 de
1362 3047 1542 3122 Vistadino
1558 3057 1594 3121 et
1607 3049 1777 3122 miserunt
1797 3069 1861 3144 pro
1878 3047 2053 3141 Overgua·

635 3174 726 3268 gbis.
746 3174 814 3259 Qui
833 3173 1002 3246 iacientes
1020 3195 1187 3268 magnum
1206 3181 1411 3268 apparatum
1424 3173 1516 3244 sicut
1531 3181 1689 3266 poterant
1710 3171 1769 3245 die
1783 3172 1946 3244 mercurii
1965 3171 2054 3244 Xllll

635 3298 775 3393 augrrsti
803 3296 991 3370 honorilice
1015 3297 1231 3371 intraverunt
1257 3297 1294 3368 in
1320 3295 1519 3388 civitatem,
1548 3295 1611 3367 ubi
1640 3317 1721 3368 cum
1744 3317 1872 3390 magno
1888 3294 2053 3390 gandioa

636 3422 778 3496 domino
804 3423 908 3494 Sucia
933 3431 968 3520 et
990 3421 1056 3493 illis
1080 3420 1125 3494 da
1147 3421 1276 3518 populo
1298 3419 1419 3494 Laude
1445 3419 1573 3515 recepti
1597 3427 1696 3511 sunt;
1717 3429 1753 3494 et
1777 3421 1941 3493 continuo
1958 3428 2052 3492 nocte

636 3547 789 3620 venienti
803 3548 1049 3642 equitaverunt
1065 3545 1113 3618 ad
1128 3545 1277 3620 Maleum
1293 3544 1391 3640 quod
1409 3553 1519 3617 lotum
1543 3543 1809 3637 comburerunt,
1826 3545 1953 3617 multos
1970 3543 2053 3617 occi·

638 3669 764 3742 derunt
781 3679 815 3744 at
827 3670 953 3742 multos
968 3677 1152 3766 ceperunt,
1169 3691 1254 3742 oves
1272 3679 1307 3743 ot
1324 3671 1433 3743 bovas
1449 3676 1483 3741 et
1497 3668 1623 3741 multae
1636 3670 1739 3742 robas
1753 3669 1877 3741 lucrati
1888 3678 1980 3740 sunt.

686 3794 749 3866 Ilia
765 3793 902 3866 veneris
914 3793 1004 3866 vllll
1020 3794 1149 3866 mensis
1165 3793 1304 3888 angusti
1318 3801 1526 3888 congregato
1537 3793 1680 3866 consilio
1693 3793 1849 3883 generali
1864 3792 2053 3864 communis

638 3915 779 3990 Mantua
791 3938 888 3989 mora
905 3917 1005 3990 solito
1028 3916 1158 4012 placuit
1179 3917 1343 3990 amnibus
1364 3917 1459 3988 nullo
1480 3914 1737 3988 contradicente
1758 3913 1855 4010 quod
1871 3935 1991 3987 omnes
2008 3912 2052 3985 illi

640 4040 685 4114 dc
699 4041 785 4114 lliva
801 4050 834 4112 et
850 4041 899 4112 illi
918 4041 963 4114 dc
980 4041 1098 4114 Savila
1111 4049 1146 4113 et
1161 4040 1223 4134 qni
1237 4061 1299 4135 pro
1312 4061 1434 4112 eorum
1451 4047 1548 4136 parta
1570 4047 1668 4112 erant
1682 4049 1780 4112 extra
1798 4039 1975 4112 Mantuam
1994 4036 2052 4111 diu

639 4165 794 4258 expulsi,
816 4173 951 4238 sancet
968 4163 1076 4236 libere
1089 4173 1124 4237 et
1141 4183 1263 4236 secura
1278 4159 1419 4261 [redire]
1434 4163 1566 4259 possint
1584 4173 1619 4238 et
1637 4165 1688 4236 eis
1702 4164 1803 4236 liceat
1822 4184 1956 4236 morare
1969 4161 2051 4234 civi·

638 4297 742 4362 tatem
754 4289 912 4380 Mantu03
924 4289 984 4383 qni
993 4289 1186 4362 maximum
1198 4288 1361 4362 iacientes
1372 4299 1553 4385 aparatum
1567 4287 1625 4362 die
1631 4289 1723 4382 J'ovis
1732 4288 1829 4361 XXX
1841 4287 1992 4361 octubris
2001 4281 2051 4380 (l)

641 4412 857 4486 intraverunt
874 4412 1049 4486 civitatem
1067 4414 1219 4486 Mantua.

677 4563 719 4643 (a)
739 4563 829 4626 Deest
842 4563 968 4626 verbum
984 4567 1016 4625 ln
1030 4565 1146 4644 codice,
1165 4561 1341 4626 altmaro
1354 4563 1403 4626 vel
1416 4563 1597 4642 hujusmodl.

673 4801 712 4876 (l)
731 4803 769 4861 Le
781 4805 815 4860 ao
830 4801 939 4861 octobre
953 4801 1018 4862 dtait
1028 4819 1065 4861 un
1078 4801 1210 4860 marcradi
1221 4817 1255 4860 en
1272 4801 1351 4860 4169.
