4594 6066
841 665 884 726 ΙΝ
908 662 1048 726 l'l'llblli
1072 661 1227 724 ostris
1684 665 1742 726 15¹1

322 800 539 898 quibuslibet
552 809 642 874 terre
654 797 870 896 principibus
892 797 1072 889 debeatur,
1093 796 1237 870 Romani
1257 805 1371 869 tamen
1390 795 1526 893 imperii
1544 799 1743 874 veneranda

324 922 633 1018 sublimitasqnod
649 922 685 995 in
706 921 863 996 omnium
888 921 1137 1019 presidentium
1160 921 1271 994 oculis
1291 921 1389 994 velut
1414 921 1450 993 in
1474 924 1615 1017 speculo
1636 923 1742 996 collo·

325 1057 440 1134 catur,
458 1055 555 1120 tanto
573 1045 762 1143 profectius
776 1046 888 1118 zelare
899 1065 1037 1140 pacem,
1057 1052 1153 1118 tanto
1166 1053 1301 1118 tenetur
1316 1044 1507 1117 instancius
1523 1067 1651 1118 vacare
1665 1049 1743 1138 jus·

326 1171 406 1244 ticie
432 1171 687 1263 subjectorum,
711 1177 843 1264 quanto
869 1171 980 1244 ocius
1007 1169 1103 1242 orbis
1124 1169 1277 1244 ambitus
1301 1169 1454 1264 quodam
1485 1169 1590 1244 modo
1618 1170 1744 1266 spiritu

324 1294 415 1366 vivit
435 1293 571 1390 imperii
594 1303 633 1366 ut
652 1315 696 1366 eo
713 1293 901 1388 languente
925 1295 1089 1390 langueat
1119 1303 1154 1368 et
1177 1293 1255 1390 ipso
1273 1303 1496 1390 prosperante
1517 1295 1654 1366 letetur.
1672 1293 1745 1368 Nec

325 1416 362 1490 in
379 1418 631 1514 temporalibus
651 1419 763 1492 solum
787 1417 964 1490 christiani
986 1417 1105 1512 populi
1131 1417 1289 1491 tenebras
1309 1418 1453 1490 Romani
1481 1418 1606 1512 sceptri
1627 1419 1745 1512 fulgur

324 1541 516 1630 illuminat,
544 1540 607 1615 sed
635 1541 702 1636 ipsi
732 1541 900 1614 catholice
928 1539 1013 1614 fidei
1045 1541 1243 1615 fulcimenta
1273 1563 1344 1614 non
1371 1541 1461 1614 levia
1485 1541 1741 1634 subministrat,

325 1663 411 1740 dnm
430 1673 536 1761 caput
559 1674 596 1738 et
617 1673 763 1738 matrem
784 1663 1007 1738 ecclesiarum
1033 1664 1211 1754 omnium,
1231 1663 1473 1761 Apostolorum
1490 1665 1631 1757 sedem,
1656 1667 1746 1740 inter

325 1787 438 1884 ipsius
458 1787 612 1884 potentie
629 1785 681 1884 (a)
703 1787 838 1860 viscera
856 1789 1076 1879 collocatam,
1100 1809 1211 1882 aqua
1234 1786 1281 1886 (b)
1298 1789 1441 1861 ecclesie
1460 1789 1599 1862 urbium
1619 1791 1745 1885 singu·

324 1911 437 1984 lerum
463 1911 678 1986 auctoritatis
695 1910 845 2004 insignia
874 1909 1081 1983 contrahunt
1105 1919 1140 1984 et
1160 1908 1408 2008 instruunt[ur]
1434 1915 1621 2008 exemplis,
1644 1915 1745 1989 here·

325 2034 472 2108 tinorum
489 2032 645 2130 porlidiis
664 2033 722 2106 vel
740 2032 936 2126 aliquorum
952 2032 1088 2124 injuriis
1107 2033 1269 2128 conquati
1291 2031 1298 2130 Ι
1319 2055 1388 2106 uon
1408 2035 1584 2130 permittit.
1605 2039 1746 2133 Propter
1781 2049 1942 2098 sacoma.

325 2156 423 2252 quod
445 2157 614 2230 exhibere
642 2156 874 2249 gratissimum
898 2159 971 2231 Deo
995 2155 1081 2230 vivo
1107 2179 1271 2252 paramus
1296 2159 1520 2252 obsequium,
1547 2161 1578 2232 si
1603 2158 1648 2259 (c)
1670 2163 1744 2236 zelo

324 2277 493 2353 laudabili
519 2287 555 2352 et
576 2279 744 2352 constanti
763 2280 940 2374 proposito
956 2279 1003 2352 ad
1021 2279 1134 2352 tocius
1150 2279 1287 2375 imperii
1302 2289 1428 2353 satam
1446 2281 1629 2377 pacilicnm
1649 2296 1744 2362 tanto

324 2403 496 2476 libencius
519 2402 714 2497 aspiramus
739 2411 871 2498 quanto
895 2403 1031 2476 clariori
1061 2403 1218 2499 presagio
1244 2404 1311 2477 hoc
1337 2404 1383 2478 ds
1402 2407 1518 2478 celesti
1545 2409 1744 2502 collegimus

325 2527 517 2600 voluntate.
538 2527 609 2600 Nec
627 2526 720 2599 enim
739 2525 786 2600 ob
806 2523 903 2599 aliud
924 2525 1098 2598 oredimus
1120 2525 1217 2620 quod
1239 2527 1458 2622 providentia
1484 2531 1670 2604 salvatoris
1692 2535 1743 2606 sic

322 2648 522 2742 magnilica,
541 2648 612 2720 imo
633 2645 778 2720 mirifice
800 2646 964 2722 direxedt
979 2668 1120 2741 gressns
1135 2657 1286 2736 nostros,
1306 2649 1392 2722 dum
1416 2651 1462 2722 ab
1480 2651 1637 2724 orientali
1657 2677 1744 2730 zoua

323 2795 472 2866 regnum
488 2771 833 2864 Jerusalemitauum,
850 2769 973 2844 Curadi
988 2769 1160 2844 karissimi
1177 2772 1249 2844 nati
1264 2773 1371 2846 nostri
1385 2784 1538 2848 materna
1551 2779 1739 2873 successio,

322 2917 366 2969 ac
382 2895 513 2970 deinde
529 2917 677 2988 reguum
694 2895 810 2968 Sicilie
826 2895 981 2990 preclara
1000 2903 1153 2969 materne
1167 2906 1284 2969 nostre
1298 2899 1526 2972 successionis
1544 2901 1739 2997 hereditas,

322 3029 359 3094 et
381 3019 596 3116 prepotentis
618 3016 801 3092 Germania
822 3018 1039 3116 principatus
1060 3019 1112 3092 sic
1129 3029 1217 3092 nutu
1237 3021 1374 3094 celestis
1389 3023 1520 3095 arbitrii
1540 3027 1674 3120 pacatis
1692 3025 1743 3124 (d)

322 3142 482 3236 undique
501 3141 638 3238 populis
657 3143 725 3216 sub
748 3141 932 3216 devotione
953 3145 1060 3216 nostri
1081 3143 1231 3218 nominis
1247 3157 1487 3240 perseverant,
1507 3149 1573 3222 nisi
1595 3152 1742 3227 utillud

322 3265 437 3338 Ytelie
457 3264 613 3338 medium
631 3265 728 3360 qnod
749 3266 874 3340 nostris
897 3266 1032 3340 viribus
1048 3265 1207 3362 undique
1223 3267 1458 3342 circumdatur
1479 3271 1527 3344 ad
1545 3287 1660 3346 nostre
1680 3297 1742 3348 se-

320 3389 477 3462 renitatis
495 3387 664 3484 obsequia
683 3397 718 3462 et
739 3389 876 3485 imperii
901 3389 1021 3464 redeat
1047 3391 1229 3464 unitatem.
1246 3391 1318 3464 Neo
1342 3392 1378 3464 in
1399 3389 1466 3466 hoo
1483 3397 1668 3490 providere
1684 3421 1741 3473 so·

321 3511 500 3586 lummodo
526 3512 718 3586 commodis
748 3513 873 3588 nosnis
897 3513 1129 3606 intendimus,
1158 3513 1222 3588 sed
1244 3537 1307 3610 per
1329 3515 1396 3588 hoo
1421 3518 1534 3590 crucis
1558 3521 1741 3614 negocium

320 3627 549 3712 directissime
563 3649 777 3733 procuratur,
793 3637 878 3711 dnm
895 3637 1084 3712 rebellibus
1096 3637 1220 3712 nostris
1233 3639 1326 3712 circa
1343 3649 1458 3735 partes
1473 3639 1585 3715 Ytalie
1604 3643 1640 3715 in
1660 3668 1740 3740 gre·

320 3760 432 3833 mium
458 3772 575 3836 nostre
603 3763 714 3857 gratie
739 3763 929 3856 revocatis,
957 3762 1215 3858 expectationes
1240 3763 1428 3835 multorum
1450 3764 1616 3838 nobilium
1646 3767 1741 3842 desi·

319 3883 442 3958 dorato
467 3885 538 3960 fine
561 3886 771 3982 procidimus
798 3913 807 3960 ε
831 3887 893 3983 qui
922 3897 1004 3962 vota
1030 3907 1094 3960 sna
1120 3885 1157 3958 in
1180 3897 1344 3959 eventum
1366 3887 1568 3980 hujusmodi
1593 3913 1740 3987 suspen·

321 4006 448 4082 derunt
473 4031 519 4082 ne
547 4009 661 4082 crucis
695 4011 875 4105 signaculo
902 4010 1109 4106 presignitos
1135 4009 1310 4082 christiani
1335 4013 1467 4086 cruoris
1494 4013 1633 4088 effossio
1661 4015 1740 4090 licet

315 4133 411 4224 justa
433 4133 480 4229 (e)
496 4133 542 4208 ob
558 4133 714 4208 debitum
731 4145 766 4208 et
781 4135 947 4208 honorem
964 4135 1099 4230 imperii
1116 4133 1246 4207 scilicet
1264 4135 1464 4210 macularet.
1484 4137 1554 4212 Nos
1572 4139 1677 4214 etiam
1693 4140 1740 4216 de

359 4331 404 4412 (α)
427 4333 463 4394 ln
482 4333 583 4396 codlee
598 4337 765 4416 penitentie.

361 4437 404 4520 (d)
425 4441 462 4502 ln
476 4441 579 4502 codice
593 4448 622 4502 et
634 4445 715 4524 qaia.

357 4543 396 4624 (c)
422 4547 459 4606 ln
472 4547 574 4608 codice
587 4545 647 4608 ted.

358 4647 404 4732 (d)
424 4653 462 4713 In
476 4653 578 4714 codice
585 4654 713 4733 peratis.

356 4756 396 4839 (a)
422 4760 459 4822 In
473 4762 574 4824 codice
579 4763 668 4842 jacti.
