4534 6074
761 705 805 766 ΙΝ
830 703 972 767 tracta
997 700 1150 764 cusuls.
1607 700 1665 762 109

239 843 333 930 lani,
363 841 525 916 Ticinum
554 841 784 924 transierunt,
818 843 892 915 loca
916 848 952 913 ct
977 837 1117 910 castella
1142 845 1178 907 et
1205 833 1306 906 villas
1335 833 1554 927 Papiensium
1580 835 1666 908 dee-

242 977 358 1039 truere
380 972 625 1061 proponentes.
650 964 764 1039 Prima
787 987 872 1039 vero
897 963 956 1038 die
980 959 1149 1054 albergati
1181 968 1263 1030 snnt
1290 957 1380 1030 circa
1404 957 1601 1032 Casiollum.
1622 961 1668 1036 m

240 1098 325 1162 tunc
339 1089 528 1186 Pupienses
549 1109 614 1184 pro
633 1088 809 1160 communi
830 1099 865 1160 et
889 1085 1043 1160 marchio
1056 1082 1281 1156 Montislerati
1298 1091 1332 1153 et
1354 1081 1461 1177 Opizo
1476 1083 1666 1179 Malaspina

238 1225 276 1288 et
292 1215 352 1287 alii
371 1215 515 1287 comites
537 1223 572 1287 et
599 1213 817 1286 marchiones
840 1233 952 1308 nsque
978 1212 1016 1282 in
1037 1217 1170 1304 septem
1186 1207 1400 1279 intraverunt
1418 1209 1596 1281 castellnm
1621 1209 1666 1282 de

239 1339 428 1433 vegevalle
446 1349 485 1410 ut
503 1335 591 1410 illud
609 1343 885 1410 manutenerent.
911 1333 1070 1408 Secunda
1089 1331 1147 1404 die
1164 1330 1440 1404 Mediolanenses
1463 1353 1527 1403 sua
1547 1342 1666 1428 temp-

239 1463 329 1534 toria
349 1471 542 1558 posuerunt
556 1464 658 1554 juxta
674 1459 893 1533 'Tardubinm
911 1456 975 1554 (o),
999 1457 1234 1550 relinquentes
1254 1463 1332 1550 post
1358 1477 1396 1527 se
1421 1456 1597 1528 castellnm
1619 1457 1665 1530 de

239 1587 419 1679 Vegavele
438 1585 640 1657 simulantes
656 1585 745 1658 illud
764 1584 855 1656 velle
878 1583 1092 1677 relinquere;
1114 1579 1220 1652 tercia
1238 1579 1297 1652 die
1316 1577 1363 1651 ad
1388 1579 1612 1668 Gambarate,
1630 1589 1666 1653 et

239 1709 331 1782 illud
354 1710 533 1782 castellum
557 1707 817 1782 destruxerunt.
848 1708 970 1780 Postea
1001 1727 1142 1801 quoque
1167 1705 1231 1777 iter
1260 1727 1382 1778 eorum
1408 1725 1533 1777 versus
1552 1705 1665 1798 Vege-

239 1833 320 1906 vale
339 1831 385 1929 (b)
405 1832 442 1902 in
464 1853 536 1926 qno
553 1831 739 1927 Papienses
760 1852 840 1902 cum
863 1829 1063 1902 marchione
1084 1837 1120 1900 et
1137 1827 1321 1900 comitibus
1345 1827 1506 1917 aderant,
1527 1827 1665 1900 direxe-

238 1965 339 2047 runt,
361 1957 609 2029 constituentes
628 1955 788 2027 comitem
806 1953 1001 2027 Gnidonem
1023 1951 1068 2026 de
1093 1949 1279 2024 Biandrata
1304 1972 1443 2046 preesse
1472 1952 1661 2042 exercitui,

238 2081 301 2174 qni
323 2080 417 2153 illico
444 2078 600 2174 promisit
615 2077 659 2175 (c)
683 2078 799 2150 omnia
817 2077 971 2172 plaustra
997 2098 1077 2148 oum
1101 2075 1236 2147 carocio
1261 2084 1296 2146 et
1318 2074 1494 2168 peditibus
1509 2087 1543 2147 et
1565 2076 1664 2148 sobe·

238 2203 303 2275 riis
333 2203 483 2275 militum
515 2202 684 2275 ordinatis
718 2201 934 2297 planissime.
956 2201 1022 2272 Per
1056 2200 1274 2294 campaniam
1301 2199 1468 2272 ascherati
1496 2201 1663 2294 paulatim

240 2326 465 2418 incedentes,
493 2337 565 2398 una
592 2326 714 2399 sobora
741 2326 844 2398 aliam
872 2325 1093 2418 sequebatur.
1124 2323 1311 2418 Papienses
1343 2345 1427 2395 vero
1459 2325 1590 2413 egressi
1620 2325 1664 2398 de

240 2451 382 2522 castello
415 2451 649 2522 obviaverunt
678 2449 742 2521 eis.
774 2449 843 2522 Sed
871 2469 952 2519 cum
980 2446 1259 2519 Mediolanenses
1285 2445 1454 2518 vidissent
1479 2447 1575 2541 quod
1600 2448 1663 2523 de·

240 2579 359 2643 center
376 2573 524 2667 prelium
542 2593 612 2644 non
632 2579 789 2667 poterant
809 2571 961 2661 evitare,
986 2571 1154 2642 insultum
1175 2591 1281 2665 super
1303 2591 1363 2641 eos
1386 2571 1549 2643 iacientes
1570 2573 1665 2668 ipsos

240 2695 428 2790 Papieoses
455 2717 569 2790 usqne
590 2693 638 2768 ad
661 2695 788 2768 fossata
805 2695 936 2768 castelli
961 2701 1236 2791 prosternentes,
1264 2693 1309 2764 do
1335 2692 1386 2764 eis
1410 2693 1502 2766 circa
1527 2694 1552 2766 C
1575 2695 1664 2769 inter

240 2818 367 2891 milites
394 2828 430 2892 et
446 2819 584 2915 pedites
601 2827 785 2915 ceperunt3
813 2819 873 2892 alii
900 2819 937 2890 in
962 2817 1102 2890 castello
1125 2838 1163 2888 se
1187 2815 1415 2889 recluserunt.
1437 2818 1485 2891 Ea
1504 2841 1587 2892 vero
1606 2820 1665 2895 die

240 2941 519 3017 Mediolanenses
540 2965 660 3016 omnes
682 2944 876 3040 temptoriis
901 2943 975 3015 suis
1002 2942 1179 3015 castellum
1205 2941 1250 3014 de
1271 2942 1446 3036 Vegevale
1469 2943 1663 3020 circumde-

241 3066 387 3154 derunt,
420 3069 469 3140 ita
498 3067 594 3162 quod
621 3089 723 3142 nemo
747 3077 882 3164 poterat
909 3065 1044 3162 ingredi
1071 3068 1128 3140 vel
1145 3069 1259 3159 exire,
1280 3077 1315 3140 et
1339 3089 1419 3140 cum
1446 3091 1508 3164 per
1532 3071 1664 3165 aliquot

241 3188 318 3262 dies
332 3211 394 3262 eos
412 3191 651 3275 obsedissent,
671 3191 913 3265 deficientibus
935 3192 986 3264 eis
1010 3191 1220 3264 victualibus
1241 3189 1470 3265 reddiderunt
1486 3195 1664 3267 castellum

240 3313 279 3384 in
309 3313 440 3386 virtute
469 3313 803 3406 Mediolanensium
838 3315 900 3410 qui
930 3315 1139 3406 juraverunt
1172 3323 1262 3387 stare
1290 3317 1460 3412 preceptis
1482 3315 1487 3414 Ι
1510 3319 1665 3412 magistri

240 3435 403 3508 Guitelmi
429 3445 464 3509 et
482 3459 590 3533 super
613 3437 681 3511 hoc
707 3437 881 3512 dedemnt
898 3437 948 3510 CC
965 3437 1106 3512 obsides
1129 3459 1218 3532 quos
1238 3438 1513 3512 Mediolanenses
1537 3441 1665 3536 eligere

241 3559 447 3653 voluerunt,
474 3569 587 3656 preter
615 3562 760 3634 comites
782 3571 817 3634 et
840 3561 1087 3634 marchionem.
1119 3563 1322 3634 Habuerunt
1354 3573 1437 3635 tuuc
1469 3564 1507 3636 in
1543 3547 1665 3640 eorum

240 3681 371 3755 virtute
387 3695 422 3756 et
437 3692 604 3778 potestate
631 3685 703 3757 lere
723 3705 845 3757 omnes
861 3685 989 3756 milites
1009 3695 1043 3756 et
1062 3685 1197 3780 pedites
1214 3686 1332 3780 Papio.
1352 3687 1532 3760 Destructo
1548 3691 1665 3784 itaque

241 3809 396 3898 castello,
415 3807 689 3880 Mediolanenses
712 3807 842 3879 reversi
859 3818 940 3879 sunt
958 3809 1004 3881 ad
1023 3808 1175 3904 propria.
1195 3809 1272 3893 Quo
1288 3811 1378 3880 lacto
1394 3809 1557 3903 magister
1577 3813 1666 3884 Gni-

240 3931 367 4003 telmus
402 3930 547 4002 consilio
573 3930 883 4004 Mediolanensium
915 3932 1068 4026 precepit
1108 3931 1336 4028 Papiensibus
1367 3931 1492 4006 iterum
1525 3943 1665 4007 centum

241 4053 382 4126 obsides
401 4053 468 4125 sibi
486 4051 582 4145 dari,
605 4053 735 4149 quibus
749 4053 839 4126 datis
857 4055 1012 4150 precepit
1029 4055 1116 4128 alios
1131 4055 1271 4128 obsides
1285 4056 1351 4130 sibi
1369 4055 1458 4130 dari.
1478 4058 1666 4152 Papienses

241 4197 329 4249 vero
351 4177 518 4250 dixerunt
541 4178 707 4272 magistro
732 4177 903 4250 Guitelmo
932 4188 970 4250 ut
996 4179 1100 4251 simul
1131 4180 1257 4252 laceret
1283 4180 1399 4253 omnia
1426 4191 1606 4276 precepta,
1632 4191 1667 4256 et

241 4300 317 4395 ipse
336 4301 454 4396 posuit
477 4301 524 4374 ad
542 4301 684 4396 capillos
706 4324 790 4375 suos
816 4324 977 4392 manum,
1002 4301 1151 4376 dicendo
1171 4303 1270 4398 quod
1295 4311 1345 4376 tot
1369 4315 1466 4377 erant
1484 4307 1560 4398 ejus
1580 4327 1666 4401 pre-

242 4433 356 4520 cepta.
392 4425 520 4497 lterum
556 4427 712 4522 precepit
745 4425 973 4522 Papiensibus
1006 4437 1045 4498 ut
1080 4428 1230 4500 lacerent
1265 4451 1327 4524 per
1361 4429 1535 4502 civitatem
1563 4431 1668 4528 Papio

285 4599 329 4681 (a)
350 4601 385 4664 ln
399 4603 503 4664 ccdlce
518 4601 709 4666 mullum.

283 4705 326 4788 (b)
344 4709 460 4768 Nomen
474 4725 569 4770 unum
584 4711 640 4770 sub
653 4711 749 4772 tribus
761 4711 886 4773 dlrersls
900 4711 1014 4773 lormls.
1027 4713 1117 4773 Recte
1129 4717 1228 4772 tamen
1242 4711 1300 4791 legl
1313 4711 1400 4774 debet
1419 4712 1604 4794 vigevanum.

282 4811 323 4894 (c)
349 4815 385 4876 ln
398 4815 500 4878 contos
508 4816 669 4894 murrae.
