4534 6074
612 705 652 766 το
1034 701 1276 766 cunodtcott
1302 703 1606 769 Ptdcuuutlttttt.

655 836 717 904 Hic
731 831 894 923 proiectus
910 841 959 900 est
973 831 1136 904 Ravenam
1398 841 1853 932 Hocprcpositnmbabcntes

655 949 725 1035 Qne
739 948 890 1015 fetentem
904 947 999 1015 habet
1014 969 1139 1016 venam.
1397 955 1442 1024 Et
1457 955 1545 1024 nulio
1562 956 1656 1024 modo
1671 955 1874 1046 frangentes:
1911 1027 1915 1046 ¹
2004 1018 2022 1055 o

616 1077 619 1085 '
654 1065 702 1134 lbi
717 1064 818 1131 Pasca
836 1061 1006 1130 celebravit
1021 1061 1069 1154 (t)
1185 1143 1188 1151 ¹
1318 1146 1323 1154 Ι
1399 1067 1435 1138 Si
1448 1069 1618 1158 imperium
1632 1069 1707 1160 (sic)
1721 1069 1816 1138 vellet
1831 1071 1968 1140 transire

654 1179 759 1265 Atque
774 1185 885 1264 gentes
900 1178 1105 1265 congregavit
1271 1165 1274 1176 ’
1297 1161 1299 1171 ’
1381 1167 1469 1250 ¹Nou
1485 1183 1725 1270 permitteretur
1738 1185 1787 1252 ire

699 1289 789 1358 Sicut
803 1291 872 1377 ipse
885 1289 1000 1378 potuit.
1440 1292 1517 1364 Sine
1531 1315 1647 1384 magno
1662 1297 1775 1386 prelio.

654 1501 725 1569 Hoc
739 1509 859 1570 tactum
873 1500 921 1592 (a)
935 1501 994 1570 iuit
1009 1523 1083 1570 vere
1397 1501 1797 1594 Viditautemimperator·

655 1616 690 1683 ln
706 1617 798 1703 apriti
815 1625 846 1683 et
862 1617 895 1682 in
910 1636 1002 1704 vere,
1398 1616 1635 1689 'thesaurorum
1650 1620 1830 1688 cumulator

654 1727 739 1796 Dum
755 1727 924 1796 currebant
943 1730 1018 1795 anni
1035 1730 1141 1810 mille,
1397 1728 1491 1812 Quod
1506 1729 1675 1820 nequirem
1691 1733 1721 1798 vi
1740 1734 1877 1804 transire

656 1840 724 1908 Nisi
740 1842 782 1908 sit
796 1840 948 1930 deceptus
964 1843 1017 1909 iile
1180 1878 1186 1922 :
1395 1841 1464 1910 Nec
1480 1851 1590 1931 gentes
1606 1847 1776 1914 convenire

701 1952 763 2036 Qui
778 1953 907 2022 dictavit
922 1955 1064 2022 citimum
1075 1953 1135 2044 (b).
1442 1955 1478 2025 iu
1496 1955 1654 2026 Cremona
1669 1956 1765 2025 fatua.

655 2161 715 2230 His
728 2161 882 2252 predictis
897 2161 977 2230 adde
994 2170 1122 2230 centum
1397 2161 1499 2233 tussit
1514 2182 1592 2251 crgo
1606 2165 1750 2234 civitates

655 2276 736 2347 Cum
751 2279 863 2366 viginti
878 2297 934 2346 sex
949 2285 981 2346 et
996 2287 1146 2358 centum,
1398 2275 1589 2344 Lombardie
1607 2285 1781 2365 potestates

656 2389 843 2458 Ethabebis
860 2390 1078 2477 campillatum
1396 2388 1440 2458 Ut
1454 2391 1670 2462 tramittereut
1685 2392 1808 2480 legatos

655 2505 895 2590 Numerumque
911 2513 1130 2591 computatum
1399 2503 1509 2571 Armis
1525 2513 1556 2570 et
1571 2507 1661 2591 equis
1675 2514 1805 2592 paratos
1820 2503 1865 2594 (c)

700 2623 990 2692 istiusmideximi.
1441 2615 1776 2705 Adsnipresentiam.

656 2829 698 2896 Et
713 2848 785 2896 cum
800 2830 860 2894 ista
877 2835 1065 2915 gererentur
1397 2823 1602 2894 biarchexani
1616 2827 1701 2893 viros
1716 2824 1835 2893 mrdtos
1945 2851 1948 2859 ·

656 2941 698 3009 Et
713 2939 851 3028 undique
866 2938 1062 3021 dicerentur,
1397 2937 1873 3028 EtLombardijampreinitcs

656 3054 896 3133 Bononienses,
913 3073 988 3120 nam
1003 3051 1179 3135 timebant,
1398 3049 1661 3119 Transmiserunt
1675 3057 1752 3118 tunc
1766 3051 1908 3140 legatos,

657 3166 824 3237 Civitatem
843 3167 1028 3234 muniebant
1399 3164 1464 3236 Sed
1478 3187 1541 3234 non
1556 3167 1655 3234 armis
1670 3175 1876 3258 preparatos,

702 3279 798 3348 Omni
812 3277 1010 3347 tortitudine.
1444 3277 1534 3348 Sicut
1547 3280 1617 3368 ipse
1631 3279 1784 3367 jusserat.

656 3486 707 3555 Ad
723 3486 783 3554 hoc
797 3486 902 3554 dicam
918 3484 1004 3574 quod
1018 3485 1163 3556 iecerunt
1178 3511 1186 3554 :
1399 3459 1517 3556 Fertur
1530 3494 1638 3556 antem
1651 3487 1738 3575 quod
1753 3487 1962 3574 parmenses,

656 3601 844 3690 Universi1s]
857 3600 1064 3689 injunxerunt
1398 3597 1652 3681 Cremonenses,
1666 3599 1841 3689 Papienses

655 3713 699 3782 Ut
712 3713 863 3780 deberent
877 3733 911 3780 se
928 3721 1038 3801 aptare
1397 3712 1583 3782 Deierentes
1598 3733 1706 3781 secum
1723 3733 1813 3781 arma

656 3827 699 3894 Et
713 3825 862 3893 decenter
877 3825 1029 3893 decorare
1396 3826 1611 3894 decesserunt
1625 3834 1702 3893 tunc
1716 3824 1757 3894 ad
1772 3845 1849 3895 arra

700 3940 809 4007 Armis
824 3947 857 4006 et
871 3939 961 4026 equis
974 3937 1108 4006 bellicis.
1440 3936 1732 4008 Civitatisbiutiue.

653 4133 695 4212 (a)
716 4135 765 4196 Sic
775 4137 806 4194 tn
819 4133 931 4194 codice.
946 4133 1084 4194 Forsttan
1093 4137 1258 4212 peractum.

653 4239 694 4320 (b)
716 4239 764 4301 stc
777 4255 830 4317 pro
843 4237 1023 4318 rhythmum,
1038 4247 1073 4301 nt
1086 4247 1198 4319 septem
1211 4239 1334 4320 syllabis
1347 4255 1452 4302 versus
1474 4238 1666 4318 complentur.

653 4345 690 4425 (e)
717 4345 753 4406 In
766 4345 866 4406 codice
876 4351 1064 4425 preparatas.

1579 4576 1656 4585 u—-n
1663 4573 2027 4586 onu——ffl-

646 4732 682 4806 (t)
701 4731 807 4805 quues
822 4731 934 4790 tombait
946 4731 972 4789 is
987 4733 1021 4788 49
1033 4731 1101 4792 aurit
1115 4747 1150 4790 en
1165 4732 1245 4790 ⁴226.
1257 4729 1310 4789 Sur
1320 4744 1352 4788 oe
1364 4729 1422 4802 bit,
1436 4727 1471 4787 ci.
1484 4729 1510 4787 ie
1521 4744 1634 4804 passage
1646 4728 1856 4802 correspondent
1866 4727 1900 4784 de
1911 4723 2030 4786 Richard

609 4827 644 4886 de
657 4829 868 4888 San-Germano.
