4594 6066
808 685 849 744 tu
873 685 1012 748 1lele
1035 685 1187 748 GESTlS.
1642 683 1703 746 245

178 807 187 822 ⁶
290 823 456 898 Cremona
477 843 557 894 cum
585 817 753 913 Cupeletis
775 827 810 891 et
830 819 1019 914 capitaneis
1043 831 1077 894 et
1099 817 1338 894 valvasoribus
1361 813 1546 890 Mediolani
1568 827 1604 890 et
1627 839 1707 890 cum

291 943 462 1026 Gnizardo
478 942 524 1014 de
542 942 690 1014 Petrisca
713 951 880 1037 potestate
905 943 1180 1018 Placentinorum
1209 941 1486 1030 intrinsecarum,
1513 940 1708 1035 pollicendo

293 1069 345 1142 eis
361 1067 547 1158 auxilium,
563 1066 744 1138 consilium
760 1075 794 1137 et
806 1068 972 1158 juvamen
992 1075 1026 1136 et
1042 1086 1207 1159 magnum
1223 1086 1274 1155 es,
1293 1073 1413 1136 contra
1430 1061 1602 1156 predictos
1620 1084 1708 1136 con-

290 1194 499 1290 jurationem
517 1201 552 1265 et
565 1191 760 1263 societatem
779 1190 917 1281 iecerat,
930 1197 1057 1283 putans
1069 1211 1106 1261 se
1118 1189 1163 1261 de
1174 1189 1240 1264 hoc
1253 1187 1381 1262 habere
1394 1193 1500 1260 totum
1517 1185 1707 1263 dominium

293 1315 518 1405 lambardie3
545 1313 642 1410 qnod
663 1313 764 1387 bonis
782 1309 985 1386 lumbardis
1003 1311 1108 1384 valde
1123 1311 1339 1407 displicebat.

343 1447 389 1518 M.
402 1443 582 1534 CCLVMM,
600 1440 748 1516 intrante
764 1455 882 1514 meuse
897 1435 1114 1536 septembris,
1126 1437 1286 1510 Ezolinus
1299 1433 1394 1506 venit
1407 1435 1453 1508 ad
1465 1433 1707 1508 ossidiciouem

293 1568 395 1642 castri
411 1564 457 1640 de
474 1565 567 1640 Ortis
579 1565 630 1663 (a)
642 1566 737 1660 quod
746 1567 991 1640 Cremonenses
1001 1569 1176 1658 tenebant,
1194 1569 1228 1640 et
1240 1559 1388 1640 libertus
1404 1557 1557 1640 marchio
1567 1557 1709 1646 Peltvl:

293 1693 393 1766 cinus
421 1713 502 1764 cnm
532 1691 841 1781 Cremonensibus,
867 1691 1061 1764 Mantuanis
1088 1701 1123 1764 et
1149 1691 1345 1766 marchione
1372 1691 1417 1764 de
1434 1691 1496 1764 Est
1522 1699 1557 1762 et
1583 1691 1707 1765 comite

293 1815 410 1890 Sancti
425 1813 590 1887 Boniiacii
607 1821 642 1886 et
659 1821 728 1886 tcta
744 1835 863 1886 eornm
879 1829 977 1908 parte
991 1823 1026 1888 et
1043 1837 1123 1888 cum
1142 1816 1194 1888 CC
1212 1814 1379 1886 militibus
1398 1813 1604 1888 theotonicis
1619 1835 1707 1907 qnos

294 1939 480 2012 Ubertinus
512 1937 557 2011 de
591 1936 720 2008 Audito
749 1935 946 2010 adsoldatos
975 1960 995 2010 a
1023 1959 1105 2032 rege
1137 1937 1315 2010 Maniredo
1344 1937 1389 2008 de
1421 1933 1705 2030 Apulia‚,secnm

295 2062 444 2134 duxerat
462 2071 590 2132 etcum
608 2059 658 2130 CC
667 2059 872 2132 Placentinis
889 2059 1093 2132 extrinsecis
1106 2059 1273 2130 hostiliter
1290 2067 1460 2132 venerunt
1478 2057 1573 2152 apud
1589 2059 1707 2130 Snnzi·

295 2205 379 2254 num
397 2182 456 2278 (l).
474 2183 605 2258 Interea
620 2183 782 2256 llzolinus
794 2181 841 2254 ad
852 2183 1007 2256 levorem
1023 2183 1279 2277 capitaneorum
1291 2190 1326 2254 et
1342 2181 1561 2254 valvasorum
1579 2181 1624 2254 de
1635 2183 1707 2256 Me·

296 2303 556 2379 diclauenaibns
574 2304 617 2395 (c)
639 2313 674 2376 et
691 2313 776 2399 apnt
798 2303 1041 2376 Vilmercatum
1066 2303 1191 2376 resedit
1209 2303 1358 2376 volendo
1380 2303 1554 2375 civitatem
1572 2302 1706 2376 Medic-

295 2429 365 2502 lani
387 2429 526 2500 intrare.
546 2428 776 2520 Intelligentes
793 2427 942 2502 Ubertus
968 2426 1186 2500 Palavicinus
1204 2440 1238 2499 et
1257 2427 1397 2500 Bossius
1422 2425 1467 2498 de
1482 2427 1629 2498 Dovaria
1644 2427 1705 2520 qui

295 2561 455 2647 preerant
472 2551 656 2641 exercitui,
677 2571 756 2622 cum
772 2549 1058 2627 Cremonensibus
1078 2559 1112 2625 et
1130 2549 1327 2624 Mantuanis
1340 2560 1374 2623 at
1387 2550 1660 2626 Ferrariensihns
1674 2559 1708 2624 et

295 2673 498 2748 marchione
514 2673 560 2746 de
570 2673 632 2744 Est
642 2673 834 2764 equitantes
850 2682 990 2766 pontem
1006 2671 1133 2746 Addua
1150 2693 1332 2768 perquem
1347 2673 1508 2746 Enolinus
1527 2676 1706 2750 transierat

294 2805 473 2892 ceperunt.
495 2795 580 2868 Cum
604 2804 720 2868 autem
740 2795 807 2868 boc
829 2795 1055 2870 intellexisset
1076 2795 1236 2868 Ezclinus
1257 2807 1292 2870 et
1308 2817 1377 2868 non
1396 2806 1509 2890 posset
1525 2808 1591 2892 par
1609 2800 1707 2874 illum

296 2929 435 3015 pontem
451 2939 574 2991 versus
591 2917 745 2990 Brixiam
770 2916 900 3006 redire,
926 2917 1110 2990 inveniens
1135 2939 1174 2990 se
1198 2917 1380 3012 deceptum
1396 2919 1442 2990 ab
1462 2921 1546 3013 ipsis
1568 2921 1707 3017 capita·

296 3043 371 3112 neis
384 3041 568 3114 Mediolani
587 3063 649 3134 per
664 3039 795 3115 vadum
811 3042 902 3136 cepit
918 3041 1061 3116 transire
1080 3041 1263 3116 desubtus
1279 3051 1430 3136 pontem,
1447 3051 1481 3116 et
1497 3041 1554 3116 die
1571 3047 1707 3122 sabbati

295 3161 325 3232 V
351 3161 520 3234 kalendas
545 3161 699 3234 octubris
718 3163 864 3256 prelium
889 3163 1065 3256 inceptum
1086 3171 1139 3234 est
1163 3163 1229 3254 ihi,
1257 3165 1292 3234 in
1319 3186 1390 3258 qno
1413 3165 1520 3258 prelio
1545 3168 1706 3246 Ezolinus

296 3293 418 3379 eaptus
429 3291 483 3358 est
496 3293 530 3358 et
543 3285 743 3358 vulneratus
757 3283 803 3358 ad
820 3294 963 3358 mortem
976 3295 1012 3358 et
1024 3285 1115 3361 circa
1129 3283 1229 3358 CCCC
1242 3286 1369 3358 milites
1383 3283 1561 3384 cumleo];
1581 3291 1706 3384 reliqui

296 3406 472 3500 lugierunt
488 3407 655 3496 Brixiam,
675 3416 711 3478 et
728 3405 786 3480 die
804 3407 965 3479 mercurii
981 3407 1131 3501 proximi
1147 3407 1261 3480 dictus
1276 3409 1436 3482 llzolinus
1456 3411 1541 3484 obiit
1563 3411 1599 3484 in
1615 3413 1706 3486 Sun-

296 3532 375 3602 eino
395 3529 456 3602 ubi
472 3529 636 3624 sepelitus
652 3537 715 3602 est.
735 3529 804 3600 lste
817 3529 910 3602 enim
928 3529 1090 3604 licelinus
1110 3531 1175 3602 fnit
1191 3531 1247 3602 vir
1268 3531 1385 3604 animo
1399 3533 1630 3608 ferocissimus
1645 3538 1707 3630 qui

297 3654 387 3724 circa
402 3653 468 3726 XX
491 3673 600 3724 annos
623 3651 772 3724 obtinuit
795 3653 951 3724 civitates
975 3651 1020 3726 de
1038 3653 1194 3744 Marcha,
1214 3655 1310 3748 quod
1328 3676 1429 3728 nemo
1454 3677 1576 3732 eorum
1600 3680 1707 3732 ansus

297 3773 363 3848 init
383 3775 416 3849 ei
443 3774 622 3848 rebellare.
646 3773 770 3847 Multos
795 3775 886 3846 enim
910 3773 1034 3848 occidit
1057 3775 1093 3848 in
1111 3777 1265 3872 Marcha,
1286 3777 1432 3850 feminas
1456 3779 1703 3872 incarceravit,

297 3897 478 3973 eunuchus
496 3897 622 3973 multos
639 3897 730 3968 tecit.
751 3895 787 3968 Si
806 3895 900 3970 enim
919 3916 1010 3972 nnus
1029 3897 1074 3970 de
1092 3900 1255 3992 progenie
1277 3908 1393 3974 eontra
1418 3921 1500 3974 enm
1522 3904 1705 3996 peccabat,

297 4041 419 4094 omnes
442 4020 486 4094 de
503 4019 669 4114 progenie
691 4018 750 4090 illa
772 4019 972 4111 occidebat,
997 4021 1148 4094 latrones
1169 4031 1204 4094 et
1227 4021 1420 4096 homicidos
1440 4033 1475 4097 et
1497 4035 1649 4122 raptores
1673 4035 1709 4102 et

298 4141 513 4238 prodictcree
526 4151 561 4214 et
575 4141 732 4216 falsarios
748 4141 942 4233 occidebat,
961 4144 1072 4218 taliter
1089 4165 1194 4238 qnam
1212 4146 1379 4242 nullusin
1396 4147 1568 4222 ferocitate
1585 4151 1616 4223 ei
1637 4175 1708 4224 un-

341 4466 382 4538 (a)
404 4462 462 4540 Ap.
474 4463 639 4524 Johannem
652 4465 690 4524 da
699 4463 809 4524 Massia
822 4459 857 4522 da
869 4462 962 4524 oecis.

303 4613 306 4620 .
342 4566 383 4648 (b)
406 4567 441 4628 In
455 4567 557 4628 codice
566 4567 781 4628 Saattoumval
790 4567 953 4630 Sestinum.

341 4675 378 4750 (c)
401 4674 553 4748 Quaedam
566 4673 608 4734 lbi
622 4674 728 4736 desunt
745 4691 824 4751 quae
841 4677 883 4736 ita
896 4675 976 4752 apud
989 4675 1057 4736 Jch.
1075 4675 1113 4736 de
1130 4675 1239 4738 Mumis
1258 4683 1366 4740 sonam
1379 4697 1386 4732 :
1401 4696 1417 4736 u
1435 4679 1506 4740 Cum
1518 4681 1620 4742 MMM
1628 4627 1708 4746 utili·

300 4778 378 4841 tr'bua
386 4799 442 4860 per
450 4788 570 4860 pontem
580 4777 613 4840 de
629 4781 756 4842 Carruca
769 4779 905 4842 Addaam
919 4783 1055 4845 trnmtntr
1068 4791 1096 4846 ct
1108 4785 1230 4846 intrauit
1241 4783 1407 4847 comitatum
1419 4783 1586 4848 Mediolani.
1605 4808 1620 4844 a
