4534 6074
623 586 683 652 114
1092 581 1333 644 caaontcon
1355 585 1407 645 DE
1431 587 1561 650 ausus

619 731 654 796 et
676 731 759 794 tuno
784 717 941 812 ejusdem
965 717 1113 790 civitatis
1141 731 1252 790 turres
1277 729 1312 792 et
1342 721 1468 794 fossata
1493 723 1677 798 destruxit.
1695 725 1819 800 Postea
1844 725 1891 800 ad
1917 737 2031 824 partes

617 842 844 918 Montislerati
872 840 1015 914 aooessit
1045 847 1080 912 et
1110 839 1158 912 ibi
1187 841 1353 936 yemavit.
1375 843 1461 916 Cum
1488 855 1605 918 antem
1627 845 1811 942 imperator
1836 859 1927 924 esset
1948 863 2032 946 aput

617 967 875 1053 Oooimiannm,
908 963 1046 1059 publioe
1072 965 1225 1058 precepit
1257 973 1297 1035 ut
1324 967 1504 1040 castollum
1532 967 1652 1042 Creme
1678 968 1931 1062 destrueretur3
1961 995 2031 1068 quo

617 1091 738 1166 audito
753 1088 1026 1165 Mediolanenses
1043 1087 1231 1181 plurimum
1248 1095 1330 1159 sunt
1342 1090 1485 1162 turbati.
1502 1092 1592 1164 Dum
1608 1092 1673 1166 heo
1687 1101 1867 1188 geruntur,
1885 1094 2029 1190 predicti

616 1213 794 1288 Conradns
820 1221 855 1285 et
877 1209 1089 1304 llodegerins
1117 1209 1236 1281 nuncii
1263 1211 1477 1306 imperatoris
1503 1223 1669 1310 oeperunt
1696 1217 1931 1312 possessiones
1959 1219 2030 1292 lle-

616 1336 870 1411 diolanensium
896 1355 984 1429 quas
1013 1333 1188 1406 habebant
1219 1333 1254 1404 iu
1283 1335 1438 1429 partibus
1469 1334 1598 1412 Adduo
1622 1339 1841 1434 parturbare,
1872 1339 2028 1438 depopu-

615 1459 679 1534 lari
708 1471 743 1534 et
770 1461 906 1533 iodrum
935 1458 1053 1531 tollere
1072 1465 1107 1530 et
1132 1458 1218 1530 alias
1241 1459 1442 1532 exactiones
1470 1461 1507 1534 in
1532 1462 1687 1556 personis
1711 1471 1747 1536 et
1769 1463 1875 1536 rebus
1900 1465 2027 1537 civium

615 1593 650 1656 et
669 1585 876 1657 rustioorum
893 1583 1018 1654 faeere.
1037 1581 1168 1654 luterea
1185 1601 1302 1654 meuse
1319 1583 1470 1672 Januarii
1490 1584 1583 1656 misit
1606 1585 1791 1680 imperator
1807 1587 1849 1659 R.
1878 1585 1926 1681 (a)
1946 1610 2026 1660 cau·

613 1705 778 1778 zelerinm
800 1713 836 1778 et
856 1705 893 1776 C.
920 1701 969 1799 (1)
992 1703 1151 1775 comitem
1172 1703 1362 1797 palatinum
1383 1699 1458 1802 [ad]
1486 1703 1777 1796 Mediolanenses,
1800 1706 1955 1782 dicentes
1977 1710 2027 1782 eis

613 1849 660 1902 ex
686 1837 784 1924 parta
809 1826 1020 1922 imperatoris
1045 1835 1086 1898 ut
1111 1835 1311 1920 potestatem
1339 1826 1580 1900 Theotouioam
1598 1829 1806 1924 aooipsreut.
1834 1829 1937 1916 Quod
1964 1853 2026 1904 au·

613 1949 748 2024 dientes
776 1951 871 2024 cives
899 1949 1085 2024 Mediolani
1117 1949 1230 2021 furora
1259 1970 1385 2044 magno
1416 1953 1572 2041 nonensi,
1603 1952 1755 2024 sonitum
1781 1962 1817 2026 et
1847 1953 2026 2049 strepitum

611 2095 718 2170 super
740 2095 801 2148 eos
818 2076 984 2148 leoernnt.
1001 2071 1102 2147 Unde
1117 2072 1237 2144 nuncii
1255 2073 1470 2168 imperatoris
1486 2074 1589 2148 valde
1606 2074 1814 2166 timuerunt,
1832 2087 1868 2150 et
1890 2087 2028 2174 propter

610 2197 767 2270 timorem
783 2218 898 2270 oomes
917 2195 952 2267 iu
973 2205 1073 2268 11111
1093 2191 1272 2286 seooessit;
1292 2217 1429 2269 summo
1452 2207 1568 2270 antem
1588 2219 1691 2271 mane
1714 2198 1880 2272 mirabilis
1905 2201 2027 2274 multi·

610 2319 696 2394 tudo
725 2321 872 2392 militum
899 2320 934 2390 iu
958 2319 1100 2392 Blodeto
1125 2317 1171 2412 (c)
1195 2319 1311 2391 Sancti
1335 2319 1508 2393 Ambrosii
1526 2331 1697 2394 venerunt
1723 2331 1804 2394 aute
1830 2323 2025 2418 predictum

609 2444 856 2534 oanzelerium,
880 2443 1078 2539 pollioentes
1104 2450 1140 2514 et
1169 2441 1322 2512 volentes
1346 2441 1464 2530 iurare
1490 2439 1605 2514 standi
1631 2442 1800 2536 proneptis
1824 2443 1897 2514 suis
1913 2443 1966 2539 (d)
1991 2456 2026 2518 et

608 2566 741 2641 domini
768 2565 996 2663 imperatoris.
1023 2563 1069 2636 At
1094 2564 1152 2636 ille
1171 2563 1262 2636 bona
1280 2563 1387 2636 verba
1414 2563 1530 2656 dedit,
1549 2561 1611 2638 sed
1634 2561 1713 2636 fiete
1735 2563 2024 2658 loquebaturne

574 2691 576 2696 ’
608 2689 667 2763 illo
689 2699 805 2764 antem
829 2688 887 2760 die
905 2688 1081 2784 predictus
1104 2686 1315 2760 oanuelorius
1331 2687 1508 2760 animosus
1533 2707 1742 2781 summoque
1766 2687 1856 2760 nixu
1882 2709 2024 2784 operam

608 2812 705 2888 dedit
723 2811 995 2888 Mediolanenses
1018 2810 1146 2884 delere.
1164 2811 1285 2883 Postea
1304 2811 1490 2906 imperator
1505 2810 1592 2884 abiit
1606 2811 1798 2884 Bononiam
1813 2821 1847 2886 et
1864 2814 2024 2912 sollemp-

607 2939 665 3010 nia
678 2937 784 3010 Pasoe
800 2935 848 3007 ibi
865 2934 1062 3008 celebravit.
1074 2933 1137 3006 Dis
1149 2945 1266 3006 autem
1276 2933 1369 3027 jovis
1390 2935 1553 3008 feriarum
1569 2935 1675 3008 Pasoe
1692 2935 1875 3030 imperator
1890 2937 2023 3011 Medio-

606 3061 766 3134 lanenses
781 3059 916 3133 bauivit
940 3067 975 3130 et
998 3079 1058 3130 eos
1072 3055 1188 3129 hostes
1204 3077 1329 3128 oorone
1345 3055 1529 3148 judicavit.
1545 3058 1589 3130 Et
1605 3079 1686 3130 oum
1702 3057 1856 3132 audisset
1871 3059 2022 3132 Trinium

605 3183 778 3270 obsideri,
808 3181 918 3254 tribus
936 3179 1060 3254 diebus
1075 3179 1172 3252 venit
1189 3178 1236 3252 ad
1252 3189 1401 3251 montem
1420 3179 1565 3252 (1111111
1586 3180 1648 3274 qui
1674 3178 1800 3252 dioitur
1821 3179 1952 3254 Lauda.
1978 3182 2022 3254 Et

606 3329 685 3380 cum
701 3303 856 3379 audisset
872 3303 1023 3375 Trizium
1042 3304 1114 3376 lore
1137 3311 1296 3396 neptum,
1314 3323 1427 3396 usque
1448 3300 1496 3375 ad
1518 3313 1662 3376 mortem
1680 3301 1809 3392 doluit,
1822 3311 1858 3376 et
1877 3324 1920 3376 eo
1934 3314 2021 3378 tem·

604 3451 689 3526 pore
705 3429 828 3502 civitas
846 3426 964 3500 Laude
980 3427 1093 3500 levata
1113 3426 1190 3496 luit.

654 3553 756 3626 Auno
769 3553 817 3636 M,
833 3551 870 3624 C.
887 3551 1020 3642 Lllllll,
1044 3550 1104 3622 llll
1119 3548 1178 3622 die
1191 3548 1287 3641 julii,
1306 3549 1491 3644 imperator
1508 3549 1600 3644 oepit
1612 3547 1775 3624 obsidere
1794 3551 1968 3642 Cremam,
1985 3562 2021 3624 et

605 3675 879 3750 Mediolanenses
897 3673 1064 3746 miseruut
1080 3673 1116 3744 iu
1137 3693 1213 3746 eam
1235 3671 1335 3744 CCCC
1360 3671 1494 3766 pedites
1521 3683 1557 3744 et
1583 3671 1754 3766 quosdam
1782 3673 1921 3747 milites.
1949 3674 2021 3748 Sed

605 3799 790 3894 imperator
806 3819 876 3871 uon
898 3797 1050 3870 audebat
1079 3796 1197 3869 adhue
1219 3793 1360 3868 assidue
1391 3795 1439 3866 ibi
1466 3815 1557 3866 esse.
1577 3793 1647 3868 Sed
1665 3795 1863 3870 morabatur
1884 3797 2017 3872 lande.

603 3920 736 3995 Eodem
762 3942 881 3993 meuse
913 3921 1100 4014 imperator
1126 3918 1242 4015 posuit
1272 3917 1416 3991 insidias
1435 3917 1483 3991 ad
1507 3917 1757 4012 Cauagiveram
1786 3917 1854 4015 (1),
1884 3929 1920 3994 11
1943 3920 2021 3995 dux

603 4042 784 4120 Bertoldns
800 4044 845 4118 de
862 4046 1014 4139 Zarengo
1029 4053 1101 4118 erat
1120 4064 1200 4115 cum
1226 4064 1281 4118 eo.
1302 4041 1440 4115 Pedites
1458 4041 1640 4138 Papieuses
1654 4043 1771 4139 posuit
1786 4043 1823 4114 iu
1839 4045 2017 4135 Seteuauo,

646 4272 688 4354 (11)
709 4275 746 4335 lu
760 4272 825 4334 ood
840 4272 936 4334 Paris.
948 4277 979 4333 et
991 4288 1040 4350 ap.
1055 4271 1199 4332 Moratur.
1213 4264 1403 4331 newton.

645 4377 687 4461 (1)
708 4378 745 4438 lu
756 4378 824 4440 1111.
838 4379 933 4440 Paris.
947 4383 979 4438 et
990 4393 1040 4454 ap.
1053 4377 1196 4438 Moratur.
1214 4373 1360 4437 0111111111.

644 4485 684 4567 (1)
704 4487 740 4547 11
753 4487 819 4548 eod.
835 4485 930 4548 Parta.
944 4492 975 4547 ot
986 4501 1036 4564 ap.
1051 4485 1194 4546 11111111.
1209 4478 1337 4560 amaa,
1350 4485 1440 4542 rente.

644 4590 690 4673 (d)
710 4593 747 4652 lu
759 4591 859 4654 1111111
870 4591 927 4652 1111.

643 4699 683 4782 (ι)
704 4701 741 4760 n
758 4697 827 4763 eoa.
840 4699 936 4761 1111.
952 4695 1253 4778 mammas.
1267 4693 1412 4756 numer.
1429 4690 1653 4774 cesam.
