4554 6080
835 629 878 690 ΙΝ
901 627 1043 690 ll'ltbtlt
1067 625 1218 690 dussis
1679 625 1740 688 319

314 767 394 855 die,
421 775 456 842 et
480 767 527 840 ad
551 763 780 861 pumandum
804 774 924 840 contra
943 767 1111 840 Karnlum
1135 762 1295 836 homines
1318 759 1506 836 Mediolani
1530 769 1564 834 et
1585 761 1738 836 marchio

314 891 380 966 iste
396 891 450 988 (a)
467 891 607 988 publice
629 911 668 964 se
692 899 874 985 opponunt
893 899 928 964 et
955 889 1120 964 continno
1141 886 1295 960 marchio
1322 885 1547 960 Montislerati
1567 908 1648 958 cnm
1668 897 1739 960 toto

315 1016 475 1090 exercitu
496 1035 562 1088 sno
577 1013 642 1086 ivit
658 1012 706 1086 ad
723 1013 934 1086 vastandum
955 1014 1114 1088 homines
1131 1015 1244 1086 Uvree
1265 1010 1327 1104 qui
1345 1009 1437 1082 illico
1452 1030 1571 1082 secum
1590 1009 1741 1104 pepige-

313 1149 410 1212 runt.
426 1139 558 1214 Eodem
570 1148 726 1234 tempore
741 1159 926 1212 commone
942 1139 1046 1234 Pupie
1063 1138 1144 1210 lecit
1161 1157 1283 1232 pacem
1297 1143 1377 1208 c'um
1393 1133 1593 1206 bominibus
1608 1133 1741 1206 Medio-

316 1261 388 1336 lani
405 1263 608 1358 expclentes
621 1260 821 1358 capitaneos
838 1271 874 1334 et
888 1261 1086 1338 valvasores
1101 1259 1147 1334 de
1162 1259 1269 1355 Papia
1284 1267 1318 1332 et
1334 1279 1415 1331 cum
1438 1257 1638 1330 bominibus
1654 1259 1742 1330 Ter-

318 1386 428 1479 done,
446 1387 695 1478 vercellarum,
713 1386 863 1458 Novaric
878 1393 913 1458 et
926 1383 1101 1458 Placentie
1115 1382 1311 1458 secundum
1324 1381 1422 1477 quod
1440 1383 1536 1476 prins
1548 1383 1737 1456 habebant.

316 1511 449 1586 Eodem
467 1522 623 1606 tempore
637 1509 795 1594 homines
806 1509 920 1584 Chsrii
935 1531 974 1582 se
988 1509 1161 1584 dederunt
1177 1509 1214 1580 in
1227 1508 1333 1582 torcia
1350 1507 1443 1599 regis
1453 1507 1588 1598 Karoli,
1603 1515 1743 1602 propter

317 1633 415 1728 quod
439 1634 594 1728 vigerius
612 1635 658 1712 de
675 1635 763 1708 Alba
787 1643 822 1708 et
843 1633 903 1708 alii
929 1633 1053 1728 vigerii
1075 1634 1197 1708 Karuli
1220 1633 1383 1707 volebant
1409 1633 1522 1706 lacere
1549 1632 1743 1704 exercitum

316 1779 424 1852 snper
440 1759 548 1853 ipsos.
803 1825 806 1834 .

366 1881 432 1956 Die
441 1883 644 1958 luueXXlll
652 1882 782 1958 mensis
788 1881 881 1974 junii
893 1880 1026 1956 oridata
1035 1889 1088 1954 est
1096 1879 1237 1976 publice
1246 1889 1393 1974 treugua
1405 1879 1493 1952 inter
1503 1877 1664 1952 homines
1673 1878 1746 1950 Me-

318 2003 450 2080 diolani
459 2015 494 2080 et
503 2006 663 2080 homines
672 2005 823 2082 civitatis
830 2003 951 2078 laude
959 2004 1091 2078 etinter
1100 2025 1160 2078 eos
1169 2004 1331 2076 inseritur
1342 2003 1386 2100 (l)
1395 2011 1552 2074 trattatns
1562 2000 1608 2074 de
1618 2021 1702 2096 pace
1710 2009 1745 2074 et

317 2129 547 2204 estdominus
556 2130 683 2204 Sucius
692 2129 925 2206 dcvtstadino
940 2136 1091 2225 potestas
1103 2128 1223 2223 populi
1238 2126 1357 2200 hudo
1368 2147 1448 2197 oum
1460 2125 1745 2198 ambexetoribns

318 2256 438 2329 lando
453 2256 490 2328 in
501 2257 643 2330 civitate
654 2255 841 2330 Mediolani
854 2256 902 2330 ad
917 2253 1136 2328 tractandum
1149 2252 1194 2326 de
1209 2273 1309 2348 pace.
1319 2253 1400 2324 Post
1412 2249 1470 2324 dle
1478 2251 1526 2344 (b)
1534 2251 1695 2322 mercurii
1717 2247 1725 2348 Ι
1770 2265 1938 2311 solcum·-

318 2381 414 2454 XXV
422 2381 650 2474 mensisJ’nnii
659 2381 697 2454 in
707 2381 846 2456 civitate
856 2379 1040 2456 Mediolani
1049 2381 1063 2471 j
1069 2389 1165 2452 orata
1176 2386 1228 2450 est
1240 2375 1567 2473 paxetordinatain
1578 2399 1648 2470 qna
1660 2397 1745 2470 pace

319 2501 606 2576 bominesLande
614 2503 745 2578 debent
755 2503 884 2578 babere
896 2503 1077 2578 dominum
1086 2501 1223 2595 Napum
1238 2499 1283 2572 de
1296 2499 1420 2572 Lature
1431 2519 1493 2593 pro
1503 2517 1622 2570 eorum
1633 2509 1745 2594 potes·

319 2635 390 2702 tate
403 2641 439 2700 et
449 2626 590 2700 domino
601 2635 636 2700 et
645 2636 776 2702 rectore
787 2650 868 2702 cnm
881 2629 983 2702 certis
997 2626 1106 2722 pactis
1113 2633 1149 2696 et
1160 2624 1290 2696 debent
1299 2623 1462 2717 expelere
1475 2621 1655 2694 dominnm
1666 2624 1745 2696 Bos-

319 2751 412 2826 sium
423 2750 629 2824 deDovaria
640 2759 676 2824 et
689 2771 809 2827 omues
825 2753 1005 2826 lorostatos
1013 2749 1223 2822 Cremoneet
1235 2747 1409 2820 Placentie
1421 2745 1466 2818 de
1479 2746 1618 2820 civitate
1630 2755 1665 2818 st
1679 2746 1745 2818 dis-

320 2873 554 2954 trictnbaude
565 2883 600 2948 et
612 2873 772 2948 bannitus
780 2874 967 2950 Mediolani
981 2875 1212 2967 contra'paota
1223 2869 1494 2966 etpromisionos
1508 2871 1745 2944 lactadomino

319 2997 442 3072 Rossio
468 3007 503 3070 et
528 3001 604 3090 ejus
625 2999 837 3092 sequacibus
861 2999 924 3093 qni
940 2998 1115 3070 civitatem
1138 2993 1259 3068 Laudo
1274 2993 1380 3090 paulo
1401 3003 1483 3066 ente
1506 2993 1747 3068 deffenderunt

320 3121 467 3194 viriliter
486 3131 521 3194 et
537 3133 706 3216 potenter.
723 3124 766 3196 Et
791 3123 849 3196 dis
869 3121 1007 3196 veneris
1029 3119 1154 3192 XXVII
1170 3117 1299 3194 mensis
1314 3117 1406 3212 junii
1429 3117 1590 3192 dominns
1606 3121 1745 3192 Bossius

308 3267 404 3321 cum
420 3245 495 3320 suis
509 3247 796 3332 Cremonensibus
819 3245 976 3343 venitin
991 3244 1147 3340 Papium.
1168 3244 1266 3316 Hanc
1285 3242 1379 3314 enim
1400 3263 1520 3338 paoem
1546 3252 1580 3316 ot
1600 3267 1746 3318 concor-

321 3369 418 3444 diam
436 3370 658 3464 Ovregnogbi
678 3369 724 3442 de
744 3367 862 3444 Laude
886 3369 922 3440 in
942 3365 1169 3462 opprobrium
1193 3364 1325 3438 domini
1344 3365 1437 3438 Bosii
1460 3387 1566 3460 quem
1585 3366 1647 3440 din
1663 3365 1746 3438 odio

320 3493 455 3568 hebent
472 3501 707 3568 tractaverunt
725 3502 761 3568 et
775 3493 949 3578 leserunt,
970 3499 1005 3563 et
1026 3489 1111 3584 quia
1128 3487 1313 3584 Pupienses
1332 3511 1412 3562 cnm
1430 3489 1746 3564 Mediolanensibus

322 3639 446 3715 pacem
464 3619 616 3692 fecerant
639 3618 875 3712 relinquentes
897 3615 1057 3689 homines
1075 3613 1196 3689 Laude
1213 3622 1333 3688 oontra
1356 3614 1582 3709 promisiones
1600 3615 1650 3686 eis
1670 3616 1746 3686 lac-

321 3751 393 3834 tas,
414 3741 572 3838 predicta
597 3743 716 3816 omnia
742 3742 900 3816 fecerunt
925 3747 1110 3835 postquam
1134 3747 1258 3833 gnasta
1283 3747 1318 3809 et
1344 3737 1495 3832 dampna
1520 3739 1626 3810 multa
1653 3738 1746 3834 passi

322 3873 405 3940 sunt
420 3887 442 3938 a
457 3863 787 3940 Mediolanensibus.
806 3863 907 3940 Unde
925 3883 1073 3938 versus:
1097 3885 1116 3932 u
1134 3859 1351 3934 Lombardus
1367 3870 1505 3956 patrum
1524 3871 1600 3954 post
1618 3860 1747 3956 damp-

323 4009 412 4063 num
434 3989 580 4083 suscipit
601 3995 736 4078 uctum‚
755 4012 773 4058 o
791 3995 827 4062 et
846 3986 1011 4060 continuo
1026 3983 1191 4058 dominus
1210 3984 1331 4079 Napus
1347 3984 1441 4056 misit
1456 3985 1626 4056 vicarium
1642 4007 1746 4056 suum

324 4113 361 4186 in
376 4111 552 4188 civitatem
572 4112 704 4188 Laude.

373 4237 438 4310 Die
453 4257 538 4310 vero
553 4237 692 4311 veneris
704 4237 767 4310 llll
778 4236 907 4310 mensis
916 4235 995 4328 lolii
1010 4235 1047 4306 in
1061 4233 1270 4316 lestolsanoti
1283 4231 1435 4306 Antolini
1449 4232 1612 4308 dominns
1626 4235 1745 4330 anus

326 4360 515 4434 delatore
533 4383 615 4434 oum
632 4361 688 4436 DC
710 4360 878 4434 militibus
892 4358 1080 4434 Mediolani
1100 4380 1179 4430 oum
1203 4357 1365 4430 omnibns
1380 4356 1572 4430 Sumarivis
1596 4367 1629 4430 et
1651 4367 1748 4454 parto

371 4627 414 4708 (a)
435 4629 473 4690 m
485 4629 586 4690 erro
598 4629 695 4692 ocu.

368 4733 410 4814 (c)
431 4736 467 4796 1n
480 4735 657 4815 molosso.
