4534 6074
752 639 794 698 ΙΝ
818 637 957 700 tratre
982 636 1136 698 GESTlS.
1596 635 1654 694 127

238 774 380 846 vivebat
394 781 430 846 et
443 794 480 846 se
496 773 637 846 fovebat
649 771 696 846 de
711 773 826 846 voltis.
844 771 979 845 Deinde
994 771 1180 866 imperator
1202 768 1266 840 ivit
1289 767 1325 838 in
1351 765 1566 840 Alamaniam
1587 765 1653 866 (t).

286 895 335 968 ll.
353 895 391 968 C.
408 896 579 986 LXXllll,
596 917 715 968 mense
730 896 953 990 septembris,
969 894 1016 968 ad
1033 894 1231 966 instantiam
1245 903 1279 966 et
1295 891 1495 987 petitionem
1509 890 1656 987 Papion·

238 1019 329 1092 sinm
337 1029 373 1092 et
383 1017 826 1092 marchionisldontisierati
835 1017 897 1112 qui
906 1019 1054 1089 nnnoios
1065 1019 1103 1088 in
1113 1017 1333 1090 Alamaniam
1345 1023 1425 1088 ante
1434 1025 1656 1112 eonspeotum

236 1165 340 1216 snum
367 1141 588 1231 direxerant,
613 1147 752 1238 propter
775 1139 1026 1214 Alexandriam
1046 1161 1152 1234 qnam
1183 1139 1357 1212 civitatem
1381 1138 1483 1210 Palee
1503 1140 1656 1234 appella·

234 1265 320 1338 bant
346 1263 411 1362 (o),
430 1267 555 1338 iterum
580 1266 704 1361 repetit
724 1263 968 1338 lombardiam
996 1285 1077 1335 enm
1103 1282 1230 1356 magno
1255 1260 1412 1334 exercitu
1438 1261 1652 1354 Biemornm,

234 1393 457 1466 Briensornm
471 1400 507 1464 et
518 1392 683 1482 aliorum3
698 1391 760 1486 qni
775 1389 887 1486 primo
899 1389 995 1464 venit
1005 1389 1205 1484 Segnxiam,
1220 1386 1403 1460 'combuxit
1413 1404 1489 1459 eam
1505 1385 1655 1459 :deinde

235 1517 282 1590 ad
296 1517 472 1590 civitatem
494 1515 578 1590 Aste
596 1517 634 1588 in
656 1537 726 1612 qna
748 1515 1024 1590 Mediolanenses
1044 1524 1078 1586 et
1092 1513 1289 1586 Brixienses
1314 1533 1418 1584 eausa
1436 1508 1654 1584 custodiendi

234 1637 391 1713 aderent.
413 1639 578 1714 Astenees
608 1659 693 1712 vero
719 1638 833 1712 statim
865 1659 903 1711 se
932 1637 1155 1726 rediderunt;
1178 1635 1301 1710 eodem
1330 1655 1481 1730 namqne
1501 1643 1654 1728 tempore

234 1785 357 1837 omnes
383 1763 541 1838 civitatee
568 1762 776 1838 lombardie
805 1771 840 1834 et
861 1761 1001 1834 Marcbe
1025 1769 1143 1834 contre
1173 1761 1413 1856 imperatorem
1442 1767 1654 1830 sacramento

232 1887 433 1958 sodetetem
458 1895 714 1960 contraxerant.
730 1884 865 1958 Deinde
885 1885 1070 1979 imperator
1092 1883 1188 1956 venit
1210 1883 1296 1978 oput
1316 1880 1565 1954 Alexandriam
1595 1880 1653 1953 die

233 2009 412 2084 dominioo
426 2011 472 2084 Vl
488 2011 656 2084 kalendas
669 2009 883 2100 novembris,
899 2029 1047 2102 eamque
1060 2029 1141 2080 enm
1157 2027 1284 2100 magna
1299 2005 1523 2078 multitudine
1538 2005 1653 2080 Theo-

231 2135 429 2208 tonioornm
448 2143 486 2208 et
505 2155 587 2208 enm
602 2133 827 2230 Papiensibns
842 2141 878 2206 et
890 2131 1088 2204 marchione
1103 2129 1149 2204 de
1171 2129 1393 2202 llontelernto
1414 2129 1563 2202 obsedit.
1584 2132 1652 2202 lbi·

230 2279 304 2353 qne
333 2259 415 2332 feeit
438 2265 554 2354 gatos,
570 2279 761 2354 manganes
786 2268 821 2332 et
846 2257 1024 2354 prederias
1049 2267 1084 2330 et
1112 2265 1222 2329 eastra
1248 2255 1421 2349 lignorum
1442 2253 1508 2326 trie
1521 2274 1650 2349 magna

229 2381 420 2456 mirabilia.
440 2385 536 2457 lntns
564 2403 647 2458 vero
674 2383 847 2457 civitatem
875 2380 996 2454 aderat
1021 2379 1166 2474 quidem
1197 2379 1347 2452 civitatis
1374 2379 1545 2452 placentie
1571 2399 1651 2452 onm

230 2501 286 2574 GL
299 2503 495 2598 peditibus,
512 2505 612 2578 milae
624 2505 764 2580 nomine
778 2503 966 2577 Anselmns
975 2501 1132 2576 Medione
1148 2503 1208 2596 qni
1226 2509 1361 2597 preerat
1379 2501 1463 2596 ipsis
1478 2501 1652 2596 peditibus

229 2625 424 2720 Placentie‚
452 2637 487 2701 et
509 2629 641 2703 ibidem
656 2629 750 2702 stetit
765 2629 951 2723 imperator
974 2647 1086 2720 nsque
1110 2604 1158 2697 ad
1180 2625 1272 2698 diem
1293 2621 1433 2697 Sebbnti
1457 2625 1572 2697 Sanoti
1589 2626 1651 2721 qui

230 2751 298 2823 snit
320 2749 383 2826 llll
408 2749 576 2826 kalendae
598 2748 729 2848 aprilis.
746 2753 784 2824 ln
810 2753 858 2824 ll.
873 2749 910 2824 C.
925 2747 1059 2839 LXXV,
1069 2759 1176 2822 noete
1198 2769 1281 2822 vero
1303 2748 1510 2821 adveniente
1525 2747 1651 2843 magna

229 2877 334 2972 oopia
349 2877 636 2950 Tbeotonioornm
652 2875 813 2972 privatim
839 2875 950 2972 ipsam
974 2873 1150 2948 civitatem
1176 2873 1405 2946 intraverunt.
1423 2873 1651 2948 Alexandrini

229 3003 350 3096 itnqne
368 3023 450 3074 enm
465 2996 699 3099 Placentini[s]
716 3019 844 3094 magno
863 2999 1013 3072 elamore
1031 2995 1189 3092 undique
1214 2997 1376 3070 commoti
1403 2997 1516 3070 stetim
1542 2999 1652 3095 captis

228 3127 338 3198 armis
362 3137 482 3199 contre
513 3144 574 3199 eos
599 3125 723 3198 aeriter
750 3131 923 3220 pugnant,
948 3143 1078 3216 eosque
1105 3122 1317 3194 debellantes
1346 3141 1473 3216 magna
1495 3123 1530 3195 vi
1561 3123 1651 3198 loros

228 3249 328 3321 intne
348 3251 517 3321 fossatum
543 3249 735 3340 ejecerant,
763 3257 798 3320 et
824 3257 973 3320 oaetrom
995 3245 1213 3340 imperatoris
1233 3244 1330 3338 qood
1355 3254 1428 3316 erat
1453 3267 1558 3342 snper
1582 3249 1652 3320 loe·

228 3383 345 3446 satnm
363 3368 654 3470 [combusserunt]
674 3372 710 3442 in
738 3379 929 3466 quoerant
953 3368 1130 3442 ballisterii
1156 3368 1266 3440 lanne
1290 3377 1325 3439 et
1352 3369 1452 3440 multi
1479 3370 1651 3465 principes

227 3497 348 3570 etvini
372 3497 507 3568 nobiles
532 3487 819 3568 Theotonioornm
840 3489 930 3591 [qui]
955 3493 1038 3586 igne
1056 3491 1244 3586 perierunt.
1266 3473 1455 3586 Imperator¹
1471 3513 1555 3565 vero
1568 3495 1648 3566 Fre·

228 3621 369 3694 derions
385 3620 453 3692 hoo
467 3621 515 3692 ito
531 3629 670 3714 peraeto
689 3620 780 3690 ultra
803 3615 946 3690 modum
967 3615 1126 3688 turbatus
1147 3614 1250 3706 jussit
1266 3625 1377 3688 eastra
1392 3616 1530 3710 aliaque
1545 3617 1651 3712 opida

227 3747 404 3842 lignorum
420 3744 565 3819 aooendi
580 3755 615 3818 et
632 3740 678 3818 ab
691 3741 873 3818 obsidione
885 3741 932 3838 (b)
943 3741 1128 3816 removeri.
1142 3738 1184 3814 llt
1199 3740 1257 3814 die
1271 3751 1445 3836 nootnque
1460 3744 1650 3837 equitando

229 3870 372 3944 tandem
398 3871 436 3942 in
462 3869 663 3944 comitatum
690 3867 911 3964 Papiensinm
941 3865 1118 3962 pervenit,
1145 3865 1274 3938 seilicet
1300 3865 1347 3940 nd
1370 3876 1484 3962 partes
1503 3869 1649 3964 Vogerie

228 3994 291 4067 nbi
307 4016 371 4066 sna
387 4003 498 4067 eastra
510 3991 653 4066 tendere
662 3991 780 4085 jussit.
793 3992 884 4062 Dum
898 3999 1014 4063 antem
1030 3989 1216 4084 imperator
1230 3990 1311 4063 talia
1325 4000 1454 4083 ageret,
1467 3991 1650 4064 Lombardi

226 4119 291 4214 qui
308 4119 406 4192 ibant
418 4117 457 4189 in
469 4115 680 4208 adiutorium
698 4113 1011 4190 Alexandrinorum
1024 4135 1089 4186 sua
1104 4111 1283 4208 temptoria
1302 4123 1388 4210 epnt
1407 4113 1647 4188 Clastezeoium

271 4277 316 4359 (a)
336 4281 371 4340 ln
384 4281 486 4340 oodloe
497 4275 708 4357 appellabatur.

271 4382 313 4463 (b)
333 4385 370 4444 ln
383 4383 485 4445 codiee
497 4379 691 4444 obacs’dt'te'ooe.

264 4667 302 4738 (t)
320 4666 442 4740 Apartir
453 4664 489 4722 de
500 4681 532 4722 oe
542 4669 677 4734 moment,
693 4665 720 4722 la
740 4665 916 4740 eompilatenr
932 4681 963 4724 se
982 4665 1131 4740 rapproobe
1148 4665 1289 4742 beonooup
1301 4662 1336 4724 de
1348 4666 1375 4725 la
1389 4667 1536 4742 munique
1548 4669 1647 4728 inedito

226 4761 336 4838 publide
347 4761 574 4836 preotdemment.
