4554 6080
807 713 850 775 IN
872 711 1014 774 ttulit
1038 708 1190 772 GESTlS.
1648 707 1709 770 325

288 873 415 950 magna
436 849 544 949 preda
563 849 744 924 bominum
763 863 798 922 et
820 849 1010 922 bestiarum
1031 857 1066 918 61
1091 843 1298 917 massariciis
1320 844 1545 935 rusticorum,
1572 855 1607 918 et
1629 867 1709 920 cum

287 977 489 1052 mcederent
507 997 587 1048 oum
603 971 714 1070 prode
730 981 765 1044 et
785 973 883 1046 lucro
900 981 935 1044 et
953 979 1067 1044 essent
1082 969 1171 1041 inter
1192 971 1419 1040 Zenevretnm
1444 977 1477 1040 et
1493 968 1706 1062 Nebianum,

288 1102 345 1174 isti
368 1099 496 1194 Sagius
511 1097 557 1171 do
574 1097 731 1170 Nebiano
754 1105 789 1168 et
813 1094 973 1170 Oddinus
993 1094 1038 1166 de
1060 1093 1173 1166 Rocba
1196 1091 1366 1188 capitanei
1392 1092 1534 1165 istorum
1560 1093 1709 1165 militnm

289 1245 369 1296 cum
387 1223 473 1320 ipsis
488 1221 658 1294 militibus
672 1219 946 1314 insequebantur
963 1219 1058 1313 ipsos
1075 1216 1120 1290 de
1134 1217 1364 1308 Zaratarello,
1386 1227 1419 1288 et
1434 1216 1482 1287 illi
1499 1217 1624 1292 milites
1634 1219 1711 1294 Pla-

289 1347 402 1422 centie
413 1357 450 1420 61
466 1347 632 1420 Cremone
648 1355 726 1440 post
742 1345 837 1440 ipsos
850 1366 930 1416 cum
947 1343 1084 1416 rusticis
1099 1352 1134 1415 61
1146 1341 1344 1414 bominibus
1356 1341 1579 1433 Valletidoni,
1595 1352 1710 1416 tamen

288 1469 449 1564 alonge3
468 1467 564 1541 unde
582 1467 632 1538 illi
651 1465 696 1540 (16
714 1466 926 1539 Zavatamllo
943 1466 1071 1538 milites
1086 1475 1120 1537 et
1137 1464 1271 1560 pedites
1287 1463 1446 1537 videntes
1464 1463 1547 1536 istos
1567 1466 1710 1558 Sagium

290 1602 325 1666 et
343 1593 523 1667 Oddinum
539 1601 572 1664 et
586 1591 680 1687 ipsos
702 1590 831 1663 milites
844 1591 895 1662 sic
908 1591 1011 1684 longe
1029 1611 1049 1662 a
1072 1589 1202 1662 seberis
1222 1588 1497 1661 Placentinorum
1516 1599 1551 1661 et
1566 1589 1712 1663 Cremo-

290 1717 451 1789 nensium
475 1713 657 1806 incedere,
679 1713 846 1786 insultum
868 1712 1035 1785 audacter
1053 1713 1209 1785 iecerunt
1229 1713 1263 1782 in
1287 1712 1379 1806 ipsos
1400 1713 1569 1784 eleusin
1592 1713 1710 1808 fugam

289 1849 465 1912 vertentes
479 1848 644 1933 ceperunt
659 1859 705 1910 ex
725 1837 810 1932 ipsis
823 1837 989 1910 militibus
1004 1835 1111 1908 lilium
1127 1835 1277 1908 Alberici
1299 1835 1344 1908 de
1360 1835 1576 1926 Peccoruria,
1600 1835 1710 1910 lilium

289 1961 456 2035 Iohannis
481 1961 649 2056 Aginoui‚
673 1960 892 2033 Guillelmum
914 1959 1065 2032 Surdum
1088 1957 1133 2031 (16
1155 1959 1324 2046 Nocceto,
1349 1958 1514 2031 Jacobum
1534 1958 1579 2031 (16
1593 1959 1710 2034 Rooba

289 2087 336 2160 de
352 2086 497 2178 Arcolli,
520 2085 687 2158 Ubertum
708 2085 753 2157 de
772 2085 954 2173 Silvestro,
976 2082 1197 2155 Addebatum
1219 2082 1266 2155 (16
1293 2083 1426 2154 Ziliano
1442 2092 1475 2155 61
1493 2081 1578 2156 alios
1598 2105 1711 2178 usque

290 2211 327 2282 iu
345 2210 443 2282 Xllll
466 2210 557 2281 inter
577 2210 704 2282 milites
722 2217 756 2281 61
776 2207 911 2304 pedites
930 2215 964 2280 61
981 2206 1014 2279 X
1032 2228 1140 2300 equos
1158 2215 1193 2278 et
1218 2207 1248 2278 V
1266 2207 1444 2302 panzerias
1462 2215 1496 2279 et
1516 2209 1624 2282 multa
1642 2212 1709 2285 alia

289 2353 385 2406 arma
404 2343 439 2405 et
457 2333 518 2406 llll
540 2333 744 2420 banderias‚
767 2341 802 2402 et
818 2331 893 2402 sine
919 2329 1072 2426 dampno
1091 2353 1170 2402 cum
1189 2329 1297 2425 preda
1311 2341 1345 2402 et
1363 2331 1459 2404 lucro
1479 2335 1607 2405 reversi
1629 2344 1710 2406 sunt

289 2456 525 2530 adlevatum
544 2453 618 2552 (sic)
637 2465 672 2528 61
693 2455 752 2528 6111
778 2476 857 2527 cum
883 2453 1035 2549 dampno
1058 2453 1190 2525 reversi
1211 2454 1434 2526 Placentiam.
1460 2455 1590 2529 Eodem
1616 2467 1710 2530 tem-

289 2601 374 2676 poro
399 2582 645 2654 umbaxatores
673 2579 765 2673 regis
786 2578 930 2650 Castello
953 2587 1052 2650 erant
1074 2577 1110 2647 in
1140 2577 1345 2650 lombardia
1377 2599 1439 2673 pro
1466 2580 1542 2675 ipso
1568 2579 1709 2654 domino

289 2725 372 2798 rege
387 2713 422 2776 et
439 2704 544 2776 locuti
571 2705 711 2776 luerunt
732 2701 923 2774 marchioni
945 2701 1070 2772 Montis
1085 2701 1214 2773 Ferrati
1239 2709 1274 2773 et
1291 2702 1368 2774 eliis
1386 2703 1544 2798 pluribus
1562 2729 1708 2801 magne·

289 2827 384 2900 tibus
415 2827 634 2901 bombardie.
675 2827 739 2898 Die
771 2825 888 2897 martis
923 2825 1044 2896 ultimo
1076 2825 1205 2896 mensis
1236 2825 1440 2920 septembris
1474 2838 1706 2924 pretereunte,

290 2950 348 3024 die
372 2952 536 3024 mercurii
561 2951 671 3047 primo
689 2949 818 3022 mensis
839 2945 846 3047 Ι
867 2948 1020 3021 octubris
1042 2947 1269 3040 adveniente,
1295 2949 1330 3020 in
1353 2949 1436 3022 hora
1460 2953 1574 3026 medie
1600 2955 1710 3028 noctis
1735 2989 1902 3034 666666.

289 3075 374 3146 1666
393 3075 493 3170 quasi
512 3083 581 3146 tota
600 3095 703 3170 passa
725 3083 778 3146 est
802 3072 975 3167 eclipsim,
996 3070 1034 3144 id
1058 3082 1110 3145 est
1129 3072 1302 3145 delectum
1322 3073 1357 3144 in
1378 3077 1601 3150 rotunditate.
1632 3079 1711 3153 Cre·

289 3219 474 3272 mononses
495 3197 541 3270 de
562 3198 702 3270 civitate
722 3196 881 3270 videntes
898 3195 994 3290 quod
1017 3219 1086 3269 non
1104 3205 1245 3292 possent
1262 3206 1379 3270 tenere
1396 3199 1585 3274 fortilicias.
1615 3256 1625 3274 .
1656 3259 1666 3276 .
1696 3257 1707 3278 .

294 3369 1612 3398 .................................
1638 3325 1705 3423 (1).

289 3443 539 3518 Cremonenses
567 3445 612 3519 (16
637 3445 779 3518 civitate
804 3443 963 3516 videntes
993 3443 1089 3540 quod
1125 3465 1194 3516 non
1222 3453 1363 3538 possent
1395 3453 1512 3520 tenere
1537 3456 1647 3522 turres
1674 3460 1711 3525 et

294 3578 433 3665 pontem
450 3592 539 3664 quos
559 3571 709 3642 fecerant
730 3569 766 3640 in
785 3567 1020 3640 obsoidiciono
1037 3567 1140 3638 castri
1163 3563 1209 3639 de
1230 3567 1409 3662 Malgrato,
1430 3571 1544 3666 ipsum
1569 3583 1709 3668 pontem
1736 3598 1741 3614 ·

294 3701 330 3764 61
345 3713 467 3765 omnes
489 3693 665 3766 lortilicias
679 3715 767 3786 quas
782 3692 830 3764 ibi
854 3693 1004 3764 lecerunt
1025 3689 1271 3765 destruxerunt
1290 3701 1325 3765 61
1339 3695 1589 3790 relinquerunt.
1611 3699 1711 3774 Unde

294 3815 343 3886 illi
361 3813 407 3888 de
422 3815 588 3910 Malgrato
601 3826 741 3911 pontem
758 3816 889 3887 iaciunt
909 3825 949 3887 nt
964 3817 1097 3911 possint
1116 3818 1206 3888 ultra
1222 3814 1334 3890 Adam
1354 3840 1416 3914 per
1435 3820 1547 3914 ipsum
1570 3833 1711 3918 pontem

293 3937 331 4009 in
351 3937 552 4034 episcopatu
571 3939 736 4012 Cremone
757 3939 933 4012 offendere
955 3949 991 4011 et
1009 3961 1158 4012 currere.
1184 3939 1317 4013 Eodem
1341 3949 1494 4038 tempore
1520 3944 1566 4017 do
1592 3969 1711 4022 mense

292 4060 445 4134 octubris
468 4062 656 4135 Placentini
674 4063 850 4157 intrinseci
870 4085 949 4134 cnm
970 4071 1108 4136 centum
1130 4064 1403 4138 cavalcatoribus
1421 4068 1554 4142 Mutine
1575 4081 1710 4144 etcum

292 4187 319 4256 L
339 4186 506 4260 Cremone
525 4199 560 4260 et
582 4209 663 4260 eum
684 4187 860 4282 aliquibus
879 4189 1045 4260 militibus
1069 4198 1103 4260 et
1124 4197 1226 4282 gente
1245 4188 1291 4263 de
1312 4191 1511 4286 episcopatu
1531 4196 1710 4288 equitave-

291 4318 375 4382 runt
390 4311 427 4382 iu
449 4311 576 4384 vallem
596 4311 679 4384 Geni
699 4320 734 4385 et
754 4313 845 4385 circa
866 4311 1017 4386 Roobam
1033 4313 1163 4403 Varsii,
1184 4313 1304 4387 domos
1329 4325 1364 4387 61
1387 4317 1506 4408 villas,
1532 4314 1648 4391 iebum
1676 4331 1711 4392 et

634 4563 1161 4576 u—-o--u-u--on--u-ot-nn—

332 4719 370 4792 (t)
388 4720 410 4778 ll
424 4737 442 4796 y
456 4737 473 4780 6
488 4722 521 4780 161
533 4739 571 4779 un
583 4737 681 4798 espace
692 4721 773 4781 blanc
785 4723 852 4782 dans
867 4723 892 4782 16
904 4726 1066 4797 manuscrit3
1080 4727 1150 4784 mais
1166 4741 1198 4784 ce
1209 4727 1270 4785 vide
1288 4729 1359 4786 n’est
1374 4745 1426 4804 pas
1444 4745 1497 4787 nne
1511 4729 1618 4804 laeuus,
1633 4749 1680 4791 oar
1691 4733 1710 4790 il

293 4823 337 4875 est
348 4817 457 4878 trident
470 4837 523 4894 qne
535 4821 561 4880 le
573 4823 676 4897 copiste
690 4837 876 4881 recommeuce
890 4824 1042 4883 6666111116
1056 4825 1157 4900 phrase
1169 4825 1235 4900 qn‘il
1249 4827 1320 4884 avait
1335 4826 1433 4886 laissde
1445 4829 1638 4906 interrumpue.
