4594 6066
610 651 672 713 210
1086 661 1326 727 CllllONlCON
1349 665 1401 726 DE
1425 665 1554 726 llllBllS

609 800 701 864 rator
731 793 934 868 Fredericus
968 819 1048 870 cum
1074 799 1223 872 militum
1250 801 1412 875 comitiva
1440 801 1558 895 quiete
1587 819 1648 896 per
1675 808 1789 894 partes
1813 799 2021 872 Pontramuli

608 917 753 990 veniens
773 921 1032 1015 lombardiam,
1054 922 1196 995 intravit
1220 923 1266 998 ad
1290 933 1404 1021 partes
1425 925 1566 1016 Parme,
1587 933 1622 998 et
1648 924 1732 998 inde
1754 921 1927 995 transiens
1953 943 2020 995 re-

607 1041 707 1116 niens
722 1041 922 1117 Cremonam
942 1045 977 1116 in
996 1067 1067 1142 qna
1084 1047 1223 1121 civitate
1243 1050 1362 1122 statuit
1378 1047 1589 1145 colloquium
1605 1047 1642 1120 in
1661 1045 1818 1121 kalendis
1836 1045 1944 1120 madii
1958 1045 2020 1120 nbi

591 1163 747 1240 ¹fuerunt
764 1169 1006 1243 ambaxatores
1027 1172 1182 1244 omnium
1211 1172 1389 1247 civitatum
1411 1171 1618 1246 lombardie
1632 1191 1696 1244 sue
1717 1169 1842 1267 partis,
1862 1179 1898 1241 et
1923 1167 2018 1242 Yzc-

594 1289 699 1363 linus
725 1291 770 1366 de
787 1293 941 1366 llomano
957 1293 1002 1367 de
1023 1296 1161 1370 Marcba
1178 1298 1240 1392 qui
1263 1298 1310 1370 ad
1335 1297 1449 1394 ipsum
1469 1296 1566 1370 renit
1586 1295 1784 1390 coloquium
1805 1315 1885 1366 cnm
1909 1291 2017 1366 hono-

604 1415 705 1486 rabili
724 1416 872 1489 militnm
887 1419 1068 1512 comitiva3
1085 1423 1143 1492 cui
1161 1421 1345 1518 imperator
1356 1419 1502 1495 donavit
1516 1429 1585 1494 tres
1601 1419 1728 1492 milites
1742 1419 1864 1492 Parme
1880 1417 2013 1490 illorum

604 1537 649 1611 de
677 1539 781 1613 Yzola
806 1541 1011 1638 dampnatos
1034 1544 1080 1617 ad
1104 1554 1260 1618 mortem.
1285 1545 1328 1618 Εἰ
1350 1556 1432 1617 tunc
1458 1545 1641 1640 imperator
1664 1542 1770 1616 liliam
1796 1563 1895 1615 suam
1917 1541 2013 1615 Jaco-

602 1662 698 1734 mino
723 1662 768 1737 de
794 1664 913 1740 Careto
936 1668 1113 1764 copulavit
1130 1669 1167 1740 in
1186 1689 1343 1743 uxorem.
1368 1669 1412 1742 llt
1430 1679 1545 1742 motus
1562 1691 1584 1742 a
1599 1668 1768 1742 Cremona
1787 1687 1867 1740 oum
1888 1686 2012 1759 magno

602 1784 762 1860 thesauro
778 1798 813 1862 et
830 1791 947 1864 multis
967 1791 1136 1865 militibus
1156 1792 1214 1867 die
1231 1794 1318 1866 leste
1337 1793 1452 1867 Sancti
1469 1793 1547 1890 Syll
1559 1791 1615 1890 (i)
1637 1789 1779 1864 intravit
1795 1789 1948 1884 Papiam.
1966 1788 2008 1860 llt

600 1908 683 1983 inde
702 1913 869 2007 equitavit
891 1917 1078 1990 Taurinum
1094 1927 1130 1990 et
1151 1939 1231 1990 cum
1249 1919 1376 1992 comite
1391 1917 1530 1991 Savolie
1551 1925 1604 1990 est
1618 1918 1755 1990 locutus
1778 1915 1836 1988 cui
1862 1913 2009 2011 plurima

599 2031 690 2108 dona
707 2038 868 2130 donavit,
888 2041 1008 2114 volens
1027 2041 1213 2137 imperator
1232 2045 1322 2116 ultra
1342 2041 1488 2137 aggredi
1510 2061 1590 2115 cum
1614 2037 1829 2136 principibus
1845 2049 1881 2111 et
1902 2037 2008 2111 baro·

597 2160 701 2232 nibus
718 2161 844 2234 Galieis
867 2165 927 2258 qui
951 2185 1032 2236 eum
1058 2166 1287 2261 expectabant
1309 2167 1498 2240 locuturus.
1527 2167 1660 2238 Interea
1686 2185 1751 2236 rex
1773 2161 1902 2236 Encius
1928 2183 2006 2235 cum

594 2282 882 2360 Cremonensibus
904 2287 1000 2384 apud
1023 2289 1265 2375 Quinzannum
1285 2299 1435 2364 castrum
1454 2289 1572 2362 ltrixie
1594 2309 1658 2361 sua
1681 2286 1782 2358 linxit
1806 2286 2004 2381 temptoria,

592 2417 743 2482 castrum
763 2409 849 2483 illud
869 2433 948 2484 curn
968 2412 1139 2487 hedificiis
1154 2414 1404 2510 expugnando.
1425 2415 1516 2486 Dum
1536 2421 1652 2486 autem
1669 2419 1819 2483 castrum
1835 2409 1922 2483 illud
1933 2411 2004 2502 jam

590 2553 653 2626 per
670 2533 702 2603 X
717 2532 793 2605 dies
809 2545 1062 2630 oppugnasset,
1081 2537 1140 2611 die
1160 2536 1335 2610 dominico
1353 2535 1431 2608 lllll
1453 2535 1583 2608 mensis
1599 2535 1689 2627 junii
1706 2531 1856 2628 proximi
1870 2552 2003 2606 sommo

590 2675 692 2729 mane
711 2657 874 2732 Girardus
890 2659 934 2732 de
951 2659 1120 2755 Corrigio,
1140 2660 1343 2755 lllonslnpus
1361 2668 1397 2732 et
1412 2657 1527 2732 Cnido
1545 2659 1624 2750 ejus
1646 2657 1750 2730 irater
1768 2654 1920 2729 marchio
1940 2652 1949 2751 Ι
1968 2665 2004 2729 et

589 2779 821 2854 chardinus
835 2782 881 2856 de
893 2783 1089 2856 Cornazano
1103 2794 1139 2855 ct
1152 2784 1212 2856 alii
1225 2783 1325 2855 multi
1340 2781 1385 2855 de
1397 2782 1603 2873 Cornezan0,
1616 2779 1661 2854 de
1672 2780 1807 2870 Yziola,
1821 2778 1867 2852 de
1880 2781 2002 2853 Sancto

588 2899 691 2975 Vitali
720 2905 869 2978 civitatis
894 2906 1015 2979 Parme
1042 2926 1188 2979 numero
1210 2906 1301 2978 LXX
1327 2905 1384 2980 vel
1406 2905 1496 2976 circa
1520 2903 1655 2977 banniti
1678 2903 1725 2976 ab
1750 2902 1915 2998 imperio,
1940 2903 2001 2997 qui

588 3025 856 3102 absentaverunt
866 3030 917 3104 ‘de
936 3031 1075 3104 civitate
1090 3051 1209 3103 eorum
1235 3037 1270 3102 et
1286 3027 1382 3125 apud
1407 3027 1614 3100 Placentiam
1631 3034 1800 3100 venerant
1816 3027 1998 3115 moraturi,

587 3150 632 3223 ad
651 3152 806 3226 favorem
824 3163 858 3226 st
874 3155 1083 3228 intellectum
1099 3158 1206 3252 partis
1219 3145 1368 3225 militum
1386 3161 1421 3226 et
1439 3152 1558 3248 populi
1577 3152 1699 3224 Parme
1716 3161 1882 3246 oeperunt
1900 3151 1998 3244 equi·

586 3283 660 3348 tare
676 3297 798 3350 versus
822 3278 991 3352 Parmam.
1009 3281 1095 3351 Cum
1113 3288 1230 3352 autem
1254 3277 1437 3350 transirent
1459 3275 1606 3348 fluvium
1630 3275 1727 3362 Turi,
1754 3275 1862 3347 obvia
1885 3295 1998 3347 vene

584 3409 664 3471 runt
686 3400 764 3497 (sic)
782 3411 984 3498 potestatem
1010 3391 1215 3476 Parme'oui
1243 3423 1369 3475 nomen
1394 3409 1467 3474 erat
1490 3400 1659 3473 Henricus
1673 3399 1782 3471 Texta
1809 3397 1855 3472 de
1875 3397 1997 3472 Arenio

583 3543 663 3595 cum
681 3525 790 3597 multa
808 3527 955 3598 militum
975 3527 1137 3600 comitiva
1160 3525 1205 3599 ad
1223 3525 1363 3599 Oodum
1378 3523 1430 3621 (c)
1451 3523 1648 3616 venientes,
1678 3525 1838 3618 lectoque
1864 3523 1995 3618 impetn

583 3655 700 3720 contra
722 3670 797 3740 eos,
818 3650 932 3744 ipsum
962 3658 1164 3745 potestatem
1188 3639 1439 3744 prosternentes
1464 3646 1510 3722 de
1535 3668 1627 3742 equo
1652 3653 1687 3720 et
1707 3645 1923 3720 lllanircdum
1949 3645 1995 3720 de

582 3769 798 3860 Cornazano,
826 3773 979 3867 Ugonem
995 3761 1261 3847 vicedominum
1279 3783 1312 3846 et
1329 3771 1506 3868 quendam
1523 3771 1666 3844 militem
1684 3773 1863 3866 potestatis
1880 3771 1993 3845 inter·

581 3895 735 3968 fecerunt
752 3895 895 3969 ibidem.
918 3896 1020 3982 Quod
1039 3885 1116 3970 oum
1136 3895 1281 3970 vidisset
1301 3913 1522 3992 magnopere
1538 3895 1665 3969 milicie
1689 3895 1811 3967 Parme
1830 3893 1892 3989 qni
1914 3915 1994 3966 cum

580 4027 744 4113 potestate
756 4019 926 4110 exierant,
939 4029 1098 4116 putantes
1107 4019 1382 4094 Mediolanenses
1394 4019 1652 4092 ctl‘laoentinos
1666 4018 1715 4093 ibi
1729 4038 1808 4092 mse
1821 4039 1883 4112 pro
1896 4039 1993 4090 com·

580 4145 677 4216 muni
690 4145 867 4218 voluntate
878 4145 928 4218 rei
944 4143 1015 4240 (ric)
1028 4153 1063 4217 et
1074 4165 1214 4217 oausam
1227 4144 1436 4238 ignorantes,
1454 4151 1618 4238 ceperunt
1631 4141 1825 4234 absentare,
1841 4161 1990 4236 quorum

579 4267 638 4340 olii
662 4269 833 4363 fugientes
852 4253 1065 4341 intraverunt
1090 4289 1154 4364 per
1173 4267 1312 4342 castella
1333 4267 1472 4360 Parme,
1498 4265 1557 4340 alii
1580 4263 1826 4362 equitaverunt
1843 4264 1994 4338 Cremo-

577 4413 670 4464 nam.
692 4393 837 4488 Reliqua
855 4415 934 4488 pars
952 4393 1073 4466 militie
1089 4393 1227 4482 Parme,
1247 4392 1338 4464 sicut
1360 4400 1441 4464 sunt
1457 4389 1645 4486 propinqui
1667 4399 1701 4462 et
1724 4387 1828 4462 amici
1854 4388 1990 4461 extrin-

578 4537 753 4607 secorum,
780 4517 959 4591 veritatem
984 4527 1019 4590 et
1042 4538 1181 4590 caumm
1202 4525 1449 4611 cognoscentes
1473 4535 1553 4588 oum
1579 4512 1744 4610 predictis
1768 4510 1914 4586 Girardo
1942 4509 1989 4586 de

617 4783 659 4865 (a)
680 4787 792 4850 Nomen
806 4786 968 4847 certissime
980 4783 1130 4846 mutilum.
