4534 6074
619 600 677 662 12⁰
1092 599 1332 664 canonicos
1356 603 1409 666 llll
1434 603 1562 666 lllllillS

615 734 771 805 militiam
785 730 984 805 Mediolani.
1001 757 1019 802 n
1035 733 1273 831 Etimperator
1291 738 1378 811 irato
1395 741 1511 814 animo
1530 739 1623 813 dixit
1640 752 1759 815 contra
1772 764 1832 816 eos
1851 769 1860 814 :
1881 747 2032 820 «Nonne

614 857 720 930 video
742 878 809 950 ego
830 855 1108 931 Mediolanenses
1127 857 1177 954 (a)
1197 859 1431 955 discumlitos,
1457 874 1613 936 mortuos
1639 873 1675 936 et
1699 867 1897 940 vulneratos
1924 878 1959 940 et
1977 871 2030 941 lu·

614 989 713 1074 gatos
736 990 771 1052 et
796 979 971 1074 dispersos
989 1002 1051 1075 per
1070 981 1170 1053 villas
1200 993 1236 1054 et
1262 1005 1418 1078 campos,
1438 995 1474 1057 et
1497 987 1596 1058 multi
1617 989 1691 1079 jam
1716 988 1763 1061 ad
1780 991 1954 1064 civitatem
1978 993 2031 1066 lu·

614 1105 769 1197 gierunt,
798 1129 816 1172 a
843 1103 1054 1200 increpando
1077 1113 1111 1176 et
1140 1104 1386 1198 redarguendo
1407 1128 1479 1180 eos.
1507 1109 1593 1180 Cum
1617 1111 1697 1182 talia
1722 1112 1828 1186 verba
1857 1115 2028 1208 dicerent,

614 1225 740 1298 milites
770 1225 922 1298 seniores
948 1227 1131 1319 quierant
1159 1227 1196 1298 in
1229 1227 1365 1300 insidiis
1392 1229 1560 1302 ascherati
1585 1231 1816 1306 ascenderunt
1844 1237 2031 1329 quamdam

615 1359 745 1422 costam
763 1347 935 1440 gradatim
954 1359 989 1422 ot
1005 1349 1207 1422 catervatim
1227 1373 1306 1422 cum
1325 1352 1418 1424 tubis
1440 1363 1475 1426 et
1492 1353 1655 1450 timpanis
1674 1364 1710 1428 et
1735 1358 1812 1429 aliis
1827 1358 1936 1452 signis
1951 1359 2031 1432 belli

614 1471 818 1545 sonantibus
834 1482 966 1544 etcum
988 1473 1156 1545 militibus
1177 1473 1385 1548 Placentinis
1401 1487 1436 1548 et
1451 1451 1709 1570 Bririieusibus,
1731 1489 1766 1552 et
1781 1481 1857 1552 aliis
1874 1483 1935 1576 qui
1953 1484 2032 1556 dis-

613 1597 705 1691 persi
726 1603 825 1668 erant
845 1617 908 1690 per
927 1619 1068 1692 campos
1086 1598 1235 1671 collectis
1253 1599 1299 1672 ad
1323 1601 1518 1694 carocium,
1539 1623 1663 1685 versus
1686 1604 1928 1700 imperatorem
1950 1631 2032 1703 per-

613 1729 790 1792 rexerunt.
816 1719 981 1792 videntes
1001 1728 1118 1792 autem
1142 1743 1202 1802 eos
1230 1721 1414 1818 imperator
1431 1733 1466 1796 et
1488 1725 1536 1796 illi
1552 1746 1673 1798 omnes
1690 1727 1752 1820 qui
1771 1750 1851 1800 cum
1867 1749 1910 1802 eo
1937 1742 2033 1802 erant

612 1853 647 1917 et
665 1845 815 1917 clamore
832 1843 921 1915 facto
940 1864 1002 1936 per
1019 1842 1278 1939 expeditionem
1307 1846 1524 1941 imperatoris
1550 1849 1653 1921 valde
1674 1849 1882 1941 timuerunt,
1901 1863 1937 1924 et
1956 1875 2031 1948 per-

613 1967 718 2040 territi
737 1989 758 2038 a
776 1967 885 2063 prelio
909 1967 1001 2039 illico
1026 1966 1244 2041 discedentes
1264 1967 1311 2042 ad
1340 1970 1453 2042 locum
1485 1972 1546 2043 obi
1574 1973 1759 2068 imperator
1784 1975 1905 2048 aderat
1927 1997 2032 2050 vene

612 2101 695 2162 runt
712 2101 746 2164 et
771 2113 809 2162 so
832 2090 1138 2184 coadunaverunt,
1162 2091 1318 2165 diceutes
1336 2094 1532 2190 imperatori
1556 2117 1670 2168 comes
1688 2095 1874 2170 Guilredus
1892 2108 1928 2172 et
1943 2121 2033 2171 mar·

612 2214 690 2288 chio
713 2215 938 2288 Montislerati
959 2241 969 2286 ε
994 2217 1197 2305 «Domine,
1223 2217 1384 2309 domine,
1417 2217 1522 2292 modo
1547 2220 1692 2314 potestis
1719 2220 1839 2294 videro
1869 2223 2033 2295 miliciam

611 2337 818 2430 Mediolani,
849 2347 885 2410 et
909 2338 1006 2433 quod
1034 2340 1135 2412 vobis
1153 2340 1308 2413 diximus
1332 2361 1454 2414 verum
1482 2350 1565 2414 erat.
1587 2343 1749 2434 Domine,
1778 2345 1972 2436 cogitemus
1988 2345 2034 2418 de

610 2461 759 2534 nobiset
780 2469 884 2554 gente
899 2471 1028 2534 nostra.
1056 2463 1178 2534 Nonne
1200 2461 1330 2535 videtis
1354 2463 1502 2555 qualiter
1530 2463 1576 2536 ad
1603 2485 1668 2535 nos
1694 2465 1852 2536 veniunt.
1878 2491 1896 2534 a
1919 2469 2032 2561 lmpe·

611 2595 702 2656 rator
723 2583 815 2657 dixit
836 2611 845 2654 :
870 2608 888 2652 a
906 2583 982 2656 Nou
1003 2593 1104 2656 erunt
1130 2585 1206 2656 ausi
1234 2583 1280 2656 ad
1306 2607 1369 2657 nos
1390 2585 1528 2676 venire,
1550 2607 1619 2657 uon
1642 2595 1777 2681 oportet
1801 2609 1864 2660 nos
1891 2589 2028 2681 lugere,

610 2708 728 2780 adhuc
753 2707 923 2780 distamus
941 2708 987 2779 ab
1009 2707 1060 2780 eis
1081 2729 1142 2802 per
1162 2708 1316 2780 medium
1342 2709 1541 2799 millianam,
1568 2709 1665 2803 prius
1689 2710 1769 2782 volo
1793 2709 1915 2782 videre
1935 2711 2031 2804 quod

609 2831 733 2904 facturi
754 2841 847 2903 sunt.
867 2857 885 2901 a
906 2831 949 2903 Et
966 2831 1050 2903 dum
1077 2830 1143 2902 hec
1169 2841 1353 2922 geruntur,
1380 2853 1500 2904 omnes
1515 2832 1640 2905 milites
1655 2843 1690 2906 et
1707 2835 1857 2929 populus
1875 2856 1956 2906 cum
1974 2857 2031 2908 ca·

610 2957 705 3028 rocio
734 2955 798 3049 qui
830 2954 1000 3048 impulsus
1032 2977 1053 3026 a
1081 2955 1210 3049 populo
1236 2945 1466 3028 vellocissime
1496 2956 1656 3028 currebat
1695 2965 1735 3027 ut
1767 2956 1964 3029 dextrarius
1997 2967 2032 3032 et

610 3078 904 3175 apropinquantes
923 3077 1093 3150 exercitui
1109 3079 1341 3171 imperatoris,
1359 3079 1492 3170 ingenti
1507 3081 1656 3151 clamore
1675 3081 1781 3172 sacto,
1802 3079 2031 3152 vellocissime

610 3204 778 3297 impetum
801 3202 838 3272 in
857 3222 916 3274 eos
935 3202 1099 3272 iecerunt.
1121 3202 1308 3294 Imperator
1327 3221 1409 3273 vero
1429 3209 1464 3273 et
1483 3223 1603 3273 omnes
1629 3202 1687 3272 alii
1707 3201 1752 3273 de
1774 3204 1930 3274 exercitu
1955 3206 2031 3294 ejus

609 3326 769 3400 videntes
790 3325 888 3420 qnod
912 3325 1070 3397 resistere
1098 3345 1167 3396 non
1189 3333 1348 3420 possent,
1370 3334 1466 3418 terga
1493 3334 1665 3396 vertentes
1691 3324 1810 3418 lugam
1836 3327 2027 3420 petierunt;

610 3472 697 3546 quos
715 3449 992 3524 Mediolanenses
1016 3449 1093 3542 plus
1110 3449 1143 3518 X
1160 3447 1328 3518 milliariis
1345 3468 1407 3542 per
1428 3447 1527 3518 villas
1548 3457 1583 3520 et
1602 3469 1741 3542 campos
1759 3459 1795 3520 et
1814 3469 1955 3522 nemora
1976 3449 2030 3520 in·

610 3585 795 3668 sequentes
816 3573 941 3669 partim
967 3593 1052 3645 vero
1066 3569 1190 3666 'gladio
1208 3572 1453 3644 interfecerunt
1479 3580 1514 3644 et
1543 3572 1668 3665 partim
1695 3571 1896 3644 vulneratos
1918 3581 1954 3644 et
1977 3595 2031 3646 se-

610 3698 761 3770 mivivos
785 3697 823 3768 in
848 3717 970 3792 campo
995 3695 1253 3789 relinquerunt,
1276 3705 1513 3790 ceperuntque
1532 3717 1578 3768 ex
1595 3696 1646 3767 eis
1670 3706 1781 3768 tantos
1808 3696 1896 3768 inter
1922 3697 2030 3768 Theo·

610 3823 761 3911 tonioos,
796 3820 1005 3914 Papieuses,
1037 3818 1266 3891 Novanienscs
1295 3827 1330 3889 et
1359 3817 1547 3890 Comenses
1581 3817 1679 3912 qnod
1706 3839 1826 3891 omnes
1868 3817 2029 3892 obscides

609 3967 729 4018 eorum
744 3964 834 4039 quos
856 3943 1038 4038 imperator
1057 3943 1093 4014 in
1112 3943 1219 4037 Papia
1233 3951 1269 4014 et
1283 3941 1403 4014 Lauda
1419 3941 1482 4014 din
1504 3951 1696 4015 carceratos
1717 3941 1857 4014 tenebat
1880 3963 2028 4036 recupe-

609 4077 792 4158 raverunt,
825 4065 1023 4162 superando
1052 4067 1102 4138 eis
1130 4067 1210 4160 plus
1239 4065 1303 4138 MD
1341 4085 1431 4158 quos
1459 4063 1734 4139 Mediolanenses
1760 4067 1796 4137 in
1830 4066 2028 4139 carceribus

608 4191 834 4264 recluserunt.
845 4190 999 4262 Castrum
1014 4210 1097 4261 vero
1111 4188 1255 4260 Carcani
1271 4187 1410 4283 penitus
1419 4177 1675 4282 relinquerunt,
1691 4187 1875 4283 quiaillud
1888 4199 2029 4284 propter

609 4313 697 4386 illud
719 4316 847 4386 lactum
876 4311 1112 4407 impedimenti
1141 4312 1268 4385 habere
1293 4333 1363 4382 non
1389 4320 1560 4406 poterant.
1584 4313 1623 4382 lu
1646 4333 1689 4383 eo
1710 4311 1819 4408 prelio
1843 4311 2028 4406 imperator

609 4447 731 4534 captus
757 4447 793 4510 et
808 4445 997 4532 retemptus
1018 4444 1109 4509 esset
1126 4443 1264 4532 propter
1285 4434 1462 4529 quandam
1489 4435 1643 4529 plantam
1673 4434 1777 4508 vinee
1801 4456 1872 4530 que
1892 4435 1943 4508 sic
1966 4456 2027 4507 oe·

651 4729 691 4812 (o)
713 4732 750 4794 ln
763 4731 865 4795 codiee
878 4729 1047 4794 Mediolani.
1062 4735 1097 4796 In
1107 4732 1173 4794 cod.
1190 4731 1347 4793 Pnrlslensl
1360 4727 1466 4791 militer
1478 4725 1647 4793 Mediolani.
