4534 6074
663 645 905 708 CHROMlCOM
929 645 1230 706 assensimus.
1616 645 1658 704 5¹1

237 789 365 862 milites
388 785 434 860 de
456 783 568 856 tribus
593 780 702 876 portis
724 781 913 867 Placentia,
943 779 1075 852 scilicet
1102 791 1199 874 porta
1224 781 1349 852 Sancte
1373 777 1533 872 brigida,
1562 788 1658 875 porta

235 907 507 986 Mediolanensis
534 916 570 978 et
595 914 695 1000 porte
727 903 894 977 Gariverti
920 916 956 976 et
983 906 1136 998 ipsarum
1167 915 1343 1000 portarum
1374 905 1524 998 populus
1554 911 1659 998 atque

236 1035 342 1109 vallis
359 1031 524 1122 Tidonis,
552 1025 657 1102 vallis
676 1029 781 1100 Nuria
797 1038 832 1100 ct
845 1029 968 1101 Travie
987 1038 1022 1100 et
1038 1029 1139 1101 vallis
1156 1030 1245 1100 Tarii
1265 1039 1301 1101 et
1317 1029 1418 1100 vallis
1444 1027 1526 1100 Cani
1547 1028 1660 1120 sagit-

235 1159 316 1233 tarii
339 1158 516 1230 civitatem
535 1153 708 1226 Placentia
726 1152 905 1238 exierunt,
924 1153 959 1222 in
979 1173 1183 1224 succursum
1208 1162 1244 1224 at
1266 1153 1438 1224 auxilium
1468 1151 1659 1223 amicorum

237 1291 437 1356 nostrorum
465 1276 775 1352 Mediolanensium
805 1273 977 1370 proticisci
1002 1287 1244 1370 properantes,
1269 1287 1305 1348 et
1331 1275 1454 1347 eadem
1482 1276 1539 1348 dia
1566 1275 1661 1369 apud

238 1404 395 1478 Laudem
425 1402 515 1473 ultra
547 1398 687 1472 Adnam
717 1399 994 1490 albergaverunt.
1023 1398 1140 1470 Altera
1167 1399 1226 1472 dia
1255 1398 1352 1492 apud
1387 1398 1542 1470 Cremam
1573 1399 1663 1471 ultra

239 1527 376 1600 Serinm
399 1523 561 1620 hospitati
582 1523 733 1594 luerunt.
763 1519 1038 1594 Mediolanenses
1059 1523 1201 1595 veroin
1231 1533 1356 1594 terram
1380 1523 1661 1594 Cremonensium

241 1651 456 1723 intraverant
475 1657 510 1720 ct
535 1667 644 1742 prope
661 1645 933 1737 llumariengum
956 1653 1104 1717 castmm
1127 1617 1293 1718 Cremona
1318 1667 1401 1718 suas
1421 1644 1531 1718 fluere
1549 1646 1663 1718 alber-

240 1775 376 1870 garias,
398 1785 434 1847 et
449 1795 492 1847 ea
516 1773 576 1846 dia
593 1779 743 1844 castmm
759 1769 888 1842 Trivuli
912 1793 975 1865 per
998 1771 1070 1844 vim
1096 1783 1263 1867 ceperunt
1285 1781 1321 1845 et
1342 1770 1606 1860 destruxerunt3
1627 1773 1663 1843 in

240 1915 314 1989 quo
330 1895 423 1967 circa
438 1894 498 1966 LX
511 1892 671 1966 homines
686 1889 884 1962 babuerunt
899 1911 987 1984 quos
1000 1891 1111 1962 victos
1125 1901 1160 1963 et
1172 1891 1402 1964 incarceratos
1415 1912 1534 1964 secum
1551 1892 1664 1964 duxe-

242 2026 336 2089 runt.
365 2017 430 2088 Die
455 2035 540 2088 vero
564 2014 657 2106 jovis
681 2013 842 2106 sequenti
873 2013 1060 2086 Placentini
1090 2023 1125 2086 et
1157 2013 1431 2088 Mediolanenses
1462 2015 1603 2088 insimul
1628 2037 1666 2088 sc

242 2139 479 2214 coadunantes
504 2136 602 2232 apud
628 2134 864 2210 Zovencldnm
890 2145 1040 2210 castrum
1062 2139 1227 2211 Cremona
1249 2139 1479 2210 castrametati
1505 2140 1661 2226 luerunt,

242 2272 278 2336 et
292 2285 335 2336 aa
353 2262 412 2336 die
429 2261 540 2357 ipsius
555 2259 622 2332 loci
643 2260 794 2354 burgum
813 2260 976 2351 majoram
998 2271 1034 2333 et
1049 2262 1223 2334 meliorem
1250 2261 1452 2334 Pontsnurii
1478 2273 1661 2356 ceperunt,

244 2384 495 2460 destruxerunt
516 2391 552 2456 et
575 2381 839 2472 combusarunt;
868 2383 991 2456 vineas
1012 2403 1153 2477 quoque
1177 2384 1317 2456 arbores
1342 2394 1376 2456 et
1401 2385 1487 2458 alias
1513 2408 1568 2458 res
1595 2408 1666 2480 que

242 2518 342 2582 arant
360 2510 454 2582 circa
468 2509 585 2602 ipsum
600 2507 716 2579 locum
731 2505 932 2601 depopulati
948 2508 1101 2578 luerunt.

291 2633 495 2706 Dicentem
515 2630 653 2704 venene
675 2629 853 2724 sequenti,
880 2629 1002 2702 castris
1027 2629 1142 2704 eidem
1166 2631 1242 2702 loco
1265 2629 1513 2720 existentibus,
1542 2630 1667 2705 milites

242 2755 432 2830 Mediolani
460 2763 495 2828 et
517 2753 689 2826 Placentia
718 2773 801 2824 cum
829 2773 948 2824 eornm
977 2753 1164 2848 sagittariis
1193 2763 1228 2826 ct
1252 2753 1450 2827 marchione
1477 2755 1667 2851 Malaspine

242 2880 511 2974 equitaverunt3
537 2878 652 2949 locurn
677 2875 820 2950 Sorisini
847 2889 882 2949 et
904 2886 1055 2950 castrum
1081 2877 1231 2950 Grutorti
1258 2887 1294 2950 et
1321 2878 1473 2972 burgum
1495 2879 1541 2952 da
1562 2879 1667 2954 Cala-

243 3012 378 3076 morato
394 3013 430 3076 ct
448 3003 562 3076 locum
581 3000 682 3074 Anne
706 3010 873 3096 ceperunt
892 3011 927 3073 et
950 3002 1210 3085 combusarunt;
1232 3003 1353 3076 vincas
1376 3023 1518 3097 quoque
1540 3007 1668 3078 multas

243 3125 336 3198 circa
358 3127 473 3198 locum
494 3125 659 3215 Sorisini,
680 3124 821 3196 arborea
842 3134 877 3198 et
893 3125 979 3198 alias
992 3147 1050 3203 res
1074 3125 1272 3198 inciderunt
1295 3137 1329 3198 ct
1351 3135 1590 3201 vastaverunt.

292 3253 357 3324 Die
384 3251 520 3324 sabbati
546 3251 658 3346 primo
678 3249 808 3322 mensis
821 3249 918 3341 julii,
939 3269 1003 3322 sua
1031 3235 1189 3322 similiter
1210 3261 1393 3323 moverunt
1420 3262 1548 3344 castra;
1575 3255 1667 3328 circa

243 3387 395 3450 castrum
428 3373 593 3447 Alzanalli
622 3393 686 3446 sua
715 3381 904 3466 posuerunt
932 3382 1060 3462 castra,
1092 3371 1189 3465 quod
1221 3381 1371 3444 castrum
1401 3372 1559 3467 undique
1594 3388 1668 3450 erat

242 3509 435 3572 muratum.
462 3496 553 3572 lllud
580 3495 723 3592 quidem
745 3491 752 3591 Ι
773 3494 956 3568 diruerunt
980 3503 1015 3566 et
1045 3495 1185 3588 penitus
1213 3494 1482 3588 destruxerunt,
1516 3499 1666 3594 burgum
1721 3533 1751 3566 ο.
1794 3531 1868 3566 veno.

243 3643 388 3717 quoquc
411 3642 578 3714 magnum
604 3617 703 3713 qnod
733 3621 823 3690 circa
849 3616 937 3690 illud
965 3627 1116 3690 castrum
1143 3626 1217 3690 crat
1239 3619 1320 3712 igne
1345 3633 1604 3710 cremaverunt,
1633 3635 1668 3698 et

242 3765 285 3820 aa
320 3745 379 3820 die
402 3753 552 3818 castrum
582 3751 618 3814 ct
647 3742 797 3834 burgum
825 3738 871 3814 de
898 3741 1078 3814 Platabixa
1110 3741 1267 3816 similiter
1303 3742 1485 3816 diruerunt
1515 3757 1550 3818 at
1582 3745 1666 3822 des-

244 3877 445 3959 truxerunt,
465 3875 501 3940 et
515 3867 656 3940 arbores
673 3875 708 3938 et
724 3865 845 3941 uncas
860 3875 895 3938 et
910 3865 997 3938 alias
1014 3886 1069 3938 rea
1086 3864 1293 3938 inciderunt.

292 3991 359 4064 Die
382 3989 557 4064 dominico
582 3987 739 4062 secundo
762 3987 920 4080 ejusdam
943 3989 1072 4060 mansis
1091 3987 1191 4080 julii,
1216 3989 1336 4062 castris
1357 3989 1485 4064 ibidem
1510 3993 1663 4068 existen·

243 4116 353 4206 tibus,
369 4113 495 4186 milites
510 4110 700 4186 Mediolani
720 4121 757 4186 et
773 4110 945 4184 Placentia
960 4133 1040 4184 cum
1062 4133 1182 4186 eorum
1201 4112 1387 4206 sagittariis
1408 4123 1443 4186 et
1467 4115 1526 4186 alii
1543 4137 1663 4192 omnes

244 4239 363 4334 quiin
381 4259 502 4310 eornm
520 4245 691 4310 uenerant
714 4236 887 4310 auxilium
910 4237 1032 4310 armati
1049 4247 1084 4310 et
1107 4237 1264 4310 asolerati
1289 4237 1337 4312 ad
1354 4239 1466 4312 casale
1490 4241 1662 4314 Butanum

245 4382 428 4457 paraxere,
440 4359 486 4433 ad
503 4360 635 4454 quem(
658 4359 666 4375 ‘
682 4357 695 4452 )
709 4357 955 4432 Cremonenses
969 4361 1041 4451 Jam
1056 4370 1275 4434 accesserant
1289 4371 1323 4434 et
1338 4363 1468 4436 vexilla
1481 4384 1586 4458 super
1599 4387 1662 4440 ar·

246 4485 391 4558 boribus
404 4491 588 4580 posuerant
602 4509 612 4554 ε
624 4483 716 4578 quia
731 4481 871 4556 civitate
885 4481 1049 4556 Cremona
1065 4505 1128 4578 per
1139 4483 1294 4578 quinque
1307 4483 1414 4558 distat
1424 4486 1661 4575 miliariaoui

245 4609 405 4682 inimicos
430 4606 589 4680 ridentes
615 4605 707 4680 illico
732 4605 777 4680 ab
811 4606 886 4700 ipsc
919 4607 1064 4702 turpiter
1090 4617 1306 4680 recesserunt
1331 4609 1418 4700 loco,
1445 4631 1552 4703 quem
1577 4613 1662 4708 ipsis

245 4731 450 4804 videntibus
466 4727 715 4803 conbuserunt
739 4737 774 4804 ot
792 4729 1056 4822 destruxerunt3
1077 4740 1112 4806 ct
1128 4751 1170 4806 ea
1188 4730 1246 4806 dia
1271 4731 1438 4806 Zinonum
1461 4743 1593 4808 curtern
1617 4736 1662 4814 dc

1482 4865 1500 4917 a
