4554 6080
607 634 668 694 302
1088 634 1329 696 cauoutcotl
1354 635 1407 694 ltlt
1431 635 1560 696 llEbllS

655 766 787 842 Eodem
813 776 969 862 tempore
990 768 1143 842 vicarius
1170 769 1302 844 domini
1328 770 1445 844 Karoli
1469 791 1533 866 pro
1548 771 1623 866 ipso
1640 768 1783 844 dominc
1799 773 1926 848 Karolo
1947 777 2026 848 exi-

606 902 702 964 stens
715 891 752 963 in
770 889 859 962 Alba
878 890 1060 984 requisivit
1074 913 1258 966 commane
1275 891 1358 966 Aste
1376 901 1415 966 ut
1430 894 1499 966 sibi
1517 892 1718 967 fidelitatem
1729 897 1887 988 jurarent
1905 921 1915 968 r
1933 900 2027 994 quod

605 1016 673 1112 ipsi
682 1015 846 1088 astenses
861 1015 957 1086 nullo
973 1014 1079 1088 modo
1093 1017 1207 1088 tacere
1221 1018 1417 1110 voluerunt,
1432 1026 1467 1090 et
1479 1018 1532 1090 sic
1545 1017 1611 1113 ipsi
1629 1017 1779 1092 diffidati
1792 1031 1876 1094 sunt
1893 1023 1939 1096 ab
1952 1025 2026 1119 ipso

605 1140 737 1213 vicario
754 1148 789 1212 et
806 1161 932 1232 guerra
953 1139 1119 1234 incipitur
1136 1140 1224 1214 iuter
1241 1161 1321 1232 eos3
1337 1149 1372 1214 et
1387 1161 1572 1216 commune
1584 1141 1692 1237 Papia
1708 1145 1829 1218 statuit
1845 1167 2026 1222 commune

605 1262 690 1336 Asta
702 1264 747 1336 ab
762 1263 837 1359 ipsa
849 1285 975 1356 guerra
987 1263 1159 1356 adjuvare
1171 1275 1207 1338 et
1220 1277 1445 1342 manutenere
1455 1265 1617 1340 Astcnses
1629 1267 1719 1342 sicut
1729 1269 1884 1344 bonoset
1898 1280 2028 1346 veteres

607 1389 755 1480 amicos,
776 1388 856 1461 licet
874 1387 1070 1483 displiceret
1086 1389 1247 1484 pluribus
1265 1389 1310 1464 de
1325 1391 1444 1486 Papia.

653 1513 738 1584 Cum
757 1513 946 1586 Placentini
962 1513 1138 1586 intrinseci
1157 1536 1236 1586 cum
1255 1516 1412 1588 exercitu
1430 1523 1465 1590 et
1487 1515 1663 1611 aliquibus
1676 1517 1844 1590 militibus
1859 1519 1979 1592 Parme
1994 1529 2029 1593 et

607 1638 733 1735 partim
753 1659 833 1710 cnm
852 1637 902 1710 CC
927 1637 1095 1710 militibus
1113 1637 1299 1711 Mediolani
1324 1640 1498 1716 stetissent
1513 1661 1576 1735 per
1591 1640 1735 1731 longum
1753 1651 1891 1737 tempus
1908 1644 1945 1714 iu
1962 1643 2028 1717 ob-

607 1763 796 1836 soidicione
811 1761 927 1834 Rocbe
949 1761 995 1834 de
1013 1761 1113 1834 Bardi
1130 1784 1200 1857 qua
1222 1762 1406 1836 tenebatur
1427 1785 1491 1859 per
1513 1763 1695 1836 dominum
1717 1765 1879 1838 comitem
1895 1765 2030 1838 Uberti·

608 1913 693 1964 num
707 1889 752 1962 de
768 1885 889 1958 Laudo
906 1894 941 1958 et
957 1894 1089 1980 partem
1102 1887 1334 1960 extrinsecam
1347 1886 1394 1959 de
1409 1887 1605 1976 Placentia,
1625 1886 1847 1960 trabucantes
1864 1889 1923 1961 die
1940 1909 2030 1962 noc-

608 2023 717 2108 tuque
746 2013 859 2107 ipsam
883 2009 1036 2082 llocbam
1065 2033 1145 2082 cum
1174 2011 1234 2082 llll
1263 2010 1441 2084 trabucbis
1471 2020 1507 2084 et
1531 2012 1689 2106 quinque
1712 2011 1759 2086 ad
1783 2014 1900 2086 minus
1927 2013 2030 2088 valde

607 2137 763 2232 magnis,
797 2135 983 2230 preliantes
1012 2133 1122 2207 eciam
1150 2135 1227 2206 illos
1254 2133 1300 2206 de
1328 2135 1444 2208 llocha
1474 2135 1520 2209 de
1547 2136 1665 2208 multis
1694 2136 1859 2210 ballistris
1886 2147 1957 2210 tam
1986 2136 2031 2210 de

608 2273 711 2335 turno
725 2282 830 2356 quam
851 2258 896 2332 de
914 2256 1054 2331 duobus
1067 2257 1218 2352 pedibus
1234 2265 1269 2329 et
1289 2279 1361 2330 uno
1379 2259 1486 2353 pede,
1504 2261 1662 2332 lecerunt
1680 2259 1728 2330 ibi
1747 2259 1783 2330 in
1801 2260 2032 2333 absciditione

607 2387 734 2460 multas
745 2384 868 2457 domos
882 2391 917 2455 et
930 2382 1039 2454 multa
1051 2381 1192 2476 ingania
1200 2380 1247 2454 ad
1260 2381 1460 2454 babendum
1472 2383 1582 2478 ipsam
1596 2382 1748 2456 llocbam
1761 2410 1770 2453 :
1784 2383 1820 2455 in
1837 2406 1908 2478 qna
1919 2385 2030 2457 obsci·

610 2511 747 2584 dicioue
766 2509 857 2603 passi
876 2517 957 2580 sunt
971 2507 1159 2580 Placentini
1178 2505 1354 2578 intrinseci
1372 2508 1480 2580 multa
1506 2507 1660 2603 dampna
1682 2507 1797 2582 avaris
1812 2517 1846 2580 et
1865 2531 2030 2604 persona-

608 2658 705 2727 mm3
722 2633 822 2706 multi
836 2631 1022 2723 vulnerati,
1037 2631 1136 2702 multi
1151 2631 1276 2704 occissi
1291 2631 1336 2704 ab
1350 2632 1436 2726 ipsis
1452 2631 1638 2706 dellocba.
1652 2632 1787 2704 Etcum
1800 2630 2033 2706 Armanusde

609 2760 791 2832 Albuzano
807 2757 853 2829 de
866 2755 983 2828 Castro
992 2755 1146 2850 Arquato
1158 2755 1220 2848 qui
1233 2765 1307 2828 erat
1320 2755 1356 2828 in
1373 2756 1448 2851 ipsa
1456 2755 1574 2830 lloclra
1588 2755 1634 2828 de
1648 2756 1802 2828 sectariis
1815 2754 1890 2851 (sic)
1900 2757 2032 2829 victua·

608 2885 695 2956 lium
719 2891 858 2978 propter
875 2879 1051 2974 quendam
1067 2881 1143 2973 ejus
1162 2878 1273 2952 lilium
1295 2880 1356 2974 qui
1375 2880 1424 2952 ibi
1440 2889 1597 2953 mortuus
1621 2881 1687 2954 luit
1703 2879 1749 2954 de
1772 2880 1891 2976 lapide
1909 2881 2033 2954 trabu-

610 3025 748 3094 corum,
773 3010 922 3074 tactusa
945 2999 1084 3073 diabolo
1098 2999 1211 3072 exivit
1228 2998 1274 3071 de
1285 2999 1402 3074 llocba
1421 3009 1456 3073 et
1468 3000 1531 3072 ivit
1547 2999 1594 3074 ad
1608 3009 1816 3098 potestatam
1832 3009 1868 3073 et
1881 3002 2033 3074 narravit

610 3129 676 3202 sibi
695 3135 730 3200 et
744 3125 958 3222 sapientibus
972 3125 1047 3198 suis
1058 3144 1180 3196 omnes
1192 3122 1415 3196 condiciones
1433 3123 1549 3198 llocbe
1564 3135 1600 3197 et
1617 3125 1754 3198 illorum
1768 3127 1832 3220 qui
1845 3127 1894 3196 ibi
1912 3135 2030 3218 crant;

611 3252 759 3326 dicendo
772 3251 932 3346 potestati
956 3247 1054 3344 quod
1070 3270 1139 3322 non
1158 3257 1256 3322 erant
1274 3247 1309 3318 in
1326 3247 1443 3320 llocba
1464 3247 1510 3320 de
1523 3248 1734 3322 victualibus
1752 3251 1842 3321 ultra
1860 3251 2034 3344 qninqua-

611 3379 707 3473 ginta
731 3377 805 3448 dies
828 3384 863 3447 et
889 3376 978 3445 mala
1002 3371 1120 3445 omnia
1145 3393 1216 3465 que
1241 3372 1353 3466 potuit
1375 3370 1492 3444 dicere
1514 3371 1666 3467 deipsis
1691 3371 1795 3446 dixit.
1817 3375 1895 3458 Quo
1914 3374 2034 3448 audito

610 3500 801 3576 Placentini
817 3497 994 3570 intrinseci
1011 3497 1073 3590 qui
1091 3496 1255 3570 recedere
1270 3495 1433 3568 volebant
1450 3517 1532 3568 cum
1548 3495 1596 3568 ibi
1615 3495 1721 3570 nicbil
1739 3506 1880 3592 possent
1902 3499 2029 3585 facere,

466 3677 472 3692 ·
515 3655 586 3690 vem·
611 3635 805 3702 statuerunt
819 3622 867 3696 ibi
881 3621 1118 3716 adbucusque
1130 3620 1177 3694 ad
1190 3621 1217 3690 L
1231 3619 1307 3692 dies
1319 3639 1459 3692 manere
1479 3615 1487 3716 Ι
1508 3627 1543 3694 et
1560 3629 1690 3694 santes
1704 3621 1753 3692 ibi
1768 3622 1869 3715 quasi
1885 3622 2032 3717 pervim

612 3760 768 3828 tenentes
784 3747 833 3818 ibi
850 3745 1007 3818 homines
1022 3744 1186 3818 maximis
1205 3743 1373 3836 ingeniis,
1398 3741 1553 3838 quadam
1572 3743 1631 3817 die
1652 3744 1830 3818 dominico
1843 3746 1923 3816 Xlll
1940 3768 2032 3818 man·

612 3877 661 3947 sis
674 3873 827 3946 octubris
843 3870 892 3941 illi
906 3869 952 3942 de
965 3867 1082 3941 llocba
1097 3864 1356 3940 descenderunt
1369 3865 1414 3938 de
1431 3875 1527 3961 petra
1545 3866 1592 3940 ad
1606 3867 1866 3942 defendendum
1880 3869 2031 3962 quedam

613 3997 737 4070 turicia
751 4015 821 4089 que
838 4001 936 4064 crant
953 3990 1138 4064 desubtus
1160 3988 1310 4062 llocbam
1327 3989 1389 4062 ubi
1404 3989 1504 4062 multi
1521 3989 1566 4064 de
1584 3989 1651 4062 illis
1670 3990 1715 4062 de
1728 3990 1845 4064 llocha
1860 3993 2033 4066 vulnerati

613 4124 755 4194 luerunt
770 4127 804 4190 et
820 4117 879 4188 llll
902 4114 1049 4206 mortui,
1066 4113 1196 4188 scilicet
1212 4112 1377 4186 Girardus
1394 4113 1506 4186 Furus
1529 4114 1739 4186 domesticus
1757 4124 1792 4186 et
1809 4115 1985 4188 familiaris
2000 4127 2034 4188 et

614 4244 726 4316 fidelis
750 4241 834 4314 dicti
863 4238 996 4312 domini
1023 4237 1157 4310 comitis
1178 4237 1240 4331 qui
1265 4245 1401 4333 preerat
1428 4237 1650 4310 victualibus.
1676 4238 1742 4310 Pro
1764 4239 1894 4332 quibus
1916 4241 1965 4312 illi
1990 4240 2033 4313 de

613 4368 730 4442 llocba
748 4365 870 4436 timore
888 4361 1057 4459 perterriti
1082 4370 1118 4432 et
1138 4359 1297 4434 videntes
1322 4359 1563 4436 condicionem
1579 4361 1801 4454 victualium,
1821 4363 1901 4436 licet
1921 4362 2035 4436 adbuc

613 4493 704 4565 bene
728 4511 790 4586 per
811 4489 876 4560 XX
898 4486 973 4558 dies
995 4493 1134 4580 possent
1160 4506 1199 4558 se
1221 4494 1357 4576 tenere,
1384 4485 1517 4580 absque
1537 4485 1753 4558 consciencia
1778 4485 1913 4558 comitis
1936 4491 2034 4581 cujus

613 4617 729 4690 llocha
740 4623 813 4688 erat
825 4623 860 4685 et
875 4611 1007 4708 absque
1020 4609 1235 4684 consciencia
1250 4609 1355 4706 partis
1368 4610 1576 4704 pepigerunt
1591 4632 1672 4682 cum
1685 4611 1895 4684 Placentinis
1913 4612 2033 4684 intrin-

532 4703 541 4724 ¹
613 4741 720 4828 sacis,
743 4739 791 4812 ita
817 4735 914 4831 quod
941 4734 1087 4831 quilibet
1111 4734 1267 4829 quierat
1296 4733 1332 4804 in
1356 4732 1474 4806 llocba
1501 4742 1537 4806 et
1566 4743 1682 4829 patres
1704 4742 1740 4806 et
1766 4734 1888 4808 tratres
1913 4757 2031 4808 eornm
