4676 6066
652 661 692 725 38
1074 666 1313 730 ennonttolt
1337 667 1641 733 PLACENTINUM.

654 798 817 874 universa
845 800 944 875 tortia
967 821 1088 876 eorum
1116 803 1265 879 militum
1288 811 1324 878 ot
1350 803 1526 898 peditum,
1547 801 1803 899 sagittariorum
1820 812 1856 876 et
1871 803 2071 880 balesturio·

653 945 749 1015 rum,
771 922 873 996 dietis
890 923 1181 999 Cremonensibus
1201 935 1235 999 et
1252 926 1479 1022 Pupiensibus
1493 935 1527 998 et
1542 925 1706 1000 omuibus
1726 945 1846 1000 eorum
1863 927 1984 1001 amieis
2001 949 2072 1002 vo-

653 1046 805 1121 lentibus
826 1049 939 1144 ipsum
957 1073 1105 1146 puerum
1120 1053 1236 1146 palum
1257 1047 1264 1148 Ι
1285 1049 1415 1124 ducere
1428 1051 1647 1144 Cremonam,
1663 1051 1701 1124 iu
1719 1051 1884 1127 eomitetu
1900 1051 2073 1128 lnudensi

654 1171 698 1245 ad
716 1173 854 1245 Lambri
878 1173 1060 1246 transitum
1085 1175 1142 1248 vel
1169 1174 1251 1248 alibi
1277 1174 1382 1248 tensis
1401 1174 1530 1268 aquilis
1553 1175 1697 1251 viriliter
1713 1174 1871 1248 resistere
1886 1185 1992 1269 atque
2009 1177 2073 1252 iter

654 1317 775 1369 eurum
793 1305 828 1368 et
852 1319 1034 1392 personam
1051 1299 1152 1394 pueri
1174 1299 1374 1372 omnimode
1397 1297 1568 1394 impedire
1592 1307 1857 1395 proposuerunt.
1874 1299 1916 1372 Et
1939 1299 2074 1376 dietum

654 1440 800 1516 puerum
818 1442 881 1516 per
899 1421 971 1494 vim
989 1422 1144 1516 recipere
1166 1439 1269 1517 posse
1287 1419 1345 1518 (a),
1368 1443 1472 1496 suum
1495 1423 1585 1495 iores
1600 1429 1784 1496 extraxere
1801 1422 1992 1515 oerooium,
2009 1423 2073 1498 sed

655 1566 725 1638 que
740 1545 857 1618 vorbis
874 1543 1059 1636 dixerunt,
1082 1547 1180 1618 lauda
1198 1545 1383 1620 observare
1396 1545 1592 1618 noluerunt.
1609 1543 1674 1618 Die
1688 1553 1804 1618 nutem
1817 1546 1954 1620 subbati
1969 1547 2073 1622 Viru-

656 1667 778 1742 lendas
796 1669 935 1763 augusti
958 1668 1025 1766 (l),
1043 1690 1119 1742 seru
1136 1669 1359 1761 adveniente,
1378 1668 1563 1762 Pupienses
1587 1666 1633 1740 ad
1656 1689 1782 1742 sonum
1808 1689 1977 1766 campane
1993 1689 2074 1746 oum

656 1812 765 1886 puero
780 1791 917 1864 Scioilie
931 1813 1014 1887 rege
1031 1793 1192 1866 exierunt
1206 1792 1380 1866 civitatem
1399 1812 1461 1885 per
1477 1799 1583 1864 totam
1599 1791 1794 1886 equitantes
1811 1802 1960 1866 noctem.
1987 1791 2074 1866 Cne-

656 1935 839 1988 monenses
863 1937 948 1988 vero
971 1933 1012 1990 ea
1030 1915 1089 1990 die
1106 1925 1142 1988 et
1159 1916 1243 1988 bora
1261 1937 1341 1987 oum
1359 1913 1557 1988 marubioua
1574 1914 1620 1988 de
1637 1917 1741 1988 Hosto
1756 1924 1792 1990 et
1809 1937 1930 1988 eorum
1947 1937 2074 2010 sequu-

657 2037 757 2110 uibus
784 2038 968 2135 privatim,
994 2039 1083 2112 siout
1105 2060 1185 2112 oum
1203 2038 1431 2134 Pupiensibus
1448 2047 1656 2129 statuerant,
1672 2039 1873 2112 Cremonam
1890 2038 2073 2129 exierunt;

656 2160 779 2236 eudem
796 2171 897 2236 uoote
915 2183 1027 2257 usque
1050 2162 1097 2237 ad
1122 2162 1260 2236 Lambri
1284 2163 1465 2236 transitum
1487 2182 1683 2258 perrexere.
1710 2162 1775 2234 Die
1796 2183 1939 2257 quoque
1964 2160 2075 2236 domi-

657 2285 736 2362 nien
750 2286 911 2358 veniente
931 2307 1033 2360 mune
1054 2285 1185 2358 dictum
1200 2305 1349 2380 puerum
1365 2297 1579 2381 reoeperunt.
1595 2285 1639 2358 Εἰ
1656 2285 1741 2360 dum
1760 2287 1826 2360 hoo
1851 2285 1969 2360 omnia
1986 2287 2074 2360 olam

657 2419 857 2504 agerentur,
872 2409 1041 2482 Dominus
1054 2417 1168 2482 noster
1184 2408 1307 2482 Jhesus
1323 2409 1494 2499 Christus,
1512 2411 1602 2482 ultor
1620 2411 1775 2484 omnium
1793 2409 1982 2499 malorum,
1998 2412 2074 2501 ius·

657 2535 767 2608 titiam
793 2534 1013 2608 strationem
1039 2533 1228 2628 unicuique
1255 2533 1430 2609 dominica
1454 2555 1561 2608 manu
1589 2543 1727 2623 teneus,
1754 2533 1875 2606 voleus
1904 2532 2077 2606 mirabilia

659 2681 724 2732 sua
741 2677 846 2752 super
860 2666 930 2730 tam
942 2657 1093 2751 pessimo
1107 2658 1197 2730 laeto
1211 2667 1246 2729 et
1263 2656 1397 2730 erudeli
1412 2664 1627 2730 sacramento
1644 2654 1807 2729 omuibus
1824 2662 2073 2750 pernotesoero,

659 2781 787 2856 oceidit
805 2779 928 2854 divina
950 2779 1186 2854 misericordia
1211 2781 1353 2854 fortuitu
1367 2777 1445 2875 (rio)
1459 2789 1494 2854 et
1511 2779 1714 2876 inopinabili
1730 2799 1812 2852 cusu
1833 2777 1931 2872 quod
1945 2777 2077 2854 Medio·

660 2905 820 2978 lunenses
845 2904 1003 3000 prodicta
1028 2904 1087 2978 die
1110 2903 1245 2978 subbati
1269 2913 1369 2978 noete
1384 2904 1682 3000 appropinquante
1697 2902 1872 2977 oivitetem
1891 2901 2077 2980 Mediolani

660 3029 838 3122 exierunt,
857 3028 903 3102 nd
922 3038 1036 3124 partos
1053 3028 1115 3101 nbi
1128 3029 1313 3124 Pupienses
1337 3027 1482 3102 aderant
1496 3024 1713 3100 amedeutee.
1731 3025 1795 3098 Die
1817 3024 1989 3099 dominica
2013 3045 2078 3098 ve-

661 3155 778 3226 niente
795 3153 861 3248 ipsi
884 3152 1160 3227 Mediolanenses
1178 3161 1296 3226 eontra
1313 3151 1535 3247 papiensium
1554 3150 1745 3223 exereitum
1761 3147 1961 3239 venientes,
1981 3166 2076 3219 noer·

660 3278 747 3351 rimo
765 3279 897 3374 impetu
913 3285 948 3350 et
961 3298 1088 3371 magno
1104 3277 1252 3349 elamore
1269 3275 1436 3348 insultum
1451 3295 1556 3368 super
1572 3295 1632 3348 eos
1654 3275 1822 3364 iecerunt,
1837 3279 1872 3344 et
1886 3269 2013 3364 ¹aquilis
2031 3269 2078 3345 ab

659 3389 805 3496 utrnq‘ue
822 3408 920 3498 parte
945 3399 1124 3472 oommotis
1139 3398 1286 3494 prelium
1303 3398 1467 3494 incipitur
1493 3407 1528 3470 et
1555 3395 1689 3472 beMiois
1718 3417 1780 3493 per
1806 3402 1922 3492 partes
1945 3413 2077 3466 sonuu-

659 3527 753 3600 tibus
770 3527 862 3599 tubis
878 3526 923 3598 ab
941 3525 1096 3620 utrisque
1108 3529 1270 3608 uertatur,
1285 3521 1575 3618 Cremonensibus
1587 3529 1623 3594 et
1636 3541 1757 3595 eorum
1773 3519 1895 3592 amieis
1913 3516 2077 3592 omnibus

659 3651 860 3726 videntibus
885 3661 920 3723 et
936 3670 1007 3723 non
1026 3648 1236 3723 distantibus
1251 3670 1314 3744 per
1330 3647 1401 3721 duo
1420 3646 1580 3719 miliaria.
1594 3643 1761 3720 videntes
1786 3651 1904 3719 autom
1929 3641 2077 3736 Pupien-

659 3797 714 3850 ses
744 3797 783 3848 se
811 3775 847 3846 in
877 3773 987 3869 prelio
1013 3771 1161 3846 delicere
1186 3793 1229 3844 ae
1257 3771 1439 3846 fortissima
1472 3771 1540 3844 tela
1566 3768 1788 3842 inimioomm
1816 3767 1907 3840 terre
1934 3764 2079 3840 minime

659 3921 779 3998 posse,
807 3908 904 3992 terga
933 3907 1122 3989 vertentes,
1138 3897 1260 3992 spoliis
1288 3905 1323 3969 at
1348 3895 1449 3989 equis
1471 3893 1614 3982 ablatis,
1636 3893 1756 3984 iugum
1773 3891 1961 3987 petierunt.
1981 3888 2078 3973 Quos

659 4022 930 4096 Mediolanenses
956 4019 1103 4093 insecuti
1120 4017 1264 4091 viriliter
1278 4017 1428 4114 amplius
1443 4017 1537 4090 mille
1554 4015 1600 4090 de
1618 4015 1807 4109 majoribus
1824 4023 1860 4086 et
1875 4009 2077 4085 melioribus

659 4145 765 4241 Papio
778 4154 960 4241 oeperunt,
982 4153 1018 4218 et
1039 4141 1275 4216 Mediolanum
1301 4143 1377 4216 illos
1392 4141 1502 4215 victos
1519 4137 1686 4214 ducentes
1704 4137 1740 4210 iu
1762 4158 1899 4210 carcere
1916 4133 2075 4208 recluse-

659 4279 757 4360 runt,
777 4270 916 4342 nemine
930 4267 1103 4342 evadente
1116 4273 1228 4362 preter
1246 4265 1323 4338 illos
1340 4265 1401 4359 qui
1424 4261 1461 4336 in
1487 4263 1702 4354 nemoribus,
1720 4259 1910 4358 paludibus
1924 4265 1959 4332 et
1974 4255 2077 4355 aquis

700 4469 744 4551 (a)
763 4469 810 4530 lbt
823 4467 970 4548 maedam
982 4466 1200 4542 desiderentur,
1212 4465 1314 4528 forsan
1326 4462 1450 4526 &tuter
1462 4464 1510 4526 vel
1523 4463 1705 4545 hujusmodl.

1521 4647 2070 4670 ...u-..unffi

694 4791 731 4861 (t)
749 4789 787 4847 Le
801 4787 905 4846 samedi
920 4789 955 4846 et
970 4785 1071 4862 juillet,
1084 4786 1148 4844 deta
1158 4789 1265 4842 meum.
