4594 6066
633 569 691 631 192
1111 565 1353 630 cttttotttcott
1378 567 1432 630 DE
1454 567 1580 630 nunus

630 705 733 794 culis,
755 701 911 794 injuriis,
931 698 1093 796 dampnis
1116 712 1151 774 et
1167 703 1308 776 offensis
1324 712 1406 776 ente
1428 712 1463 776 et
1487 712 1565 799 post
1581 704 1953 778 excommunicationis
1970 727 2045 780 sen·

629 828 771 902 tentIam
785 825 939 898 eeclesiis
952 835 988 898 et
998 825 1238 900 ecclesiasticis
1253 827 1411 922 personis
1428 828 1542 919 illatis,
1553 847 1614 921 pro
1627 827 1757 924 quibus
1768 850 1830 922 per
1842 826 2047 924 GregcrIum

629 952 712 1024 olim
732 971 907 1022 summum
933 947 1130 1044 pontIficem
1155 959 1273 1024 contra
1297 971 1361 1024 nos
1385 951 1462 1045 ipsa
1481 951 2047 1028 excommunicationisseutoncia

630 1077 784 1148 noscitur
809 1074 916 1146 sulsse
939 1073 1086 1168 prolata3
1113 1082 1227 1147 ratum
1248 1084 1284 1146 et
1307 1073 1445 1147 firmum
1465 1073 1632 1148 habentes
1655 1073 1829 1170 quicquid
1852 1099 1959 1172 snper
1982 1078 2047 1152 hoc

629 1195 775 1292 predicti
791 1195 910 1270 fideles
920 1196 1035 1282 ‚nostri
1048 1197 1214 1270 duxerint
1231 1197 1442 1270 iaciendum.
1458 1197 1515 1270 Ad
1530 1199 1630 1290 cujus
1646 1197 1696 1272 rei
1711 1201 1911 1273 memoriam
1928 1211 1963 1273 et
1981 1201 2047 1275 de-

629 1321 739 1393 bitam
762 1320 955 1392 firmitatem
974 1341 1116 1415 presens
1133 1321 1298 1416 scriptum
1314 1343 1421 1396 aurea
1437 1319 1488 1420 (a)
1510 1322 1605 1394 bulla
1628 1331 1743 1395 nostre
1759 1325 1896 1419 typario
1923 1327 2048 1418 majes-

630 1445 710 1518 tatis
728 1445 893 1540 impresse
907 1445 1076 1536 jussimus
1098 1444 1144 1540 (b)
1162 1445 1380 1518 communiri.
1406 1447 1532 1518 Datum
1556 1445 1653 1542 apud
1683 1443 2044 1542 Aquampendeutem,

629 1569 770 1642 XXVIII
787 1567 917 1640 marcii.
937 1592 975 1636 ι.
1098 1627 1100 1632 .

636 1750 640 1760 .
679 1695 747 1782 Qui
762 1715 876 1766 comes
891 1700 926 1765 et
943 1693 1107 1786 magister
1119 1692 1241 1766 Petrus
1264 1691 1309 1766 de
1326 1694 1445 1766 Vincis
1462 1701 1498 1765 et
1510 1691 1672 1767 Taddeus
1693 1693 1740 1768 de
1757 1695 1866 1769 Suesa
1882 1695 1942 1769 die
1955 1697 2048 1789 jovis

633 1839 703 1914 que
716 1817 843 1890 dicitur
859 1823 976 1888 sancta
994 1815 1031 1886 in
1053 1816 1206 1888 Romana
1222 1815 1310 1887 urbe
1328 1835 1391 1910 pro
1410 1814 1551 1890 domino
1571 1815 1776 1912 imperatore
1793 1821 1861 1890 isto
1879 1827 1998 1891 tenore
2013 1829 2049 1890 et

630 1939 735 2013 modo
745 1942 951 2031 juraverunt
967 1937 1154 2010 observare
1169 1937 1332 2011 mandata
1348 1937 1482 2011 domiui
1497 1959 1587 2035 pape
1598 1949 1633 2010 et
1648 1939 1812 2012 Ecclesie.
1833 1939 1966 2014 Deinde
1982 1941 2047 2012 im·

630 2071 766 2158 perator
791 2061 923 2135 dimisit
947 2082 1067 2132 omnes
1091 2070 1281 2132 carceratos
1305 2061 1412 2134 Rome
1435 2081 1524 2154 quoe
1550 2061 1701 2132 tenebat.
1721 2059 1855 2132 Interea
1877 2061 1915 2131 in
1939 2063 2048 2133 Lom-

629 2185 751 2258 bardia
771 2186 878 2258 fames
895 2183 1025 2258 vallida
1041 2193 1133 2275 erat,
1153 2184 1202 2254 ita
1218 2183 1315 2277 quod
1330 2183 1429 2256 multi
1453 2181 1649 2257 venderent
1672 2184 1863 2256 sextarium
1884 2183 2047 2258 frumeuti

628 2308 695 2382 XX
708 2307 865 2380 soldariis
878 2307 1091 2402 placentinis.

679 2433 726 2524 II.
745 2431 806 2504 CC.
825 2431 962 2521 XLIIII‚
987 2427 1177 2501 indictione
1203 2425 1374 2518 secunda,
1398 2425 1455 2500 die
1476 2427 1594 2498 martis
1620 2427 1681 2500 Vll
1705 2428 1832 2500 mensis
1853 2428 1966 2519 junii,
1984 2449 2047 2500 rex

629 2555 782 2628 Hencius
808 2575 888 2626 enm
915 2552 1114 2624 marchione
1127 2551 1263 2625 ¹Lancia
1290 2560 1326 2623 et
1344 2551 1477 2623 milido
1501 2551 1686 2641 Cremone,
1712 2549 1880 2624 militibus
1907 2573 2048 2646 quoque

629 2679 751 2752 Parme
770 2685 805 2750 et
822 2676 919 2770 Regii
937 2685 1042 2770 atque
1059 2675 1228 2748 militibus
1248 2675 1464 2748 Theotonicis
1481 2672 1609 2771 ApuIIe
1629 2697 1741 2770 usque
1763 2676 1799 2748 in
1821 2676 2048 2770 quantitatem

630 2802 694 2876 tria
712 2802 747 2874 M
758 2801 906 2872 militum
921 2821 1001 2872 eum
1015 2799 1152 2872 modico
1167 2799 1296 2894 populo
1309 2797 1474 2872 Cremoue
1492 2808 1597 2893 atque
1611 2799 1746 2873 carocio
1760 2799 1796 2870 in
1811 2801 2047 2895 episcopatum

630 2925 800 2998 Placentie
814 2923 967 2996 iutmivit
981 2931 1016 2996 et
1032 2931 1145 2997 castra
1162 2944 1227 2995 sua
1239 2922 1356 3017 posuit
1370 2923 1406 2994 in
1425 2923 1595 2996 territorio
1610 2923 1803 2996 Florenzole
1815 2921 2044 2996 devastando.

630 3051 673 3124 Et
693 3048 777 3123 inde
796 3055 910 3121 motus
933 3047 970 3119 in
994 3047 1152 3143 partibus
1176 3047 1291 3120 Sancti
1309 3046 1471 3134 Protesii,
1496 3044 1628 3120 deinde
1651 3057 1737 3142 aput
1764 3046 1964 3120 Padernam
1983 3069 2048 3120 sua

532 3197 603 3232 verso·
630 3183 742 3247 castra
760 3172 886 3268 posuit.
911 3167 918 3268 Ι
939 3172 1072 3244 Interea
1089 3171 1274 3264 Gregorius
1292 3168 1337 3243 de
1350 3171 1570 3264 Moutelougo
1582 3171 1716 3264 legatus
1731 3179 1767 3242 et
1780 3171 1935 3243 marchio
1950 3171 2047 3244 Mon·

630 3297 766 3370 tiderati
783 3319 864 3368 cum
885 3295 1013 3368 milicia
1028 3293 1234 3384 MedIolani‚
1256 3293 1423 3366 militibus
1440 3314 1582 3387 quoqne
1601 3293 1831 3366 vercellarum
1846 3303 1882 3366 et
1897 3295 2048 3370 Novaria

631 3423 668 3494 iu
686 3421 860 3494 civitatem
876 3419 1049 3492 Placentia
1066 3427 1298 3491 accesserunt.
1319 3416 1390 3490 Sed
1405 3439 1484 3489 cum
1503 3419 1589 3490 toret
1610 3418 1647 3488 in
1664 3417 1748 3490 bora
1764 3415 1921 3490 merIdIei
1945 3439 2046 3514 cepe·

631 3555 712 3618 runt
731 3545 910 3638 albergam
933 3545 970 3615 iu
995 3543 1147 3615 civitate.
1171 3541 1360 3614 Placentini
1376 3549 1491 3613 autem
1515 3563 1596 3612 cum
1612 3541 1664 3613 CL
1682 3541 1846 3614 ballistris
1869 3542 1981 3614 Inuus
2002 3543 2047 3616 ad

631 3671 746 3744 locum
756 3669 874 3742 Pontis
884 3667 983 3740 Nurii
994 3676 1224 3756 accesserunt,
1236 3663 1367 3738 deinde
1378 3685 1440 3738 rex
1454 3685 1519 3738 sua
1528 3664 1683 3736 eastreia
1693 3665 2041 3760 Travacianoposuit.

631 3793 734 3880 Quod
760 3814 840 3864 eum
869 3791 1047 3865 audissent
1069 3789 1277 3880 Placentini,
1308 3795 1502 3860 statuerunt
1525 3787 1718 3860 exercitum
1744 3788 1836 3881 regis
1865 3789 2045 3884 persequi,

630 3916 826 4011 equitantes
839 3937 919 3986 oum
939 3912 1255 3986 Mediolanensibus
1275 3919 1310 3985 et
1322 3911 1465 4006 reliquis
1487 3932 1599 4006 usque
1623 3911 1658 3982 in
1680 3920 1792 3984 castra
1812 3911 1857 3984 de
1870 3913 1999 4006 quibus
2011 3931 2048 3985 se

389 4091 391 4098 ι
479 4039 487 4049 “
630 4047 798 4114 moverat.
819 4041 904 4111 Cum
923 4047 1039 4110 autem
1058 4035 1203 4108 vidisset
1222 4037 1357 4129 legatus
1379 4034 1475 4128 quod
1493 4033 1681 4109 Placentini
1703 4034 1750 4109 ad
1775 4035 1905 4109 bellum
1927 4035 2047 4130 cupie-

630 4165 715 4238 bant
733 4162 916 4250 amedee,
937 4161 1030 4233 misit
1045 4182 1128 4234 snos
1144 4160 1291 4233 nuncios
1304 4167 1478 4256 qualenam
1494 4169 1667 4234 revertere
1687 4159 1871 4250 deberent,
1894 4159 2046 4254 alioquin

630 4292 765 4362 nullum
786 4285 1004 4360 subscidium
1026 4285 1078 4358 eis
1100 4294 1285 4382 prestaret3
1310 4305 1381 4380 quo
1398 4282 1517 4358 audito
1536 4283 1726 4358 Placentini
1747 4295 1838 4358 retro
1864 4283 2047 4358 redeuntes

630 4413 750 4487 dolore
765 4433 892 4504 magno
906 4409 1001 4506 apud
1017 4411 1160 4484 Fontem
1172 4409 1346 4505 Frigidam
1361 4418 1603 4506 pervenerunt.
1618 4410 1693 4483 Ilex
1706 4431 1791 4485 vero
1802 4409 1892 4506 oepit
1906 4418 1942 4482 et
1954 4429 2046 4483 com·

672 4574 713 4656 (a)
735 4577 770 4637 Iu
786 4575 886 4638 oodlce
897 4581 1014 4637 aurata

671 4679 713 4762 (b)
732 4683 769 4744 In
782 4682 882 4744 codice
895 4689 994 4745 nostro
1006 4682 1128 4762 imperio
1140 4681 1299 4764 majestatie
1311 4681 1518 4762 impr-mimate.
1661 4711 1664 4716 ·
