4676 6066
598 617 621 678 4
1018 615 1259 679 canonicum
1282 615 1583 681 pescenninum.

647 751 695 824 M.
708 751 745 824 C.
758 751 808 840 X,
829 772 948 825 mense
973 754 1170 846 novembri,
1189 755 1226 826 in
1252 753 1373 847 vigilia
1391 755 1506 825 Sancti
1528 751 1665 828 Andree
1678 751 1744 852 (l),
1764 755 1931 831 Henrious
1946 779 2007 832 mx

596 868 689 946 filius
705 873 843 946 Henrioi
861 875 956 947 venit
971 875 1007 946 iu
1022 877 1187 950 comitatu
1203 875 1376 948 Plaoentie
1392 876 1503 971 prima
1520 877 1612 950 'vioe

646 999 694 1070 M.
703 998 811 1087 C.Xl‚
826 999 862 1070 in
874 999 994 1092 vigilia
1008 1002 1123 1073 Sancti
1134 1000 1264 1073 Ymsrii
1273 998 1319 1096 (l)
1331 1000 1397 1072 fuit
1410 998 1592 1074 diseunfita
1605 999 1651 1074 de
1662 1001 2006 1080 Brexanoronodem

597 1143 689 1196 enno
705 1123 827 1195 ultima
844 1123 1039 1198 ebdomada
1057 1124 1165 1196 madii
1186 1122 1385 1196 laudenses
1401 1125 1494 1220 eapti
1512 1123 1675 1197 suerunt.

645 1245 693 1320 Μ.
711 1243 750 1318 C.
766 1245 857 1317 Xlll.
875 1247 985 1320 Fooue
1004 1247 1120 1320 Sancti
1134 1247 1308 1321 [amantii
1330 1248 1407 1320 luit.
1424 1247 1555 1322 Eodem
1574 1269 1693 1323 mense
1712 1249 1785 1342 jam
1806 1257 2006 1324 terremotus

594 1369 720 1441 iuerat.
1182 1373 1185 1380 ’
1612 1369 1615 1376 ’

644 1491 694 1566 Μ.
710 1491 748 1562 C.
763 1491 841 1564 XX.
858 1492 971 1566 Prima
994 1513 1119 1584 guerra
1142 1493 1265 1567 Parme
1281 1503 1316 1566 et
1334 1493 1480 1588 prelium
1498 1493 1548 1566 ibi
1565 1496 1602 1566 in
1617 1493 1727 1567 Garea
1745 1495 1810 1568 luit
1827 1494 1873 1569 de
1889 1519 2007 1571 mense
2153 1591 2156 1596 .

589 1637 694 1708 Junu.

644 1739 692 1812 Μ.
710 1739 747 1810 C.
765 1739 872 1813 XXll.
889 1739 998 1832 Maior
1012 1741 1156 1812 eeclesia
1176 1739 1349 1814 Pla'oeutie
1367 1739 1502 1836 inoepta
1522 1742 1599 1814 luit.

644 1863 692 1936 Μ.
707 1863 879 1936 CXXVI.
900 1864 1030 1958 Ciuitas
1052 1864 1237 1936 Cumarum
1262 1873 1364 1959 captu
1384 1865 1466 1953 fuit,
1488 1863 1665 1936 eteoclem
1691 1883 1783 1936 anno
1808 1883 1929 1936 meuse
1945 1863 2005 1936 de-

595 1985 1016 2080 cembriPadusgelavit.
1035 1987 1167 2061 Eodem
1191 2009 1283 2062 anuo
1306 2008 1427 2061 meme
1451 1987 1542 2078 iunii
1566 1985 1837 2060 Mediolanenses
1854 1987 2006 2060 feserunt

593 2118 713 2204 regem
729 2108 802 2206 (2).
1451 2135 1454 2142 ·

643 2236 691 2306 Μ.
702 2235 739 2306 C.
755 2234 879 2310 XXXI.
899 2235 1069 2307 Nuoetum
1087 2235 1153 2305 fnit
1169 2234 1394 2306 destruetum.
1451 2259 1454 2270 ·

643 2357 744 2430 M..C.
760 2357 899 2429 XXXII.
923 2356 1078 2430 Loterius
1099 2377 1165 2429 rex
1187 2356 1299 2450 prima
1320 2356 1400 2430 viee
1420 2357 1515 2430 venit
1541 2357 1578 2428 in
1602 2355 1834 2430 Louburdiam
1859 2367 1894 2429 et
1921 2365 2004 2430 tuno

591 2479 727 2558 obsedit
745 2481 912 2555 Cremum.

641 2605 688 2676 M.
706 2603 741 2675 C.
754 2603 894 2677 XXXV.
916 2603 1016 2676 Petra
1035 2601 1186 2676 Gemella
1207 2611 1242 2676 et
1264 2601 1419 2676 Predslla
1436 2612 1536 2698 eapte
1552 2604 1716 2698 suerunt.
1859 2603 1863 2610 '

640 2729 688 2800 Μ.
702 2727 907 2800 CXXXVI.
925 2727 1081 2799 Interius
1106 2726 1362 2800 secundarios
1387 2725 1485 2800 venit
1513 2724 1550 2795 in
1578 2722 1765 2797 llouohsliu
1791 2732 1828 2795 et
1851 2724 1933 2798 fecit
1954 2723 2003 2796 ibi

591 2853 716 2923 festum
738 2851 901 2922 Omnium
926 2853 1128 2922 Sanctorum
1146 2859 1181 2922 et
1202 2850 1423 2923 Nativitatem
1449 2821 1587 2922 Domini
1612 2849 1649 2920 iu
1673 2846 1835 2941 Vigheria
1859 2857 1895 2920 et
1914 2849 2004 2943 oepit

591 2976 754 3047 Sanctum
773 2975 965 3046 Benianum
988 2983 1022 3046 et
1038 2975 1246 3064 sencinum,
1267 2983 1302 3046 et
1322 2971 1552 3070 Epiphaniam
1574 2971 1656 3044 fecit
1673 2971 1710 3042 in
1729 2971 1953 3046 Trabaeiauo.

640 3097 689 3168 M.
703 3096 740 3168 C.
752 3095 908 3170 XXXIX.
929 3095 1115 3170 Disoonfita
1130 3097 1249 3170 Creme
1262 3097 1347 3188 luit,
1361 3107 1397 3170 et
1414 3097 1523 3190 major
1536 3117 1616 3192 pars
1629 3093 1908 3168 Cremonensium
1924 3115 2003 3168 oum

593 3221 722 3315 populo
743 3217 801 3292 ibi'
814 3219 904 3314 eapti
922 3221 1062 3293 luerunt
1081 3241 1190 3293 nonas
1206 3221 1309 3312 junii.

641 3343 689 3416 M.
703 3343 741 3414 C.
754 3344 825 3414 XL.
847 3345 1000 3438 Burgum
1014 3346 1138 3416 Sancte
1154 3341 1293 3436 Brigido
1310 3343 1394 3415 ursit
1411 3363 1531 3417 mense
1548 3343 1706 3437 augusti,
1722 3351 1758 3416 el
1780 3341 1817 3414 iu
1846 3343 2002 3437 sequenti
2062 3341 2068 3348 '

591 3485 710 3538 meme
730 3475 869 3538 moneta
888 3465 1086 3539 Placentina
1105 3465 1241 3560 incepta
1261 3465 1338 3536 suit.

641 3591 689 3663 M.
702 3588 740 3660 C.
753 3591 884 3662 XLVII.
900 3587 1079 3663 Comedus
1096 3611 1161 3662 rex
1180 3590 1410 3661 Romanorum
1430 3597 1465 3662 et
1487 3586 1680 3684 Lodoysius
1694 3609 1759 3662 rex
1778 3587 1919 3660 Francis
1942 3609 2003 3660 ve-

592 3722 717 3787 nerunt
738 3712 783 3786 de
811 3715 902 3786 ultra
926 3735 1021 3786 mure
1038 3711 1088 3808 (a)
1108 3733 1227 3785 mense
1239 3711 1329 3806 julii.
1345 3709 1476 3784 Eodem
1500 3731 1593 3784 anno
1619 3721 1655 3784 et
1680 3729 1800 3783 mense
1824 3709 2002 3780 Arduinus

592 3837 773 3932 episeopus
805 3837 978 3911 Plaoentie
1010 3836 1146 3910 dehoc
1175 3837 1293 3910 seculo
1321 3835 1500 3930 migravit,
1527 3837 1596 3908 alio
1620 3833 1680 3908 die
1706 3833 1815 3907 abbas
1838 3831 2002 3906 Columbe

592 3960 770 4057 primoibi
787 3960 1009 4034 electusfoit.
1943 3987 1945 3990 ·

635 4147 680 4231 (a)
700 4149 748 4212 Slo
760 4152 794 4210 in
806 4149 915 4212 eudlee
931 4147 1102 4228 Legeudom
1115 4163 1188 4210 uero
1198 4147 1313 4208 ioooot
1324 4143 1406 4210 ultra
1423 4163 1514 4208 mm.

1600 4317 1998 4332 —u-——m-

642 4441 653 4492 l
733 4434 891 4492 nrombre.

629 4436 668 4609 ((ἳξ
682 4437 808 4592 &uultur
827 4539 893 4592 veut
912 4531 1001 4607 parler
1021 4547 1085 4590 saus
1104 4531 1183 4590 doute
1207 4531 1271 4590 d’uu
1289 4538 1448 4590 oouourrent
1466 4532 1501 4590 de
1518 4531 1677 4606 l'empereor
1696 4529 1839 4602 Lolliano,
1852 4529 1955 4588 Quoad
1968 4529 2003 4586 de

594 4631 754 4703 franconis,
766 4631 813 4705 qui
827 4647 857 4690 se
869 4629 900 4689 lit
913 4647 947 4689 en
959 4630 1182 4689 effetoourounor
1199 4631 1238 4688 roi
1254 4630 1303 4689 des
1322 4630 1448 4688 Romulos
1466 4630 1484 4689 d
1501 4629 1591 4688 Milan.
1603 4629 1673 4688 Mais
1693 4643 1726 4686 oe
1747 4627 1795 4686 leit
1817 4627 1967 4701 appartient
1986 4625 2003 4685 l

593 4728 698 4788 l'auuee
709 4731 788 4786 llio.
