4534 6074
517 613 557 675 96
939 607 1181 670 canonicos
1209 611 1510 676 PLACEMTINUM.

515 752 624 834 esset,
646 740 774 815 dicitnr
789 751 824 812 et
840 739 947 812 lertur
964 739 1063 834 quod
1083 741 1230 836 pervim
1253 743 1347 816 intus
1366 745 1479 817 locum
1503 746 1737 822 intravissent.
1758 751 1936 826 intrinseci

514 888 598 939 vero
622 866 688 938 viri
714 863 940 951 nobilissimi,
961 865 1191 957 magnanimi,
1217 867 1389 958 bellicosi,
1416 891 1551 942 summe
1575 869 1716 946 audatie
1745 885 1779 948 et
1811 898 1935 970 magne

513 991 672 1082 virtutis,
692 1013 772 1062 cum
786 988 936 1060 inimicis
952 987 1082 1062 fortiter
1096 997 1130 1061 et
1145 990 1345 1064 mirabiliter
1361 991 1410 1088 (a)
1428 1014 1508 1064 cum
1523 996 1723 1088 manganis,
1747 999 1931 1091 predariis‚

514 1116 640 1200 lancis,
662 1113 807 1208 gladiis,
827 1112 1004 1208 lapidibus
1021 1120 1055 1184 et
1070 1112 1147 1184 aliis
1171 1114 1338 1188 machinis
1355 1125 1567 1211 pugnantes,
1588 1127 1695 1213 atque
1708 1142 1790 1193 cum
1809 1121 1939 1196 ictibus·

514 1239 728 1334 gravissimis
753 1246 788 1310 et
817 1236 1036 1310 ferocissimis
1056 1237 1249 1310 halestariis
1275 1241 1355 1333 plus
1383 1261 1478 1313 more
1498 1241 1598 1312 solito
1621 1265 1727 1336 quam
1754 1244 1802 1316 ad
1833 1267 1934 1318 aures

515 1364 662 1455 alicujus
687 1383 841 1454 unquam
862 1361 1078 1457 pervenisset
1097 1383 1162 1434 nec
1188 1362 1283 1456 quod
1301 1363 1346 1435 ab
1368 1364 1486 1459 aliquo
1510 1366 1681 1438 recordari
1704 1369 1834 1462 possit,
1862 1371 1934 1441 ini-

515 1487 624 1560 micos
659 1487 864 1580 gravissime
899 1486 1155 1578 percucientes,
1189 1489 1410 1560 vulnerantes
1439 1499 1475 1562 et
1505 1490 1631 1562 multos
1669 1491 1930 1586 interficientes,

517 1613 632 1684 locum
648 1609 791 1704 quidem
811 1609 959 1681 Clavasii
975 1611 1114 1703 egregie
1130 1620 1392 1684 manutenentes
1414 1623 1449 1684 et
1464 1613 1510 1683 ab
1528 1613 1676 1686 inimicis
1694 1613 1929 1690 defendentes.

516 1735 681 1808 Videntes
703 1732 979 1807 Mediolanenses
1001 1745 1037 1806 et
1059 1735 1294 1808 vercellenses
1316 1735 1412 1830 quod
1432 1737 1632 1832 inceperant
1649 1746 1685 1808 et
1704 1740 1817 1812 lacere
1836 1751 1933 1836 opta·

516 1861 601 1934 bant
622 1861 668 1934 ad
692 1861 827 1932 exitum
856 1880 1077 1952 nequaquam
1106 1859 1297 1954 perducere
1321 1882 1441 1956 posse,
1474 1863 1558 1955 quia
1585 1871 1708 1957 pontes
1734 1885 1856 1938 eorum
1889 1867 1935 1940 ad

517 1985 793 2080 expugnandum
817 1992 968 2056 castrum
993 1982 1210 2076 longitudine
1234 2006 1302 2056 non
1325 1995 1424 2056 erant
1439 1985 1668 2078 sufficientes,
1684 1987 1730 2058 ab
1747 2009 1935 2083 expugna-

517 2109 611 2180 tione
632 2107 735 2179 castri
754 2105 953 2179 indecenter
969 2117 1003 2178 ot
1017 2107 1161 2201 turpiter
1176 2115 1211 2178 et
1227 2109 1318 2179 malo
1332 2106 1455 2180 ordine
1471 2120 1701 2182 secesserunt.
1721 2111 1765 2181 Et
1782 2122 1865 2183 tuno
1882 2113 1935 2182 in·

517 2233 656 2305 trinseci
676 2231 721 2304 de
740 2233 816 2304 loco
835 2240 1007 2304 exeuntes
1029 2241 1168 2324 pontem
1181 2252 1287 2324 quem
1303 2231 1578 2306 Mediolanenses
1592 2232 1638 2305 ad
1657 2234 1935 2328 expugnandum

517 2367 667 2430 castrum
681 2357 843 2445 fecerant,
862 2355 1121 2427 combuserunt.
1140 2355 1179 2425 ln
1194 2355 1252 2426 illa
1266 2355 1371 2426 etiam
1388 2355 1647 2450 expugnatione
1658 2357 1936 2431 Mediolanenses

518 2479 763 2553 detrimentum
784 2477 964 2550 hominum
985 2486 1200 2550 mortuorum
1218 2499 1385 2570 magnum
1404 2479 1642 2550 sustinuerunt
1665 2489 1701 2550 et
1717 2480 1932 2568 habuerunt;

517 2604 579 2698 qui
597 2612 691 2675 metu
705 2612 740 2674 et
751 2601 873 2674 timore
892 2601 1000 2674 nimio
1028 2599 1131 2674 valde
1149 2601 1336 2695 perterriti,
1359 2601 1520 2670 timentes
1538 2599 1783 2672 ultramodum
1802 2603 1936 2692 gravis·

518 2728 624 2800 simos
643 2727 731 2798 ictus
749 2725 905 2820 lapidum
935 2747 1142 2819 magnorum
1170 2733 1275 2819 atque
1294 2725 1382 2795 ictus
1403 2724 1665 2797 balcetariorum
1685 2725 1934 2815 ferocissimos,

519 2853 695 2926 audatiam
712 2871 853 2944 quoque
870 2860 904 2921 et
921 2849 1083 2922 virtutem
1107 2849 1370 2921 intrinsecorum
1387 2857 1596 2940 metuentes,
1615 2849 1729 2920 locum
1745 2848 1843 2920 illum
1860 2871 1939 2944 pre·

520 2977 597 3048 liari
614 2995 727 3068 neque
739 2971 819 3044 belli
830 2973 1001 3044 fortunam
1016 2993 1097 3043 cum
1110 2972 1161 3045 eis
1178 2981 1343 3067 temptare
1354 2981 1473 3068 postea
1487 2973 1565 3046 ausi
1579 2973 1731 3044 fuerunt.
1745 2972 1938 3046 Credebant

521 3099 614 3172 enim
627 3099 827 3170 intrinsecos
835 3096 882 3188 (b)
896 3095 1035 3166 cibariis
1049 3116 1187 3170 carere:
1202 3099 1432 3190 qnarelocum
1443 3097 1542 3168 illum
1553 3095 1686 3189 absque
1698 3096 1788 3170 bello
1798 3099 1938 3172 vincere

522 3233 557 3295 et
576 3221 704 3294 habere
735 3241 837 3315 posse
865 3217 1100 3292 indubitanter
1119 3221 1315 3314 sperabant.
1336 3219 1467 3292 Eodem
1495 3230 1612 3292 autem
1646 3231 1798 3315 tempore
1825 3222 1938 3297 dictus

522 3345 675 3419 marchio
693 3344 793 3438 quasi
820 3363 941 3414 amens
961 3341 1032 3414 huc
1054 3352 1090 3414 et
1114 3343 1196 3414 illuc
1223 3345 1302 3437 vagi
1327 3346 1463 3438 palens,
1495 3343 1636 3416 tandem
1662 3345 1711 3416 ad
1733 3345 1875 3440 Papiam
1903 3358 1939 3419 et

522 3469 687 3542 Cremone
705 3468 878 3540 civitatem
892 3466 1053 3558 accessit,
1073 3466 1118 3538 ab
1135 3467 1185 3537 cis
1201 3467 1403 3539 lacrimabili
1420 3476 1454 3539 et
1473 3489 1560 3540 voce
1579 3467 1701 3538 numili
1722 3469 1937 3564 implorando

524 3604 562 3666 ut
579 3611 785 3665 succursum
800 3589 927 3684 pariter
948 3598 983 3662 et
1001 3589 1195 3662 subsidium
1214 3589 1260 3662 ad
1280 3611 1343 3662 sue
1364 3599 1452 3662 terre
1469 3590 1706 3663 defensionem
1730 3593 1763 3662 ei
1787 3602 1938 3686 prestare

523 3718 706 3805 deberent,
740 3712 934 3808 pollicendo
959 3713 1034 3806 ipse
1064 3711 1109 3808 (c)
1129 3713 1298 3803 marchio,
1325 3712 1556 3806 promittendo
1581 3722 1617 3785 et
1635 3711 1785 3804 jurando
1813 3724 1936 3787 terram

523 3864 644 3931 suam,
679 3837 843 3911 universa
872 3838 947 3908 loca
975 3845 1009 3908 et
1039 3845 1149 3907 castra
1185 3835 1232 3907 ad
1262 3837 1473 3908 voluntatem
1506 3859 1625 3908 eorum
1652 3857 1729 3908 esse
1759 3835 1934 3910 daturum.
2011 3897 2018 3906 .

523 3963 624 4052 Quod
641 3962 812 4035 auxilium
830 3969 864 4032 et
878 3959 1090 4052 adjutorium
1112 3980 1189 4031 esse
1213 3959 1353 4030 daturos
1370 3960 1522 4053 plenarie
1544 3961 1775 4054 promiserunt
1791 3971 1826 4034 ot
1848 3983 1937 4034 con·-

523 4087 958 4162 venerunt.llerumtamen
976 4105 1045 4178 que
1060 4082 1162 4155 dictis
1180 4092 1214 4153 et
1233 4081 1349 4153 verbis
1365 4080 1398 4151 ei
1416 4083 1663 4174 promiserunt,
1684 4085 1784 4156 lactis
1799 4107 1937 4180 quoque

524 4212 701 4284 attendere
724 4216 992 4298 recusaverunt;
1021 4226 1190 4278 memores
1206 4205 1298 4276 enim
1317 4203 1459 4274 minime
1480 4203 1620 4274 luerunt
1640 4206 1740 4274 verbi
1758 4206 1937 4295 eujusdam

525 4335 688 4432 sapientis
708 4332 885 4405 dicentis:
908 4331 1003 4402 «Est
1026 4329 1170 4401 stultum
1193 4329 1265 4400 lere
1283 4325 1499 4422 promittere,
1522 4323 1586 4398 sed
1613 4323 1699 4398 dare
1722 4325 1826 4397 nolle.
1842 4347 1860 4394 n
1877 4325 1940 4396 ln·-

567 4508 609 4588 (a)
631 4509 667 4570 In
680 4508 781 4568 codice
792 4501 987 4566 emicatilter.

568 4614 608 4696 (b)
631 4617 666 4676 ln
680 4611 952 4675 molestantem.

568 4719 607 4801 (e)
632 4721 668 4782 ln
681 4719 781 4780 codtce
794 4718 934 4794 reportem
946 4715 1017 4795 ipse.
