4568 6064
596 623 658 684 ³50
1071 621 1311 686 canonicor
1335 625 1387 686 DE
1412 625 1539 686 REBUS

596 757 735 855 propria
756 756 889 830 viscera
915 765 1216 832 convertuntur.»
1240 761 1289 834 lle
1315 783 1435 836 mense
1458 759 1566 834 madii
1594 757 1758 832 dominus
1787 779 1879 854 papa
1906 757 2018 832 collo·

596 879 717 974 quium
732 879 855 952 babuit
867 901 947 950 cnm
963 880 1103 952 domino
1121 904 1202 978 rege
1216 883 1360 960 Castelle
1373 885 1409 958 in
1422 884 1613 960 Bellicadro
1626 883 1663 954 in
1676 904 1748 978 quo
1756 882 1929 977 colloquio
1944 879 2017 954 dis·

597 1004 720 1077 cordes
748 1011 1007 1096 seocesserunt,
1022 1006 1112 1076 sicut
1135 1007 1172 1078 in
1191 1007 1313 1082 litteris
1334 1009 1465 1083 domini
1484 1009 1576 1104 regis
1597 1016 1714 1084 contra
1732 1029 1883 1102 quarum
1909 1007 2020 1080 torma

598 1125 662 1200 hec
677 1133 758 1198 estc
1255 1115 1266 1128 “

650 1249 855 1322 «Allonsus
882 1251 945 1323 Dei
974 1251 1085 1345 gratia
1115 1252 1346 1328 Romanorum
1371 1276 1437 1328 rex
1461 1275 1598 1350 semper
1629 1263 1821 1348 angustus,
1848 1253 2017 1341 Castelle,

597 1373 749 1464 Tholeti,
773 1375 952 1468 Legionis,
975 1375 1117 1466 Galicie,
1134 1377 1266 1468 Sibilie,
1288 1378 1465 1470 Corduba,
1486 1379 1637 1470 Marcie,
1658 1378 1803 1452 lembus
1818 1387 1854 1450 et
1876 1377 2020 1471 Algarbi

598 1519 675 1587 rex,
693 1497 868 1570 nobilibus
885 1507 920 1570 et
935 1499 1092 1572 discretis
1104 1500 1188 1572 viris
1202 1501 1393 1575 Laulranco
1403 1503 1599 1597 Pigneterio
1613 1501 1791 1598 potestati,
1810 1502 1973 1574 conscilio
1986 1509 2020 1574 et

598 1621 775 1696 communi
791 1622 894 1719 Papio
906 1621 1042 1696 dilectis
1060 1621 1223 1697 fidelibus
1235 1627 1307 1698 suis
1326 1627 1472 1720 gratiam
1485 1649 1582 1700 suam
1597 1637 1632 1698 et
1645 1627 1771 1700 bonam
1784 1626 2030 1700 voluntatem.-

598 1746 815 1839 Quamquam
834 1767 880 1819 ex
894 1745 1082 1818 deliberato
1095 1749 1258 1822 conscilio
1274 1748 1320 1822 ud
1334 1771 1509 1821 summum
1529 1748 1725 1843 pontificem
1739 1771 1851 1844 nuper
1865 1769 2021 1820 accesse-

599 1869 709 1942 rimus
725 1891 842 1942 secum
868 1869 1017 1941 babituri
1039 1871 1248 1965 colloquium
1275 1882 1376 1968 prout
1404 1873 1594 1968 intelligam
1618 1872 1792 1968 potuistis,
1822 1872 2021 1944 nullatenus

598 1993 1820 2092 tamenpotuimusexpeririquodergenosmnnsuetudinampateruam
1829 1995 2022 2068 ostenderit

598 2139 706 2211 quam
722 2117 757 2190 in
776 2117 851 2213 ipso
866 2127 961 2212 patre
979 2128 1114 2212 patrum
1128 2141 1190 2192 nos
1207 2129 1338 2216 utpote
1355 2121 1550 2195 devotionis
1567 2130 1602 2194 et
1616 2119 1819 2194 obediencie
1837 2119 2022 2192 filiusme·

598 2243 733 2314 ruimus
755 2243 926 2331 invenire,
944 2251 1014 2314 tam
1034 2245 1293 2337 progenitorum
1311 2253 1506 2318 nostrornm
1522 2267 1629 2339 quam
1652 2245 1778 2316 nostris
1797 2243 2021 2339 exigentibus

599 2367 730 2438 meritis
749 2368 811 2462 qui
831 2367 965 2438 cunctis
985 2365 1110 2438 diebus
1127 2367 1252 2440 nostris
1273 2369 1320 2442 ad
1338 2369 1562 2442 exaltandam
1580 2377 1724 2442 matrem
1747 2369 1936 2442 Ecclesiam
1957 2388 2021 2463 pro

599 2489 766 2564 catholica
784 2489 853 2564 lide
868 2490 1115 2586 pugnavimus.
1133 2491 1200 2576 Qui
1219 2511 1288 2564 non
1306 2492 1372 2562 nisi
1386 2495 1518 2586 justum
1542 2492 1588 2564 ab
1610 2511 1653 2564 eo
1666 2502 1702 2563 et
1723 2493 1832 2562 solam
1845 2491 2020 2583 justiciam

599 2617 829 2712 postulamus,
851 2636 919 2687 non
934 2637 996 2710 pro
1012 2615 1153 2708 speciali
1176 2615 1371 2702 commodo,
1392 2617 1484 2686 Deus
1501 2615 1610 2703 novit,
1626 2613 1690 2698 sed
1708 2613 1755 2686 ad
1777 2614 1944 2687 honorem
1957 2615 2021 2686 Dei

599 2739 791 2834 specialiter
803 2747 837 2812 et
853 2761 916 2834 pro
931 2747 1021 2810 statu
1036 2737 1179 2832 pacifico
1196 2740 1316 2834 populi
1327 2738 1516 2812 christiani.
1538 2739 1739 2810 Invenimus
1750 2747 1866 2809 autem
1880 2760 2021 2812 omnem

600 2863 832 2936 austeritatem
850 2862 886 2933 in
900 2884 943 2934 eo
956 2883 1025 2934 non
1045 2863 1193 2934 velutin
1212 2863 1270 2957 pio
1287 2873 1394 2957 patre,
1411 2861 1474 2936 sed
1493 2863 1583 2936 sicut
1598 2863 1632 2933 in
1654 2860 1797 2935 domino
1811 2863 1941 2936 carnali
1958 2864 2019 2957 qui

599 2987 677 3059 vult
693 2995 726 3058 et
747 2983 866 3058 nititur
886 3007 1026 3082 prorsus
1048 2985 1078 3058 si
1103 2987 1228 3082 poterit
1248 2997 1398 3059 nostram
1412 2986 1582 3080 justitiam
1605 2985 1793 3075 suffocare,
1819 2987 1931 3058 Deum
1950 3008 2019 3059 non

600 3109 733 3182 babens
745 3131 807 3205 pre
822 3111 953 3182 occulis
972 3109 1031 3204 qui
1052 3109 1104 3180 las
1127 3118 1162 3181 et
1181 3109 1354 3201 justiciam
1377 3109 1477 3185 reddi
1496 3110 1607 3183 voluit
1624 3111 1833 3204 unicuique,
1850 3131 1916 3183 nec
1928 3131 2020 3183 oom-

599 3235 743 3331 paciens
763 3235 1028 3306 christianorum
1047 3234 1217 3328 naulragii
1233 3236 1293 3328 qui
1311 3257 1349 3306 se
1372 3235 1466 3330 ipsos
1484 3235 1647 3308 continue
1670 3233 1854 3308 destruunt
1872 3245 1908 3308 et
1930 3235 2021 3308 occi·

601 3361 690 3432 dunt
709 3382 788 3433 curn
810 3381 880 3433 non
898 3359 941 3431 sit
955 3359 1016 3454 qui
1035 3380 1155 3431 eorum
1173 3359 1413 3453 iniquitatibus
1429 3360 1549 3432 obviet
1566 3367 1601 3430 et
1616 3357 1889 3432 discnssionibus
1916 3369 2022 3453 ponat

600 3482 719 3556 finem.
736 3485 981 3557 Verumtamen
997 3481 1064 3554 boc
1079 3482 1290 3577 colloquium
1311 3483 1376 3556 luit
1396 3481 1594 3555 intentionis
1608 3491 1723 3554 nostre
1738 3503 1842 3554 causa
1858 3482 2022 3576 precipua

599 3617 639 3680 ut
652 3629 711 3702 per
722 3607 790 3680 boc
801 3607 956 3680 mundus
968 3617 1156 3700 cognoscat
1166 3617 1201 3679 et
1214 3607 1358 3680 videant
1370 3607 1524 3678 universi
1542 3604 1638 3700 quod
1653 3605 1712 3678 ille
1727 3605 1788 3700 qui
1803 3607 1880 3678 lons
1887 3607 2021 3698 justitie

600 3733 748 3804 debetur
768 3753 843 3804 esse
865 3731 901 3802 in
925 3741 1035 3820 terra,
1052 3730 1226 3822 justiciam
1251 3731 1352 3804 nobis
1368 3731 1519 3825 denegat
1545 3730 1596 3802 sic
1609 3729 1776 3819 lucidam,
1793 3731 1845 3802 sic
1866 3738 2019 3824 apertam

599 3856 719 3950 sicque
734 3855 769 3926 in
784 3857 944 3928 omnibus
965 3855 1181 3928 manifestam
1203 3854 1299 3950 quod
1318 3877 1383 3928 nec
1401 3853 1488 3928 tides
1511 3864 1626 3928 nostra
1647 3875 1712 3928 nec
1725 3855 1864 3928 devotio
1882 3853 2022 3948 prodest

600 4002 665 4052 nec
685 4001 755 4074 que
773 3979 940 4052 hactenus
958 3980 1104 4051 lecimus
1121 4001 1270 4073 necque
1287 3981 1399 4052 lacere
1420 3980 1581 4052 volumus
1602 3985 1637 4052 et
1657 3979 1816 4052 valemus
1838 3987 1908 4050 tam
1931 3977 2021 4049 ultra

599 4127 705 4199 qnam
720 4105 805 4177 citra
821 4126 915 4176 mare
933 4104 979 4176 ad
991 4105 1052 4176 Dei
1069 4103 1255 4176 servicium
1273 4103 1361 4176 adeo
1376 4111 1597 4198 acceptantur
1615 4101 1712 4197 quod
1731 4102 1814 4174 inde
1825 4101 1927 4174 nobis
1947 4101 2020 4174 sola

595 4228 736 4322 justicia
750 4228 933 4299 tribuatur.
948 4228 1089 4322 Propter
1104 4225 1202 4322 qnod
1216 4237 1391 4322 sperantes
1410 4227 1445 4297 in
1464 4226 1541 4321 ipso
1559 4225 1620 4319 qni
1639 4225 1773 4298 nullum
1792 4225 1922 4298 deserit
1939 4245 2020 4296 eon·

599 4351 783 4444 fidentem,
804 4351 924 4424 conlisi
943 4351 1052 4424 eclam
1069 4351 1114 4424 de
1133 4362 1250 4423 vestro
1267 4351 1408 4446 speciali
1433 4359 1468 4422 et
1489 4349 1634 4422 aliorum
1654 4358 1848 4422 nostrornm
1865 4346 2018 4420 lidelinm

598 4477 717 4550 lavore
736 4476 912 4571 imperiale
927 4477 1109 4570 negocium
1133 4485 1202 4548 tarn
1216 4475 1262 4547 de
1278 4478 1357 4568 Jnre
1374 4495 1480 4568 quam
1498 4473 1543 4545 de
1563 4475 1652 4547 lacto
1673 4471 1834 4568 prosequi
1858 4472 2020 4542 volumus

598 4599 712 4674 modis
737 4600 917 4691 omnibus,
939 4601 1164 4696 personaliter
1182 4609 1217 4674 et
1231 4609 1387 4696 potenter
1413 4599 1448 4670 in
1475 4598 1719 4670 Lombardiam
1744 4595 1865 4670 venire
1883 4595 2020 4690 penitus

599 4723 734 4819 absque
748 4723 914 4797 dilatione
936 4725 1052 4820 aliqua
1067 4703 1247 4820 cupientes
1262 4732 1300 4796 nt
1316 4723 1352 4796 in
1367 4723 1489 4796 vestris
1502 4721 1655 4796 brachiis
1667 4743 1730 4794 nos
1748 4741 1919 4817 ponamus
1941 4741 2021 4792 cum
