4534 6074
571 631 612 691 ot
993 627 1234 690 cttttolttcont
1260 629 1562 692 vulcassinum.

619 763 749 837 Eodem
772 783 864 836 anno
881 762 926 836 de
943 784 1062 838 mense
1077 765 1278 860 septembri,
1292 765 1461 860 Rogerius
1478 765 1663 840 Federicus
1675 767 1908 843 Romanorum
1924 794 1990 846 rex

568 888 679 984 primo
699 886 842 959 intravit
859 895 894 960 et
916 887 1012 960 venit
1030 888 1066 959 in
1084 888 1340 981 lombardiam,
1359 889 1501 985 quando
1519 890 1591 962 ibat
1606 891 1747 964 Romam
1769 915 1835 990 pro
1860 917 1990 970 corona

567 991 729 1083 habenda
749 1020 785 1082 et
808 1033 828 1082 a
847 1031 984 1083 summo
1002 1009 1166 1105 pontifice
1190 1011 1401 1107 recipienda.
1422 1013 1486 1086 Die
1505 1013 1676 1088 dominica
1693 1015 1726 1087 X
1743 1017 1910 1092 kalendas
1925 1018 1988 1094 de·

508 1126 511 1136 '
568 1134 716 1206 cembris
732 1134 890 1230 proxime
905 1131 972 1232 (1),
989 1133 1152 1208 dominns
1164 1133 1349 1209 Federicus
1366 1145 1550 1210 coronatus
1563 1137 1629 1210 luit
1643 1161 1708 1212 rex
1719 1141 1988 1218 Romanorumn

566 1279 703 1332 summo
716 1257 877 1354 pontifice
890 1258 927 1330 in
945 1257 1085 1331 civitate
1097 1259 1264 1332 Romana.

614 1383 660 1453 M.
679 1382 741 1455 CC.
760 1383 858 1473 XXI,
880 1381 939 1454 die
961 1383 1079 1454 martis
1096 1383 1144 1455 lx
1168 1382 1335 1456 kalendas
1359 1383 1478 1479 aprilis
1498 1381 1569 1480 (2),
1587 1405 1666 1456 cum
1689 1383 1847 1459 homines
1868 1389 1986 1461 Rival-

565 1506 652 1600 garii
681 1506 743 1600 qui
771 1505 859 1602 parti
888 1504 935 1600 (a)
957 1507 1122 1579 favebant
1149 1507 1329 1580 crederent
1357 1517 1392 1579 et
1418 1517 1596 1602 sperarent
1621 1518 1772 1581 castrum
1798 1510 1986 1605 Rivalgarii

563 1649 666 1724 posse
685 1638 802 1701 tencre
825 1638 860 1701 et
882 1627 1070 1702 defendere
1093 1630 1192 1702 etad
1216 1631 1382 1703 honorem
1408 1631 1525 1726 populi
1551 1641 1775 1705 manutenere
1799 1655 1878 1704 cum
1902 1635 1986 1708 viris

564 1752 792 1848 popularibus
814 1751 927 1846 quiin
951 1753 1061 1848 ipsius
1082 1753 1183 1824 castri
1206 1752 1364 1825 custodia
1384 1753 1596 1842 existebant,
1616 1753 1823 1826 caminatam
1847 1757 1984 1830 illorum

564 1876 610 1949 de
634 1877 804 1970 Pigazano
829 1886 864 1948 et
889 1875 999 1970 ipsius
1022 1877 1086 1949 loci
1104 1885 1231 1948 turrem
1251 1897 1321 1970 qne
1342 1897 1406 1971 pro
1431 1875 1599 1948 militibus
1619 1877 1801 1950 tenebatur
1818 1887 1852 1952 et
1869 1888 1984 1952 custo-

564 2001 846 2094 diebatnripsam
865 1999 1071 2072 caminatam
1089 2003 1136 2093 (d)
1157 2022 1218 2095 per
1238 2000 1311 2070 vim
1330 2001 1602 2092 oeperunt'lloc
1623 2001 1742 2074 audito
1764 2024 1786 2075 a
1811 2003 1984 2075 societatis

563 2123 711 2195 militnm
726 2121 927 2195 oonsulibus
947 2121 1060 2217 quiin
1078 2123 1163 2217 ipsis
1182 2121 1327 2194 aderant
1349 2121 1526 2217 partibus,
1548 2123 1640 2195 illico
1660 2122 1706 2196 ad
1721 2132 1835 2219 partes
1864 2125 1982 2197 Rival-

563 2247 650 2341 garii
666 2254 901 2336 accesserunt,
920 2245 1060 2318 nuntios
1076 2244 1220 2339 quidem
1236 2267 1317 2318 suos
1333 2267 1396 2340 per
1408 2245 1583 2321 Placentie
1602 2246 1794 2318 districtum
1810 2247 1983 2320 mittentes

562 2351 601 2444 {rt
625 2381 694 2444 tam
719 2370 846 2442 milites
861 2391 966 2466 qnam
984 2369 1138 2465 pedites,
1161 2369 1329 2463 sagittarii
1352 2380 1386 2442 et
1409 2369 1582 2442 halestarii
1611 2369 1657 2442 ad
1680 2371 1758 2444 illes
1781 2381 1896 2466 partes
1919 2392 1982 2444 ac-

561 2494 687 2568 cedere
704 2493 881 2566 deberent.
898 2494 962 2565 Die
984 2513 1068 2564 vero
1091 2493 1249 2588 proxima
1272 2491 1308 2564 in
1330 2492 1413 2564 villa
1435 2493 1588 2565 Duliaric
1612 2501 1647 2566 et
1673 2493 1709 2563 in
1731 2494 1982 2588 domibusque

562 2625 644 2690 sunt
667 2619 769 2710 juxta
805 2616 940 2710 plebem
967 2615 1128 2710 hospitati
1158 2616 1275 2706 luere3
1306 2615 1414 2688 altera
1440 2615 1498 2688 die
1522 2625 1634 2688 castra
1659 2628 1836 2690 moventes
1869 2618 1980 2713 ipsam

560 2741 679 2813 villam
708 2749 743 2811 et
770 2739 890 2812 domos
915 2739 1186 2830 combuserunt,
1204 2747 1239 2811 et
1254 2760 1309 2812 res
1334 2761 1423 2835 quas
1452 2739 1610 2812 homines
1634 2741 1822 2835 Rivalgarii
1845 2741 1881 2813 in
1905 2742 1980 2836 ipsa

560 2863 664 2960 plebe
676 2863 902 2952 confugerant
913 2859 1004 2958 (sic),
1019 2881 1166 2956 rapuere
1190 2869 1225 2932 et
1242 2861 1425 2934 abstulere.
1443 2861 1564 2934 Postea
1582 2884 1707 2935 versus
1729 2873 1880 2936 castrum
1903 2885 1982 2960 per-

561 2995 697 3080 gentes,
722 2984 833 3081 ipsins
850 2984 951 3057 castri
974 2983 1126 3076 burgum
1149 3005 1254 3079 quem
1276 2985 1377 3056 nostis
1401 2995 1436 3056 et
1461 2985 1539 3058 aliis
1566 2986 1818 3059 munitionibus
1840 2987 1980 3061 munie-

560 3119 638 3182 rant
662 3108 816 3203 pervim
839 3115 1015 3202 ceperunt.
1041 3105 1131 3179 lllud
1151 3105 1295 3201 quidem
1318 3113 1467 3178 castrum
1487 3106 1642 3203 undique
1668 3109 1875 3182 obsiderunt
1891 3121 1925 3182 et
1942 3111 1979 3181 in

560 3235 638 3330 ipso
651 3241 764 3307 castro
777 3231 903 3304 multos
922 3230 1056 3326 lapides
1073 3251 1153 3302 cnm
1172 3229 1341 3324 predariis
1358 3231 1546 3324 projecere.
1567 3231 1654 3304 Cum
1668 3241 1784 3305 autem
1800 3233 1859 3308 die
1871 3233 1981 3306 domi-

560 3358 639 3430 nica
653 3355 811 3453 proxima
825 3353 870 3426 ad
887 3353 973 3427 illud
985 3363 1134 3428 castrum
1146 3353 1417 3449 expugnandum
1432 3355 1553 3445 iurent,
1569 3355 1742 3430 intrinseci
1762 3357 1884 3431 timore
1903 3379 1979 3453 per·

559 3481 682 3568 territi,
697 3479 858 3552 videntes
870 3499 909 3551 se
931 3499 1000 3552 non
1021 3499 1123 3573 posse
1143 3479 1314 3569 resistcre,
1334 3477 1421 3551 illud
1439 3486 1588 3550 castrum
1607 3481 1809 3554 consulibus
1832 3481 1979 3554 societa-

362 3623 524 3672 sosarmo.
559 3603 603 3676 tis
621 3603 766 3674 militurn
785 3599 984 3688 reddidere',
1009 3599 1179 3695 preceptis
1196 3619 1340 3694 quoque
1360 3597 1367 3696 Ι
1388 3621 1510 3673 eorum
1540 3603 1616 3674 sine
1640 3603 1758 3698 aliqua
1780 3602 1978 3678 conditione

556 3727 730 3820 jurantes,
751 3732 897 3818 excepto
915 3723 1011 3820 qnod
1025 3724 1211 3819 populares
1226 3732 1262 3794 et
1278 3723 1458 3796 dominum
1483 3727 1648 3798 Guelsum
1675 3727 1738 3820 qui
1769 3728 1835 3824 ipsi
1866 3736 1978 3801 castro

559 3859 694 3946 preerat
711 3849 787 3920 sine
803 3847 1051 3941 impedimento
1070 3847 1243 3920 Placentie
1261 3846 1377 3921 redire
1392 3859 1629 3922 concesserant
1647 3847 1663 3948 (
1681 3845 1709 3944 ).

602 4065 645 4144 (a)
665 4063 734 4126 Vox
746 4062 787 4123 lbi
801 4063 927 4134 omissa,
942 4059 1067 4122 forsitan
1074 4059 1191 4141 popae

603 4170 644 4250 (d)
667 4175 769 4248 Inepte
782 4171 936 4244 repetitur,
951 4169 1010 4228 nlsi
1023 4167 1138 4245 aliquid
1150 4167 1237 4230 desit.

601 4277 640 4358 (c)
666 4280 702 4340 ln
716 4277 818 4338 codice
831 4279 1016 4336 messuerat

596 4642 634 4717 (1)
651 4643 686 4700 Le
697 4637 839 4699 dimanclre
850 4641 885 4696 22
899 4635 1055 4696 novembre.
1066 4637 1134 4694 [tate
1144 4642 1249 4694 macte.

596 4741 633 4816 (2)
654 4741 690 4797 Le
701 4741 735 4797 11
750 4753 822 4795 mars
836 4735 902 4795 etnit
914 4751 952 4792 un
963 4735 1095 4793 meroredi
1108 4751 1142 4792 en
1157 4736 1238 4792 1111.
