4554 6080
747 693 789 755 IM
814 693 955 755 lanula
979 692 1130 755 GESTIS.
1582 689 1643 752 253

230 825 354 900 darent
368 828 400 899 ei
420 827 578 922 quolibet
594 849 687 902 anno
706 829 896 902 exercitum
912 829 959 901 ad
975 850 1074 901 suam
1090 827 1303 900 voluntatem
1324 834 1359 898 et
1374 825 1408 898 Μ
1424 823 1512 896 libra
1528 823 1646 920 impe-

228 951 328 1024 rialia
341 973 406 1047 pro
422 953 538 1026 feodo.

276 1077 328 1147 Ite
346 1097 465 1148 mense
478 1076 680 1170 septembris
691 1075 793 1150 amici
810 1083 845 1149 et
856 1074 976 1150 fideles
990 1073 1122 1150 domini
1143 1072 1364 1161 marchionis,
1385 1071 1514 1144 seilicet
1525 1072 1645 1143 Petru-

228 1199 326 1271 zolus
346 1198 391 1271 de
413 1197 593 1294 Anriginis
621 1209 655 1272 et
679 1199 758 1288 alii,
784 1208 885 1274 nocte
905 1200 1066 1296 privatim
1090 1201 1306 1274 intraverunt
1329 1195 1587 1270 Pontremulum
1613 1202 1649 1267 et

229 1331 396 1416 ceperunt
411 1323 460 1395 ibi
478 1322 700 1396 Frederieum
717 1323 950 1396 marchionem
968 1323 1195 1418 Malaspinam
1217 1331 1251 1394 et
1275 1342 1394 1394 omnes
1412 1319 1474 1414 qui
1496 1340 1576 1390 cum
1603 1339 1647 1390 eo

228 1455 346 1536 erant,
364 1467 454 1540 quos
475 1445 638 1519 dominus
655 1445 803 1520 Ubertns
817 1447 1033 1522 Pelavicinus
1046 1447 1177 1520 ducere
1197 1446 1277 1518 lecit
1294 1445 1331 1516 in
1350 1443 1547 1516 carceribus
1561 1442 1649 1514 Cre-

230 1588 347 1640 mone.

278 1691 425 1787 Insuper
449 1691 542 1764 idem
562 1691 710 1765 Ubertus
728 1691 945 1766 Palavicinus
963 1694 1043 1766 lecit
1062 1700 1202 1788 pactum
1222 1713 1301 1764 cum
1325 1691 1401 1785 ipso
1415 1688 1596 1762 FrederIco
1613 1699 1649 1762 et

229 1812 354 1887 habuit
363 1817 500 1911 planele
513 1814 592 1911 (sic)
605 1817 814 1890 Pontremuli
825 1824 861 1889 et
873 1817 1067 1890 Monzolum
1081 1815 1177 1910 quod
1189 1815 1283 1890 idem
1294 1813 1495 1886 Fredericus
1512 1813 1649 1886 tenebat

228 1946 264 2010 et
283 1938 363 2008 lecit
373 1939 536 2032 guarnIre
554 1938 721 2012 Caranum
740 1951 774 2012 et
789 1940 1071 2033 Petramgrogam
1087 1949 1121 2012 et
1136 1938 1267 2012 dimisit
1282 1939 1397 2032 ipsum
1411 1936 1645 2026 Frederioum,

229 2057 358 2132 hahere
370 2062 500 2133 taciens
518 2083 636 2134 seeum
650 2082 772 2157 pacem
786 2072 821 2136 et
841 2063 990 2158 plurIma
1004 2072 1105 2159 pacta
1124 2083 1193 2156 que
1212 2063 1306 2134 nulla
1323 2059 1522 2134 observavit
1538 2059 1646 2150 idem,

231 2177 322 2278 [sed]
341 2204 397 2254 res
413 2193 447 2255 et
463 2183 573 2256 eciam
591 2183 808 2280 recuperavit
824 2185 899 2280 ipsa
911 2197 1035 2258 castra.

300 2303 306 2400 Ι
328 2305 375 2380 Μ.
399 2305 461 2378 CC.
486 2307 622 2398 LXllll,
654 2305 840 2382 indictione
861 2309 955 2400 VIII,
976 2307 1022 2380 de
1047 2327 1165 2380 mense
1189 2307 1398 2398 decembris,
1427 2305 1583 2403 Philipus
1604 2308 1650 2382 de
1686 2324 1852 2371 suerso.

230 2429 357 2501 lature
372 2429 459 2502 civis
467 2429 652 2503 MedIclani
665 2433 726 2524 qui
742 2441 955 2504 successerat
967 2431 1109 2505 domino
1123 2431 1267 2504 Martino
1279 2430 1324 2502 de
1337 2431 1565 2502 Latumlratri
1584 2454 1648 2506 suo

231 2552 390 2648 potestati
405 2553 524 2648 populi
537 2553 743 2646 Mediolani,
768 2539 848 2626 cnm
868 2556 944 2628 aliis
973 2553 1018 2627 de
1038 2557 1161 2626 Latnre
1183 2554 1245 2648 qui
1266 2553 1492 2649 procidebant
1517 2555 1648 2628 civitati

230 2675 434 2764 Mediolani,
456 2685 574 2748 contra
595 2677 809 2749 voluntatem
830 2687 865 2750 et
886 2687 989 2772 pacta
1005 2676 1139 2750 domiui
1157 2677 1274 2750 Uberti
1292 2677 1479 2750 PelavIcIni
1495 2688 1530 2749 et
1547 2699 1650 2750 eom-

230 2798 347 2870 munis
371 2799 559 2890 Cremone,
584 2799 736 2896 suscepit
767 2800 1038 2874 dominationem
1065 2809 1100 2874 et
1125 2800 1280 2894 regimen
1305 2800 1454 2874 civitatis
1476 2801 1646 2896 Pergami.

229 2923 294 2996 Pro
309 2942 382 3016 quo
396 2923 485 2994 Iacto
501 2931 576 2994 orta
590 2932 642 2996 est
656 2923 811 2996 maxima
825 2923 997 2998 discordIa
1012 2923 1101 3023 inter
1116 2943 1300 2996 commune
1307 2923 1494 2998 Mediolani
1506 2935 1541 2999 et
1556 2946 1650 3000 com·

227 3067 336 3118 mune
351 3045 518 3118 Cremona
530 3056 565 3119 et
583 3046 722 3121 blanche
739 3055 774 3120 et
790 3047 867 3120 illos
882 3048 928 3120 de
943 3049 1066 3121 Lature
1081 3075 1090 3118 :
1108 3047 1159 3120 sic
1172 3045 1270 3142 quod
1290 3047 1514 3122 incontinenti
1537 3048 1650 3122 Uber-

229 3168 325 3240 tInus
353 3167 398 3242 de
420 3167 604 3264 Peregrino
629 3171 692 3265 qui
715 3179 789 3244 erat
814 3178 964 3266 potestas
986 3169 1172 3244 Mediolani
1193 3191 1256 3266 pro
1272 3169 1347 3265 ipso
1371 3171 1585 3264 marchione,
1603 3171 1649 3246 de

229 3303 332 3365 nocte
348 3291 394 3365 de
411 3293 470 3364 illo
485 3293 655 3388 regimine
674 3293 886 3379 absentavit,
908 3293 1072 3366 volebant
1087 3293 1181 3366 enim
1198 3313 1278 3366 eum
1299 3314 1434 3388 capere.
1460 3295 1503 3368 Et
1518 3295 1649 3370 eulnde

230 3415 280 3487 illi
294 3413 340 3488 de
353 3417 462 3487 Turre
475 3425 681 3510 receperunt
694 3415 841 3488 nnncIos
854 3415 969 3488 llaroli
984 3417 1119 3488 comitis
1130 3415 1322 3488 Provincia.

278 3537 412 3611 Eodem
440 3558 533 3610 anno
557 3536 603 3610 de
627 3559 747 3610 mense
769 3539 927 3629 angusti,
953 3539 1090 3634 aparuit
1116 3540 1202 3612 stela
1229 3560 1351 3613 versus
1371 3539 1537 3612 orientem
1567 3563 1649 3615 cum

230 3662 346 3736 cunda
377 3683 504 3756 magna
533 3670 567 3734 et
598 3662 670 3734 ibat
694 3683 817 3734 versus
842 3661 1058 3737 coeldentem
1080 3673 1116 3736 et
1143 3664 1317 3737 oriebatur
1349 3662 1425 3757 ipsa
1446 3663 1532 3736 stela
1558 3667 1649 3738 cirea

230 3785 352 3860 horam
364 3785 624 3873 matutinam,et
634 3784 776 3858 duravit
788 3785 877 3858 hene
890 3807 951 3882 per
963 3797 1031 3860 tres
1041 3786 1254 3862 ebdomadas
1263 3785 1331 3884 (c);
1344 3785 1390 3860 de
1400 3808 1469 3881 qna
1483 3788 1648 3884 seriptum

230 3918 282 3984 est
298 3891 339 3981 ut
351 3908 442 3980 inira
456 3907 608 4002 legitur:
1408 3896 1410 3900 ’

328 4053 411 4126 Visa
426 4052 492 4124 luit
506 4053 590 4125 stela
606 4049 793 4146 designans
805 4053 955 4148 plurima
973 4055 1076 4128 bella.

329 4177 439 4250 Omen
453 4175 517 4248 erit
533 4195 673 4270 guerre,
693 4195 786 4248 mors
803 4184 838 4247 et
855 4173 1030 4250 destruoio
1048 4189 1148 4252 terre.

328 4301 438 4372 Marte
452 4299 540 4394 perit
553 4297 700 4391 Grsous,
719 4299 884 4394 ligurum
902 4301 1060 4397 undique
1074 4313 1182 4375 cetus.

327 4423 489 4516 Regnum
506 4429 680 4514 mutatur,
704 4422 861 4496 Seloulus
878 4424 1117 4520 Kalabrusqne
1132 4429 1288 4520 sugatur,

328 4547 473 4618 Francia
491 4547 655 4640 lectatur,
675 4546 815 4620 demum
832 4545 970 4623 devicta
980 4559 1137 4624 nectatur
1150 4551 1214 4648 (b).

271 4694 312 4776 (a)
329 4695 384 4772 Ap.
394 4695 465 4757 Joh.
480 4696 518 4756 de
531 4695 642 4758 Mussts
648 4713 706 4776 per
719 4703 776 4758 tres
790 4713 907 4759 marces.

274 4799 316 4880 (b)
337 4801 386 4862 Sic
398 4818 453 4879 pro
467 4808 601 4865 ncmtur.
