4568 6064
581 636 640 696 3¹12
1055 637 1296 702 cltltoltlcoll
1321 641 1373 700 DE
1398 638 1526 700 nattes

376 799 462 844 raso
473 811 543 844 vam.
581 769 740 842 videntes
753 769 802 842 illi
815 769 860 843 de
873 771 947 844 loco
963 772 1068 844 Vanri
1091 769 1097 870 Ι
1119 783 1307 846 mercatum
1321 774 1387 846 sibi
1403 773 1577 864 defficere,
1593 773 1944 868 compromiseruntse
1957 773 1995 844 in

581 892 760 965 dominum
774 895 1007 968 marchionem
1021 895 1246 968 Montislerati
1263 907 1298 968 et
1311 897 1549 991 relinquerunt
1564 898 1678 970 loonm
1695 897 1732 968 in
1746 896 1845 970 fortia
1863 895 1995 970 domini

581 1017 789 1090 marchionis
805 1027 839 1090 et
858 1018 905 1090 illi
924 1018 969 1092 de
984 1021 1127 1092 laturre
1143 1017 1358 1092 reduxerunt
1375 1022 1411 1092 in
1429 1021 1570 1093 civitate
1586 1019 1703 1092 lande
1727 1031 1763 1090 et
1778 1029 1854 1114 post
1867 1039 1997 1115 pancos

581 1141 657 1214 dies
669 1141 832 1214 dominns
843 1144 994 1216 marchio
1012 1143 1091 1216 lecit
1103 1146 1284 1241 explanari
1297 1159 1446 1218 castrum
1460 1146 1577 1218 Vauri.
1590 1147 1652 1217 Die
1665 1144 1758 1236 jovis
1773 1145 1850 1216 xvl
1865 1145 1996 1216 mensis

578 1265 743 1338 februarii
764 1267 926 1339 dominus
946 1267 1100 1340 marchio
1127 1269 1163 1339 in
1189 1269 1328 1341 civitate
1352 1269 1536 1342 Mediolani
1564 1270 1655 1341 tullit
1675 1267 1884 1340 sentenciam
1908 1266 1997 1339 inter

578 1391 662 1462 istas
678 1400 792 1484 partes
812 1415 820 1458 :
842 1391 954 1486 primo
970 1390 1066 1484 quod
1078 1412 1199 1464 omnes
1216 1394 1379 1464 carcerati
1399 1393 1444 1464 ab
1462 1401 1606 1486 utraque
1623 1401 1719 1486 parte
1737 1390 1868 1464 detenti
1883 1411 1995 1483 nsque

578 1512 624 1585 ad
643 1515 718 1586 vllt
741 1513 817 1587 dies
833 1514 1049 1586 remittantur
1067 1513 1165 1586 liberi
1183 1523 1218 1587 el
1237 1515 1410 1609 expediti,
1426 1525 1460 1588 et
1478 1515 1639 1588 oondnati
1656 1516 1690 1586 in
1708 1515 1849 1586 civitate
1863 1513 1994 1586 llledio·

577 1637 646 1708 leni
662 1636 801 1709 reddire
817 1637 945 1709 debent
961 1635 1117 1708 similiter
1132 1647 1167 1710 et
1180 1637 1328 1726 banniti,
1344 1639 1501 1734 exceptis
1513 1639 1577 1710 illis
1595 1637 1640 1711 de
1655 1639 1795 1710 laturre
1806 1635 1853 1710 de
1864 1636 1993 1730 quibus

576 1761 729 1833 marchio
742 1760 847 1833 debet
864 1781 928 1832 sno
943 1761 1016 1832 loco
1030 1769 1064 1832 et
1081 1772 1234 1856 tempore
1250 1761 1424 1832 arbitrari.

494 1971 497 1976 Ι
624 1885 675 1956 De
691 1905 810 1955 mense
826 1905 909 1954 vero
927 1883 1040 1954 martii
1056 1881 1105 1978 (α)
1123 1883 1159 1954 in
1177 1883 1292 1956 medio
1308 1905 1446 1971 mense,
1467 1882 1630 1956 dominus
1648 1882 1801 1954 marchio
1815 1879 1993 1954 ordinavit

576 2006 827 2102 parlamentum
850 2005 1005 2078 omnium
1026 2006 1205 2078 civitatum
1223 2007 1376 2100 quesibi
1395 2005 1563 2078 obediunt
1581 2006 1617 2076 in
1634 2006 1775 2079 civitate
1790 2003 1989 2094 Mediolani,

575 2131 611 2200 in
627 2151 697 2223 quo
712 2131 924 2224 parlamento
941 2128 1069 2202 debent
1085 2151 1161 2202 esse
1175 2130 1417 2202 amhanatores
1429 2131 1553 2217 lanne,
1573 2128 1743 2220 Terdone,
1763 2127 1988 2216 alexandrie,

574 2254 693 2348 Papie,
721 2253 823 2343 Aste,
851 2253 981 2341 Ovree,
1006 2251 1114 2344 Albe,
1134 2255 1386 2346 vercellarum,
1416 2254 1584 2346 Novarie,
1614 2254 1821 2342 Cumarum,
1850 2251 1988 2341 lande,

573 2379 711 2450 Verone
727 2385 762 2449 et
778 2377 927 2448 lllantue.

621 2501 669 2572 Μ.
689 2501 752 2570 CC.
770 2500 949 2571 LXXVllll
968 2498 1013 2571 de
1030 2520 1147 2571 mense
1162 2499 1268 2572 madii
1287 2499 1394 2572 multa
1410 2508 1520 2570 castra
1539 2508 1574 2570 et
1590 2500 1665 2572 loca
1683 2499 1720 2569 in
1741 2497 1894 2584 marchia
1917 2497 1990 2570 An-

573 2646 660 2697 oone
688 2624 821 2696 diluvio
841 2623 994 2698 inefabili
1017 2624 1196 2696 submersa
1214 2633 1295 2694 snnt
1319 2644 1430 2716 usqne
1444 2622 1492 2695 ad
1510 2623 1685 2694 Furlinnm
1710 2631 1746 2695 et
1770 2643 1895 2715 magna
1911 2643 1991 2716 pars

573 2748 665 2820 illius
691 2746 861 2835 civitatis,
889 2746 937 2818 ita
963 2745 1059 2840 qnod
1085 2747 1243 2818 homines
1266 2756 1301 2818 et
1328 2747 1437 2818 bestie
1464 2746 1581 2840 magni
1610 2754 1645 2818 et
1669 2745 1770 2841 parvi
1794 2745 1989 2839 interempti

572 2879 666 2942 sunt.
1692 2887 1699 2906 ·

620 2992 751 3066 Eodem
764 2993 945 3066 millesimo
956 2994 1014 3067 die
1030 2993 1164 3066 sabbati
1177 2993 1221 3066 Vl
1234 2992 1362 3064 mensis
1376 2992 1482 3065 madii
1498 2991 1534 3063 in
1549 2992 1689 3066 civitate
1700 2991 1867 3064 Cremone
1882 3000 1990 3064 morto

572 3117 719 3190 naturali
739 3126 895 3188 mortuns
912 3125 965 3188 est
987 3115 1131 3210 quidam
1147 3116 1251 3192 homo
1269 3117 1331 3209 qni
1347 3117 1413 3186 luit
1429 3123 1579 3210 portator
1593 3115 1668 3188 vini
1687 3124 1722 3188 et
1739 3115 1856 3205 blare,
1877 3113 1989 3186 bonus

571 3237 675 3312 homo
689 3240 813 3312 timens
829 3242 938 3312 Deum
955 3249 989 3311 ot
1005 3239 1150 3311 visitans
1169 3259 1252 3334 sepe
1270 3248 1305 3311 et
1319 3240 1437 3334 sepius
1456 3239 1576 3311 limina
1597 3238 1714 3311 Sancti
1732 3239 1843 3326 Petri,
1860 3239 1989 3310 iaciens

571 3361 812 3454 helemosinas,
832 3384 1057 3458 perseverans
1071 3363 1106 3434 in
1120 3363 1333 3436 orationibus
1348 3363 1383 3434 in
1397 3363 1535 3436 civitate
1548 3363 1714 3436 Cremone
1728 3361 1764 3432 in
1776 3361 1937 3452 ecelesia,
1955 3369 1990 3432 et

570 3487 660 3558 sicut
675 3487 801 3560 dicitur
816 3508 886 3559 non
902 3497 1086 3582 potuerunt
1104 3487 1306 3582 pollimones
1324 3509 1404 3560 enm
1415 3487 1575 3583 sepellire
1590 3509 1655 3560 nec
1669 3495 1795 3558 terrem
1814 3485 1989 3578 ligonibus

571 3612 766 3706 perfodere,
783 3621 817 3683 et
832 3612 883 3683 sic
899 3611 1103 3684 solituserat
1126 3633 1243 3698 oraro,
1268 3611 1303 3682 in
1323 3613 1428 3684 choro
1447 3610 1591 3684 ecclesis
1611 3611 1727 3706 ipsum
1750 3611 1984 3704 sepellierunt.

570 3735 638 3822 Qui
656 3735 889 3808 bonushomo
906 3735 1095 3806 vocabatur
1110 3733 1291 3826 Albertns,
1307 3745 1341 3807 et
1363 3735 1413 3808 sio
1437 3735 1663 3808 incontinenti
1680 3735 1802 3808 divino
1820 3733 1989 3808 miraculo

569 3881 642 3932 vox
664 3859 781 3930 sonuit
795 3859 831 3930 in
849 3858 1055 3932 lombardia
1070 3860 1166 3953 qnod
1187 3859 1260 3954 ipse
1286 3868 1359 3932 erat
1379 3869 1518 3932 sanctus
1536 3867 1571 3932 et
1590 3857 1685 3952 qnod
1711 3858 1857 3930 iaciebat
1881 3859 1988 3933 mnlta

570 3983 735 4054 miracula
758 3990 793 4055 et
811 3983 922 4054 taliter
940 3983 1049 4055 crevit
1068 4003 1139 4056 vox
1159 3992 1193 4055 et
1219 3984 1309 4055 lama
1327 3983 1372 4056 de
1393 4005 1435 4056 eo
1447 3983 1543 4077 quod
1559 4005 1680 4055 omnes
1695 3982 1828 4055 debiles
1847 3993 1882 4054 et
1898 3983 1989 4056 male

570 4106 735 4178 habentes
747 4115 783 4178 et
796 4107 1063 4179 innumerabiles
1077 4127 1224 4202 persone
1241 4107 1400 4201 undique
1413 4108 1495 4178 illuc
1515 4105 1687 4180 accedunt
1700 4115 1734 4178 et
1751 4105 1879 4178 dicitnr
1892 4105 1988 4200 qnod

569 4230 677 4302 multa
694 4231 858 4302 miraculo
876 4231 957 4303 lacit
971 4239 1004 4302 el
1025 4239 1167 4302 vocatur
1180 4241 1320 4302 sanctus
1336 4231 1508 4303 Albertns.

620 4356 809 4427 [lomense
831 4355 909 4448 J'ulii
941 4354 1094 4428 marchio
1121 4353 1344 4426 Montislerati
1363 4354 1530 4428 hostiliter
1555 4374 1636 4426 enm
1653 4353 1835 4425 militiast
1860 4351 1989 4448 populo

568 4477 754 4551 Mediolani
780 4489 951 4550 venerunt
977 4477 1023 4550 ad
1051 4477 1248 4551 laciendum
1272 4477 1448 4574 quendam
1475 4499 1602 4552 cavum
1626 4487 1665 4548 ut
1682 4484 1822 4572 possent
1851 4475 1988 4547 auferre

607 4747 644 4825 (a)
665 4747 700 4806 In
712 4747 810 4808 codiee
823 4744 925 4827 madii,
941 4749 1039 4809 mlnus
1052 4753 1139 4808 recte.
