4554 6080
742 685 787 746 ΙΝ
810 685 950 746 lunula
974 687 1124 748 dussis.
1605 686 1652 746 97-

221 823 308 895 lium
324 822 485 918 generale
508 817 704 893 communis
726 820 831 917 Papie
844 821 879 892 in
897 823 1079 895 concordia
1096 823 1161 894 luit
1176 824 1242 896 isto
1261 822 1318 894 die
1329 823 1423 915 jovis
1438 829 1478 892 ut
1490 822 1647 895 homines

223 945 344 1020 Laude
359 947 596 1041 reciperentur
612 945 648 1016 in
665 945 786 1017 iratres
801 955 835 1016 et
851 946 980 1018 amicos
995 955 1031 1017 et
1046 947 1156 1018 socios
1173 969 1195 1018 a
1210 946 1385 1019 communi
1400 945 1519 1039 Papio,
1538 955 1572 1018 et
1589 945 1647 1017 die

223 1073 308 1144 lune
334 1068 445 1142 XXVI
465 1069 596 1142 mensis
620 1069 762 1162 augusti
783 1070 989 1160 juraverunt
1009 1071 1206 1142 societatem
1231 1079 1265 1142 et
1291 1070 1536 1142 fraternitatem
1565 1091 1645 1142 cum

223 1193 424 1268 hominibus
435 1194 540 1289 Papie
553 1193 590 1264 in
601 1193 745 1266 oonsilio
758 1193 909 1286 generali
924 1195 1119 1266 communis
1133 1194 1256 1289 Papie;
1270 1193 1315 1266 ad
1333 1193 1428 1288 quod
1441 1190 1644 1266 conscilium

225 1316 391 1392 dominus
408 1318 558 1392 Iacobus
574 1316 744 1410 Buligella
766 1325 915 1411 potestas
933 1317 1078 1389 militum
1094 1317 1200 1414 Papie
1220 1339 1296 1390 esse
1312 1319 1422 1390 noluit
1442 1339 1513 1400 nec
1523 1318 1647 1389 milites

226 1444 330 1539 Papia
346 1443 408 1537 qui
422 1441 606 1514 Fallabrini
626 1440 802 1513 dicuntur.
824 1442 890 1513 Alii
907 1463 1026 1515 ornnes
1045 1443 1273 1515 interfuerunt
1289 1465 1369 1516 cum
1386 1465 1515 1537 magna
1533 1442 1646 1516 leticia

225 1575 331 1660 atque
344 1565 493 1661 gaudio,
515 1565 744 1653 Marcbaboti,
763 1566 889 1638 milites
905 1581 938 1638 et
955 1567 1117 1662 populus.

274 1690 413 1764 Eodem
428 1699 583 1784 tempore
595 1689 871 1762 Mediolanenses
883 1711 963 1760 cnm
980 1699 1051 1762 toto
1064 1711 1183 1764 eornm
1198 1691 1352 1762 exforcio
1364 1699 1399 1762 et
1414 1713 1495 1763 cum
1512 1690 1647 1763 carooio

228 1823 328 1886 erant
345 1835 455 1910 prope
476 1812 630 1885 laudern
653 1815 798 1906 legiam
817 1812 1035 1886 devastantes
1061 1835 1122 1907 per
1147 1815 1385 1908 episcopatum
1407 1809 1543 1904 Laude,
1566 1835 1647 1885 com

225 1937 357 2031 quibos
385 1945 484 2009 erant
508 1957 617 2031 parva
642 1937 817 2029 quantitas
843 1936 990 2008 militum
1018 1937 1249 2008 vercellarum
1277 1945 1312 2008 et
1340 1957 1447 2029 parva
1474 1935 1649 2029 quantitas

226 2061 377 2132 militum
401 2057 407 2157 Ι
429 2059 596 2148 Novaria,
619 2069 858 2132 verumtamen
878 2060 1108 2154 expectabant
1128 2059 1372 2153 Pergamenses
1397 2068 1431 2130 et
1460 2057 1645 2131 Cumanos.
1675 2063 1845 2108 ΨΜ·

277 2184 411 2258 Eodem
435 2193 590 2279 tempore
607 2205 671 2257 rex
694 2183 839 2256 Castelle
854 2193 888 2255 et
912 2183 1026 2256 inians
1044 2183 1126 2256 dom
1152 2184 1272 2255 Petrus
1287 2183 1539 2278 primogenitus
1557 2183 1649 2276 regis

226 2309 462 2404 Aragonensis
492 2309 755 2380 transmiserunt
777 2307 813 2377 in
837 2307 1077 2380 Lombardiam
1105 2306 1385 2402 llaymundinum
1411 2307 1457 2379 de
1476 2307 1650 2399 Mastagiie

228 2435 343 2506 civem
359 2434 526 2506 Cremone
544 2454 622 2504 cum
641 2431 762 2504 litteris
777 2431 959 2502 credcncie
974 2431 1019 2504 ad
1043 2431 1172 2503 amicos
1187 2430 1324 2524 imperii
1340 2431 1376 2501 in
1395 2431 1600 2504 lombardia
1616 2439 1651 2503 et

228 2557 266 2629 in
284 2557 409 2630 Tuscia
431 2557 468 2628 in
494 2557 679 2629 malumst
700 2554 948 2626 detrimentum
965 2551 1015 2651 (a)
1036 2554 1126 2648 regis
1146 2554 1262 2625 Karoli
1287 2553 1423 2626 comitis
1442 2553 1646 2628 Provincie:

230 2681 289 2753 ille
304 2703 369 2752 rex
388 2679 533 2752 Castelle
551 2689 691 2774 propter
714 2678 784 2751 don
804 2677 969 2750 Anricum
993 2681 1128 2750 tratrem
1152 2701 1254 2750 suum
1275 2699 1380 2772 quem
1400 2679 1435 2748 in
1454 2680 1651 2768 carceribus

230 2803 362 2877 detinet
374 2813 410 2875 et
424 2804 537 2874 intans
551 2801 633 2875 dom
649 2802 769 2874 Petrus
782 2811 922 2898 propter
938 2823 1053 2896 regem
1067 2803 1247 2895 quondam
1261 2801 1478 2876 Maniredum
1493 2824 1650 2876 socerum

230 2928 308 3020 ejus
324 2947 430 3020 quem
446 2926 522 3021 ipse
539 2926 686 2999 Karolns
702 2925 830 3000 occidit
851 2925 1052 2998 sufferendo
1070 2927 1134 2997 sibi
1152 2948 1298 3020 regnum
1314 2927 1467 3016 Scicide,
1486 2925 1582 3021 quod
1605 2926 1651 3000 ad

229 3072 269 3124 se
286 3051 372 3124 dicit
390 3049 560 3144 pertinere
581 3071 645 3144 pro
664 3071 775 3122 uxore
790 3053 878 3144 ejus.
898 3049 965 3134 Qui
981 3058 1114 3122 tantum
1131 3059 1292 3145 operatus
1311 3061 1364 3122 est
1388 3051 1424 3122 in
1447 3051 1651 3124 Lombardia

232 3195 295 3268 pro
309 3173 395 3268 ipsis
408 3173 549 3264 regibus
567 3171 666 3266 quod
682 3171 784 3244 amici
804 3193 924 3244 omnes
943 3172 1081 3266 imperii
1103 3171 1147 3244 de
1165 3173 1370 3246 Lombardia
1392 3195 1473 3246 suos
1489 3175 1653 3270 syndicos

231 3307 268 3370 et
282 3307 523 3393 procuratores
540 3295 586 3368 ad
611 3317 731 3390 regem
747 3296 893 3368 Castelle
915 3307 949 3368 et
965 3295 1011 3368 ad
1036 3297 1200 3369 infantem
1220 3297 1301 3370 dom
1318 3298 1455 3371 Petrum
1474 3319 1537 3394 pro
1556 3300 1653 3372 lactis

232 3421 371 3517 imperii
388 3419 668 3510 transmiserunt,
687 3417 816 3492 scilicet
832 3417 1045 3492 Gualterinm
1061 3421 1216 3513 liognam
1233 3423 1347 3493 civem
1360 3423 1478 3516 Papia.

281 3545 346 3616 Die
374 3543 535 3616 mercurii
569 3541 677 3614 Xlllll
705 3543 836 3615 mensis
865 3543 1069 3638 septembris
1091 3543 1363 3616 Mediolanenses
1395 3545 1492 3618 lactis
1523 3547 1654 3640 guastis

233 3671 398 3743 arborum
427 3676 462 3740 et
488 3666 671 3740 vinearum
692 3668 796 3760 juxta
822 3668 996 3741 civitatem
1019 3667 1138 3741 laude
1163 3691 1242 3740 curn
1271 3668 1392 3740 amicis
1418 3690 1538 3742 eornm
1565 3693 1654 3765 quos

233 3793 365 3866 babere
381 3799 586 3887 potnerunt,
605 3791 736 3864 scilicet
751 3791 777 3862 L
790 3791 958 3864 militibus
971 3793 1117 3865 Novarie
1133 3799 1167 3864 et
1179 3791 1354 3883 Terdone,
1375 3793 1606 3866 vercellarum
1621 3805 1656 3868 et

232 3915 411 4014 peditibus
427 3916 581 4009 ipsarum
599 3914 777 3988 civitatum
792 3923 828 3988 et
845 3915 1023 4010 peditibus
1038 3915 1159 3987 Creme
1180 3915 1214 3986 in
1234 3937 1342 4010 parva
1357 3918 1548 4010 quantitate
1566 3921 1655 3990 sicut

233 4042 315 4138 plns
331 4049 501 4135 poterant,
521 4038 700 4112 redierunt
714 4037 760 4110 ad
777 4037 937 4112 Landum
953 4039 1115 4134 Vegium,
1134 4047 1168 4110 et
1186 4051 1286 4134 capta
1305 4041 1461 4114 custodia
1479 4042 1654 4115 tortitudi-

233 4165 290 4238 nis
304 4185 375 4258 qne
391 4163 442 4236 ibi
457 4173 530 4236 erat
548 4183 611 4258 per
628 4171 769 4257 pactum
790 4162 1080 4252 custodiendum,
1101 4165 1197 4236 lactis
1215 4165 1349 4237 fossatis
1364 4176 1399 4238 et
1414 4167 1546 4260 spaldis
1562 4166 1654 4238 circa
1718 4179 1724 4188 “

234 4286 396 4361 landum
415 4287 564 4380 Vegium
579 4295 614 4360 et
630 4285 747 4358 relicta
760 4287 809 4358 ibi
829 4287 985 4358 custodia
1009 4289 1156 4358 militum
1174 4299 1208 4362 et
1235 4289 1390 4382 peditum
1409 4291 1558 4384 civitatis
1574 4293 1654 4364 Me-

236 4411 386 4502 diolani,
407 4433 487 4483 oum
511 4409 672 4482 somariis
693 4419 727 4481 et
747 4409 875 4481 banitis
895 4411 1044 4482 civitatis
1059 4411 1178 4483 Laude
1200 4413 1245 4484 ad
1258 4414 1396 4508 propria
1412 4425 1494 4486 sunt
1510 4415 1650 4488 reversi.

284 4533 417 4608 Eodem
433 4545 587 4629 tempore
599 4533 643 4608 de
657 4555 776 4606 mense
791 4533 930 4628 angusti
950 4535 1108 4628 proxime
1125 4535 1303 4630 proterrito
1317 4537 1561 4631 rexllragonie
1575 4561 1653 4610 cum

235 4659 430 4755 quantitate
446 4657 592 4728 militnm
610 4667 819 4730 armatorum
840 4657 998 4729 transivit
1016 4659 1104 4731 ultra
1123 4682 1217 4732 mare
1234 4682 1296 4757 pro
1316 4660 1432 4734 danda
1449 4660 1519 4735 filia
1538 4685 1601 4736 sua
1619 4664 1654 4735 in

280 4803 323 4884 (a)
345 4804 380 4864 In
395 4803 495 4864 codiee
507 4801 730 4865 dcocmcotam.

1459 4921 1497 4974 38
