4594 6066
605 633 666 698 226
1084 635 1325 698 GllllONlCON
1350 637 1401 697 Illi
1425 635 1554 698 lillliUS

605 767 672 842 sibi
689 769 855 864 peccunia
871 770 928 842 vel
944 769 1039 863 quod
1055 781 1184 844 mestus
1198 781 1271 844 erat
1287 770 1332 844 de
1351 793 1393 844 eo
1409 769 1505 866 quod
1524 771 1662 842 fecerat.
1678 771 1815 844 Timens
1828 770 2016 846 adventum

605 891 819 984 banitorum,
844 913 992 986 qnorum
1015 895 1121 968 etiam
1147 897 1312 990 expulsor
1336 905 1371 967 et
1392 903 1591 991 persecutor
1609 894 1786 985 extiterat,
1805 896 2016 970 recalcitrare

604 1015 714 1090 voluit
730 1024 765 1088 et
780 1015 982 1089 malefacere
996 1028 1114 1091 contra
1129 1019 1311 1114 populum,
1331 1027 1366 1092 et
1384 1018 1505 1091 habito
1517 1025 1665 1092 tractatu
1683 1039 1762 1090 cnm
1777 1019 1905 1092 Uberto
1919 1019 2016 1094 Curto

607 1149 641 1214 et
661 1139 791 1212 tohane
807 1139 853 1214 de
867 1138 992 1233 bgado
1015 1149 1050 1216 et
1071 1143 1164 1233 aliis,
1184 1142 1317 1238 putauit
1335 1142 1451 1215 redire
1467 1141 1516 1236 (a)
1536 1141 1709 1216 civitatem
1728 1151 1763 1214 at
1783 1143 1952 1238 populum
1976 1144 2018 1218 ad

606 1264 756 1360 priorem
772 1271 911 1336 statum.
931 1263 1008 1348 Quo
1024 1265 1110 1338 scito
1124 1287 1187 1359 per
1209 1273 1409 1361 potestatem
1433 1264 1553 1360 populi
1574 1274 1609 1338 et
1633 1265 1752 1360 populi
1773 1266 1884 1356 viros,
1903 1274 2019 1360 eaptus

607 1388 673 1460 fuit
688 1387 763 1482 ipse
779 1385 963 1460 Antelinns
980 1395 1014 1460 et
1031 1395 1257 1462 tormentatus
1278 1389 1395 1462 valde.
1423 1389 1481 1460 Set
1497 1387 1579 1482 quia
1607 1387 1645 1462 id
1662 1389 1758 1482 quod
1780 1385 1929 1461 faciebat
1948 1389 2020 1483 pla·

606 1511 707 1584 cebat
734 1508 876 1584 domino
897 1511 1025 1585 Uberto
1050 1510 1095 1584 de
1118 1513 1312 1606 Niquitate,
1336 1513 1475 1585 nolebat
1499 1513 1593 1584 enim
1619 1511 1734 1586 dictus
1757 1513 1907 1586 Ubertus
1929 1512 2019 1606 quod

607 1635 740 1708 banniti
756 1634 801 1708 de
815 1634 947 1709 Audito
964 1635 1071 1708 etalii
1095 1635 1247 1710 redirent
1269 1637 1306 1708 in
1319 1636 1510 1726 civitatem,
1527 1635 1682 1732 permisit
1693 1657 1775 1710 eum
1792 1637 1889 1708 abire
1901 1637 2019 1732 impu-

608 1783 694 1833 nens
704 1759 982 1856 (sic)expelendo
998 1760 1111 1855 ipsum
1129 1759 1175 1833 de
1191 1760 1330 1833 civitate
1344 1761 1380 1832 in
1395 1759 1608 1852 confinibus3
1625 1769 1660 1833 et
1674 1760 1721 1833 ita
1733 1783 1813 1856 pars
1825 1769 1900 1832 orta
1918 1760 2020 1834 estin

606 1885 756 1980 populo;
775 1893 888 1957 tamen
910 1885 967 1956 illa
985 1906 1056 1979 que
1070 1883 1198 1958 dicitnr
1213 1884 1428 1978 imperatoris
1448 1884 1611 1957 obtinuit.
1630 1886 1722 1957 Dum
1735 1885 1800 1958 hec
1817 1895 1970 1978 aguntur
1987 1884 2020 1956 in

606 2008 796 2098 Placentia,
821 2009 857 2078 in
884 2010 970 2081 festo
993 2010 1109 2082 Sancti
1129 2009 1297 2082 Leonardi
1322 2019 1465 2082 tractate
1489 2012 1629 2083 fuerunt
1646 2009 1756 2083 littere
1780 2011 1865 2082 false
1883 2031 1945 2105 per
1960 2009 2019 2082 ali·

606 2155 695 2228 quos
722 2133 882 2206 inimicos
902 2132 1025 2228 Philipi
1043 2120 1259 2207 llicedomini
1277 2143 1312 2206 et
1333 2134 1422 2206 Petri
1445 2133 1490 2206 de
1511 2133 1698 2206 ltlalvicino
1714 2133 1776 2228 qni
1790 2133 2018 2229 principatum

606 2259 697 2330 illius
712 2254 862 2330 civitatis
878 2279 940 2352 per
956 2257 1018 2330 XV
1038 2277 1148 2331 annos
1164 2258 1401 2350 obtinuerant,
1418 2259 1509 2330 male
1527 2267 1710 2330 tractantes
1730 2257 1807 2330 illos
1824 2256 1871 2330 de
1891 2257 2020 2331 Andito

606 2390 641 2456 et
663 2381 821 2454 homines
839 2379 885 2454 de
901 2381 1031 2476 populo
1049 2390 1084 2453 et
1100 2391 1232 2478 partem
1254 2381 1373 2477 populi
1396 2381 1493 2476 quod
1508 2382 1598 2453 male
1616 2379 1809 2454 debuerant
1829 2379 1963 2454 dixisse
1980 2381 2020 2454 de

606 2513 775 2602 potestate
799 2507 919 2600 populi
948 2514 984 2577 et
1007 2503 1053 2577 de
1072 2505 1148 2600 ipso
1169 2505 1313 2601 populo;
1343 2513 1378 2577 et
1403 2505 1531 2578 habitis
1557 2505 1643 2600 ipsis
1671 2505 1792 2577 litteris
1816 2504 1862 2577 ad
1891 2514 2021 2598 portam

607 2629 717 2702 Strata
735 2631 879 2719 Levate,
905 2629 994 2700 sicut
1014 2628 1211 2700 ordinatum
1236 2636 1326 2717 erat,
1348 2628 1424 2724 ipse
1451 2628 1615 2701 dominus
1639 2636 1790 2723 potestas
1819 2629 1940 2724 populi
1963 2630 2022 2725 qni

606 2755 700 2850 ipsos
718 2754 801 2827 odio
815 2752 966 2828 habebat
988 2763 1107 2826 contra
1121 2775 1180 2826 eos
1194 2775 1231 2824 se
1249 2754 1410 2847 opposuit
1427 2753 1550 2826 volens
1563 2774 1622 2826 eos
1640 2773 1763 2848 capere
1779 2761 1814 2825 et
1830 2752 2019 2826 destruere.

607 2876 678 2951 Sed
701 2877 769 2973 ipsi
794 2877 1084 2968 absentaverunt,
1107 2887 1142 2949 et
1163 2875 1346 2948 destructis
1376 2875 1542 2949 domibus
1562 2885 1596 2948 et
1613 2876 1720 2948 rebus
1740 2877 1861 2948 eornm
1888 2876 2023 2972 expulsi

609 3000 655 3075 de
676 3001 816 3075 civitate
834 3001 1008 3074 Placentia
1027 3001 1160 3072 banniti
1178 3009 1273 3072 sunt.
1294 3001 1361 3074 lies
1377 3001 1492 3094 agitur
1514 3000 1551 3071 in
1580 3001 1710 3072 malum
1734 3000 1771 3071 in
1793 3000 1886 3093 dies,
1908 3009 1943 3073 et
1964 3022 2024 3096 po

609 3126 713 3221 pulus
737 3127 774 3198 in
795 3127 882 3198 festo
897 3125 1060 3198 Omnium
1082 3127 1286 3198 Sanctorum
1306 3123 1451 3197 donavit
1471 3123 1613 3196 domino
1635 3124 1762 3197 Uberto
1784 3124 1830 3198 dc
1853 3125 2024 3218 Niqnitate

609 3271 671 3346 pro
688 3270 759 3322 uno
779 3249 938 3322 ansereC
957 3250 1063 3320 libras
1078 3248 1310 3336 Placentinae,
1331 3255 1366 3320 et
1382 3246 1524 3320 domino
1536 3246 1594 3318 Ma
1615 3243 1621 3342 Ι
1643 3245 1723 3319 tbeo
1736 3246 1781 3319 de
1795 3245 1951 3340 Corrigio
1965 3267 2024 3344 po

610 3373 723 3447 testati
734 3372 931 3446 communis
942 3371 1114 3445 Placentia
1129 3372 1282 3444 fecerunt
1296 3371 1362 3443 sibi
1374 3370 1424 3467 (b)
1434 3370 1553 3444 donari
1565 3379 1600 3442 et
1611 3369 1766 3445 ordinari
1780 3371 1871 3442 ultra
1885 3370 2023 3445 feodum

609 3521 714 3572 snum
731 3497 782 3571 CC
797 3497 904 3570 libras
919 3497 1131 3592 placentinae
1156 3505 1196 3567 nt
1213 3497 1390 3570 videretur
1409 3517 1447 3568 se
1464 3497 1555 3570 bene
1573 3495 1706 3568 rexisse
1722 3496 1759 3567 in
1775 3497 1865 3568 facto
1885 3497 2021 3591 populi3

610 3632 646 3696 et
668 3620 765 3694 linito
789 3621 959 3714 regimine
990 3642 1072 3708 suo,
1097 3621 1226 3693 electus
1257 3621 1322 3692 fuit
1347 3621 1383 3692 in
1410 3629 1612 3716 potestatem
1637 3621 1831 3692 communis
1854 3619 2024 3692 Placentia

610 3747 697 3818 Nata
714 3744 760 3818 de
777 3743 962 3817 Grimaldis
978 3744 1066 3816 civis
1083 3745 1194 3816 Janue
1209 3745 1268 3838 qui
1283 3744 1417 3838 juravit
1434 3753 1564 3817 secrete
1579 3744 1691 3816 facere
1706 3743 1863 3836 regimen
1878 3743 2024 3816 civitatis

612 3868 785 3942 Placentia
799 3868 845 3940 ad
863 3877 990 3940 statum
1009 3877 1044 3940 et
1061 3868 1274 3939 voluntatem
1295 3867 1414 3962 populi
1438 3877 1472 3939 et
1494 3876 1665 3940 rectorum
1684 3869 1777 3960 ejns3
1800 3865 1896 3960 qnod
1920 3877 2024 3940 totum

613 3990 803 4086 denegavit
827 3999 862 4063 et
886 3991 998 4062 lacere
1021 4012 1091 4063 non
1115 3989 1266 4080 curavit,
1285 3997 1319 4062 et
1340 3989 1436 4063 venit
1462 3989 1508 4062 ad
1531 3989 1685 4085 regimen
1710 3989 1859 4062 civitatis
1883 3999 1919 4062 et
1943 3989 2025 4064 illud

611 4115 741 4211 juravit
765 4116 877 4187 facere
903 4113 1097 4186 secundnm
1123 4115 1362 4188 ordinamenta
1385 4125 1419 4184 et
1443 4121 1570 4228 statuta
1590 4113 1739 4186 civitatis
1756 4113 1940 4201 Placentia,
1968 4113 2027 4186 ad·

612 4242 734 4334 juncto
758 4239 825 4311 sibi
850 4239 886 4309 in
907 4250 1120 4312 sacramento
1144 4240 1220 4330 eius
1245 4238 1342 4333 quod
1369 4259 1439 4310 non
1469 4247 1641 4310 teneretur
1664 4259 1768 4332 super
1791 4238 1880 4309 lacto
1906 4237 2026 4310 banni-

615 4373 728 4438 tcrum
755 4363 815 4457 qui
845 4363 962 4436 adhuc
993 4373 1111 4436 contra
1134 4363 1309 4435 civitatem
1330 4363 1499 4434 Placentia
1519 4370 1628 4434 erant.
1652 4361 1697 4434 Et
1719 4363 1852 4435 intrans
1873 4363 2026 4456 regimen

742 4541 751 4600 l
806 4559 820 4600 r
851 4537 938 4600 rduc
970 4559 996 4602 a.

655 4539 698 4728 {dd
719 4542 856 4710 ls'drdbdn
869 4558 1029 4728 legeddnm
1044 4667 1053 4710 a
1069 4654 1098 4709 ct
1117 4643 1249 4708 donum
1261 4643 1394 4708 narbas
1408 4645 1540 4728 Coripiua
1554 4651 1684 4726 potesta
1701 4644 1858 4706 communia
1877 4640 2026 4706 Placentia

605 4751 802 4836 saerataibt,
818 4761 876 4816 stc.
