4554 6080
797 720 839 778 ΙΝ
864 715 1006 778 ΙΤΑΗΑ
1029 714 1182 777 GESTlS.
1638 720 1698 784 31¹1

277 857 429 930 Xnardis
448 857 510 952 qui
534 867 607 929 erat
627 859 779 952 potestas
797 855 901 948 Papie
922 852 1042 926 habito
1072 851 1209 924 sallario
1231 871 1295 922 suo
1315 859 1351 922 et
1373 850 1461 924 ultra
1479 852 1508 922 D
1525 853 1611 926 libra
1629 857 1698 929 Pa·

278 981 418 1078 pieneia·
429 981 586 1072 recedat3
602 990 637 1054 et
649 983 726 1054 loo'o
747 979 801 1052 sni
820 980 999 1072 elegerunt
1017 983 1218 1071 potestatem
1237 975 1430 1048 eommunis
1454 976 1558 1072 Papie
1573 981 1697 1052 volun-

278 1114 348 1179 tute
357 1107 513 1202 parcium
521 1105 948 1179 dominumLanlramcum
958 1100 1160 1174 deXoardis
1166 1108 1368 1195 potestatem
1378 1100 1484 1196 Papie
1496 1102 1556 1195 qui
1568 1105 1699 1194 juravit

277 1231 432 1325 regimen
460 1229 518 1303 die
540 1230 634 1324 jovis
661 1230 691 1302 V
719 1227 849 1301 mensis
862 1227 975 1318 junii;
1002 1226 1084 1298 item
1103 1226 1199 1319 qnod
1218 1224 1431 1319 Bassignana
1457 1229 1637 1321 perveniat
1660 1229 1697 1300 in

277 1354 384 1428 loreia
401 1354 536 1428 domini
557 1353 648 1426 Ulvii
668 1352 804 1445 Georgii
823 1351 1002 1447 potestatis
1027 1350 1176 1422 militnm
1190 1349 1297 1444 Papie
1323 1361 1357 1422 et
1373 1349 1505 1422 domini
1523 1352 1697 1426 Guillelmi

277 1479 322 1554 de
344 1481 444 1554 Petra
464 1479 640 1576 potestatis
658 1478 776 1574 populi
795 1487 830 1551 et
848 1477 953 1550 debet
978 1475 1102 1548 durare
1124 1477 1279 1569 regimen
1301 1479 1478 1572 potestatis
1502 1480 1697 1553 eommunis

276 1615 311 1679 et
325 1605 505 1702 potestatis
516 1605 664 1676 militnm
679 1613 713 1676 et
728 1603 866 1700 populi,
880 1625 900 1674 a
912 1599 1071 1674 kalendis
1078 1600 1228 1694 januarii
1242 1622 1352 1696 usqne
1364 1601 1410 1674 ad
1423 1624 1533 1674 unum
1549 1626 1694 1696 annum,

276 1739 311 1802 et
329 1729 389 1802 die
405 1727 540 1802 sabbati
561 1729 623 1799 Vll
639 1729 768 1800 mensis
778 1726 869 1819 junii
887 1727 1101 1798 intraverunt
1118 1725 1245 1797 milites
1257 1725 1374 1819 Pepie.
1394 1725 1525 1799 Eodem
1543 1735 1696 1825 tempore

279 1852 325 1926 de
346 1875 466 1926 mense
483 1852 602 1948 aprilis
625 1851 785 1946 proximo
807 1850 968 1946 preterito
989 1849 1146 1923 homines
1164 1849 1302 1921 Taurini
1327 1850 1475 1923 totaliter
1493 1871 1532 1922 se
1554 1861 1590 1924 et
1607 1853 1696 1926 oiri·

276 1987 381 2049 tatem
409 1998 509 2049 snam
537 1984 572 2050 et
597 1984 708 2048 caetra
731 1983 765 2046 et
782 1973 1026 2066 jurisdiciones
1052 1983 1086 2046 et
1114 1973 1262 2046 honores
1286 1973 1435 2046 civitatis
1461 1972 1633 2047 dederunt
1660 1987 1695 2050 et

276 2099 649 2174 recommendavernnt
664 2097 739 2192 regi
750 2098 879 2170 Xarnlo
895 2117 975 2169 cum
990 2097 1106 2168 multis
1123 2097 1230 2192 pactis
1245 2106 1280 2168 et
1297 2097 1590 2172 convencionibus
1604 2101 1696 2173 inter

275 2245 336 2297 eos
361 2221 531 2317 adjectis:
554 2221 651 2318 quod
676 2220 782 2295 valde
806 2220 965 2316 displicet
981 2220 1180 2294 hominibus
1201 2219 1286 2293 dete
1301 2221 1363 2316 qui
1385 2221 1493 2318 ipsam
1517 2222 1691 2298 civitatem

274 2347 449 2420 habebant
465 2347 502 2419 in
525 2367 590 2419 ena
608 2345 786 2432 custodia,
802 2345 1003 2438 expelentes
1019 2353 1220 2440 potestatem
1235 2353 1269 2416 et
1287 2353 1392 2417 totam
1410 2345 1576 2417 familiam
1593 2367 1694 2420 suam

272 2471 335 2566 qui
357 2481 432 2544 eret
455 2471 500 2544 de
523 2473 606 2544 Aste
631 2469 676 2544 de
697 2470 837 2543 civitate
854 2469 1013 2552 Taurini;
1030 2469 1122 2562 quod
1141 2469 1251 2542 eciam
1267 2467 1372 2542 valde
1393 2469 1552 2564 displicet
1577 2467 1694 2544 comiti

273 2595 413 2668 Sevolie
437 2595 499 2690 qni
526 2593 685 2668 homines
711 2593 850 2668 Taurini
874 2595 1027 2666 maxime
1052 2591 1134 2665 odio
1158 2593 1275 2666 habet.
1306 2593 1435 2666 Eodem
1461 2605 1613 2692 tempore
1636 2595 1695 2669 die

267 2721 364 2814 jovis
380 2721 475 2792 XXll
498 2719 629 2792 mensis
652 2717 760 2790 medii
784 2717 821 2788 in
838 2717 1053 2792 Adsensione
1069 2716 1206 2790 Domini
1221 2717 1449 2790 Alexandrini
1467 2719 1704 2795 communiter

272 2867 311 2918 se
338 2855 373 2918 et
397 2845 572 2918 civitatem
597 2861 695 2916 suern
723 2851 758 2915 et
781 2842 937 2938 quinque
967 2841 1108 2914 castella
1132 2850 1168 2914 et
1195 2839 1343 2914 honores
1370 2853 1406 2914 et
1431 2843 1693 2936 jurisdicionem

272 2968 423 3042 civitatis
448 2968 596 3040 totaliter
614 2965 786 3040 dederunt
808 2975 843 3038 et
866 2973 1110 3039 concesserunt
1129 2963 1201 3058 regi
1228 2965 1375 3057 Xarulo,
1403 2967 1534 3040 seilicet
1551 2968 1693 3043 domino

271 3093 419 3166 lieberto
434 3092 480 3166 de
494 3091 617 3164 Arena
632 3089 682 3186 (a)
704 3092 779 3184 ejus
797 3090 946 3181 vicario,
963 3111 1027 3184 pro
1049 3111 1091 3162 eo
1106 3089 1307 3184 expelentes
1326 3089 1371 3162 de
1387 3091 1527 3164 civitate
1539 3091 1692 3168 Alexan·

271 3217 348 3290 drie
361 3217 498 3312 judiees
519 3229 553 3288 et
575 3215 740 3288 familiam
766 3214 899 3287 domini
923 3215 1117 3286 Francisohi
1144 3213 1188 3288 de
1212 3216 1336 3288 Lature
1361 3218 1423 3311 qui
1447 3229 1521 3290 erat
1541 3225 1703 3314 potestas

270 3340 502 3432 Alexandria,
521 3341 739 3435 imponentes
759 3338 898 3432 signum
924 3337 1186 3410 eive'rexillum
1202 3339 1292 3432 regis
1314 3339 1430 3412 Karoli
1453 3363 1557 3437 super
1584 3347 1690 3418 turim

271 3464 465 3538 eommunis
486 3487 567 3536 oum
586 3461 732 3536 trumbis
749 3471 784 3534 et
799 3461 967 3534 cimbanis
986 3471 1021 3534 et
1041 3483 1168 3553 magno
1188 3462 1417 3556 gaudiosum
1442 3467 1560 3538 multis
1580 3470 1690 3563 pactis

270 3598 306 3662 et
319 3575 610 3662 conventionibus
626 3587 716 3658 inter
737 3606 796 3658 eos
816 3583 973 3678 adjectis.
991 3583 1093 3668 Quod
1112 3587 1240 3658 laetum
1260 3585 1363 3660 valde
1386 3588 1543 3682 displicet
1562 3592 1628 3664 illis
1645 3591 1691 3666 de

268 3713 396 3786 Lature
420 3721 455 3784 et
481 3709 682 3784 hominibus
708 3708 914 3798 Mediolani,
942 3717 1080 3803 propter
1104 3709 1201 3802 quod
1223 3709 1363 3783 videtur
1383 3713 1563 3787 manifeste
1593 3717 1689 3810 quod

269 3835 390 3910 odium
404 3834 531 3910 debeat
547 3833 642 3908 nasei
661 3833 883 3926 interregem
900 3831 1063 3906 Karolnm
1079 3842 1115 3906 et
1134 3833 1291 3910 homines
1305 3836 1505 3910 Mediolani.
1524 3841 1690 3935 Displicet

268 3959 379 4033 eciam
401 3961 529 4032 lectum
550 3958 644 4032 istud
665 3957 855 4032 marchioni
879 3957 1101 4030 Montisfereti
1119 3959 1179 4054 qui
1203 3959 1287 4032 dicit
1305 3961 1462 4034 homines
1478 3962 1690 4038 Alexandrie

268 4104 352 4156 suos
368 4083 526 4156 homines
541 4103 629 4156 esse.
649 4081 712 4154 Die
728 4081 851 4154 mertis
871 4081 995 4152 XXVII
1015 4083 1143 4154 mensis
1159 4082 1266 4155 madii
1282 4105 1363 4156 oum
1385 4085 1563 4158 Mantuani
1581 4087 1688 4160 hosti·

268 4206 347 4278 liter
365 4227 445 4278 enm
464 4205 515 4280 CC
530 4205 697 4278 militibus
714 4203 858 4296 Parme,
877 4204 1081 4278 Cmilitibus
1096 4206 1267 4297 Bononie,
1283 4208 1309 4278 L
1323 4209 1491 4282 militibus
1507 4211 1638 4287 Mutine
1653 4224 1689 4286 et

266 4330 362 4403 XXV
377 4329 547 4402 militibus
563 4330 662 4422 Regii
683 4326 691 4426 Ι
712 4339 745 4402 et
763 4330 839 4401 eliis
859 4330 933 4402 suis
948 4330 1069 4402 amieis
1082 4330 1226 4403 ivissent
1247 4332 1283 4404 in
1299 4332 1534 4428 episoopatum
1553 4337 1688 4412 Verona
1713 4359 1878 4410 raam.

267 4476 374 4530 cansa
389 4453 608 4544 offendendi,
625 4453 671 4526 de
681 4476 832 4548 quorum
846 4453 1003 4528 adventu
1017 4455 1230 4528 veronenses
1244 4455 1356 4552 primo
1370 4479 1448 4528 cum
1466 4461 1687 4558 eorum'insi-

268 4578 338 4652 diis
356 4587 428 4650 toto
441 4577 598 4650 exforcio
614 4577 781 4650 insultum
801 4579 837 4648 in
853 4597 914 4650 eos
931 4578 1095 4651 facientes
1112 4579 1256 4651 viriliter
1270 4601 1350 4652 oum
1369 4582 1491 4656 militia
1510 4594 1544 4656 et
1558 4589 1687 4682 populo

267 4703 431 4776 universo
450 4701 586 4776 Verone
612 4701 711 4796 ipsos,
728 4701 935 4776 Mantuanos
959 4711 993 4774 et
1018 4713 1123 4776 totam
1147 4723 1266 4776 eorum
1291 4715 1429 4799 gentem
1457 4707 1632 4802 fregerunt
1653 4723 1688 4784 et

309 4845 351 4926 (a)
372 4846 493 4908 Boetius
507 4843 542 4907 dt
554 4845 684 4908 taum.
