4554 6080
813 669 855 730 lbl
880 667 1021 728 latum
1045 668 1197 730 GESTlS.
1659 667 1721 730 ³15
1791 671 1796 684 '

296 801 445 874 minium
467 803 529 894 vel,
542 801 737 896 segnoriam
756 801 861 876 debat
873 801 1003 876 habere
1020 802 1056 875 in
1074 803 1214 876 civitate
1227 802 1328 876 Pisis.
1344 803 1590 879 Verumtamen
1605 801 1721 876 Pisani

298 924 458 998 debente
473 924 632 1000 kalendis
641 925 792 1020 januarii
810 927 846 998 in
863 935 964 1000 antea
979 927 1135 1023 accipere
1149 934 1317 1000 rectorem
1332 925 1376 998 da
1392 926 1458 998 illis
1473 925 1672 998 civitatibus
1686 935 1722 1000 et

296 1047 499 1122 bominibus
511 1049 573 1143 qni
589 1058 669 1122 sunt
682 1071 727 1122 ex
743 1058 839 1144 parte
852 1050 1024 1142 Ecclesie,
1043 1051 1142 1124 salvo
1157 1049 1252 1144 qnod
1263 1049 1292 1122 si
1307 1048 1492 1144 imperinm
1506 1049 1717 1146 apparuerit,

297 1171 394 1266 qood
411 1173 527 1246 Pisani
546 1195 615 1246 non
640 1182 800 1246 tenentur
822 1173 869 1246 ud
887 1174 1055 1270 predicta.
1080 1173 1143 1246 Die
1164 1174 1302 1246 veneris
1323 1171 1435 1244 XXVI
1456 1171 1584 1244 mensis
1602 1171 1721 1267 aprilis

297 1293 546 1379 Cremonenses
564 1296 712 1370 servicio
730 1299 925 1370 eommunis
939 1297 1126 1372 Mediolani
1146 1305 1180 1370 et
1195 1297 1331 1370 illorum
1345 1295 1391 1368 de
1406 1297 1529 1368 Latnre
1540 1295 1601 1391 qni
1616 1317 1722 1392 snper

295 1418 495 1495 Laudenses
519 1421 642 1494 volunt
665 1421 777 1494 facere
794 1422 1002 1512 exereitum,
1021 1443 1142 1495 eorum
1164 1421 1337 1492 earocinm
1355 1427 1598 1511 extraxerunt3
1623 1419 1721 1515 qnod

296 1563 378 1614 enm
396 1544 463 1616 fuit
482 1553 583 1618 extra
597 1545 798 1637 eeclesiam,
819 1546 935 1642 perioa
951 1548 1027 1640 ejus
1045 1544 1170 1618 oeeidit
1193 1553 1228 1618 et
1243 1543 1410 1618 banderie
1429 1552 1464 1616 et
1484 1543 1669 1616 conianoni
1683 1543 1720 1614 in

295 1675 386 1742 terra
405 1695 415 1740 ε
437 1668 482 1742 da
496 1692 567 1765 qno
579 1672 726 1742 multum
741 1679 823 1744 sont
839 1671 939 1744 mesti
958 1671 1218 1744 Cremonenses.

345 1793 408 1866 Die
422 1793 598 1868 dominioo
612 1795 674 1868 llll
687 1795 816 1868 mensis
830 1795 938 1883 madii
953 1795 1117 1868 dominns
1129 1793 1269 1868 Bossius
1284 1791 1330 1865 de
1347 1792 1498 1866 Dovaria
1512 1813 1592 1864 enm
1612 1790 1637 1864 C
1650 1791 1720 1864 cal·

295 1915 520 1992 vaeatoribns
536 1919 643 2015 Papie
662 1927 697 1992 et
712 1941 793 1992 oum
809 1919 978 1992 militibus
994 1919 1087 2012 suis,
1104 1918 1274 1990 militibus
1292 1938 1432 2012 quoqne
1448 1917 1567 1990 Laude
1582 1923 1617 1988 et
1640 1937 1720 1988 cnm

295 2043 495 2137 quingentis
506 2043 684 2140 peditibus
701 2045 869 2118 Cremona
883 2045 945 2140 qui
959 2065 1079 2118 seeum
1097 2051 1195 2118 erant
1210 2043 1247 2114 in
1260 2041 1399 2114 civitate
1411 2040 1547 2134 Laude,
1564 2041 1611 2115 ad
1629 2051 1719 2115 trae·

296 2175 405 2240 tatnm
415 2168 552 2242 illorum
567 2168 613 2241 de
624 2169 905 2242 Manebastrumo
919 2169 965 2242 de
977 2167 1144 2240 Cremona
1157 2167 1219 2262 qui
1235 2167 1280 2240 de
1291 2165 1528 2259 Franganesro
1541 2164 1717 2258 dicuntur,

297 2291 471 2386 equitavit
483 2311 596 2388 nsque
608 2291 654 2366 ad
665 2292 823 2366 Castrum
838 2293 976 2366 Novum
989 2291 1035 2366 de
1047 2293 1139 2366 buca
1154 2290 1281 2364 Addua
1292 2299 1327 2363 et
1338 2289 1459 2385 positis
1473 2289 1609 2362 insidiis
1615 2291 1721 2384 juxto

296 2413 384 2488 illud
404 2423 555 2488 oestrum
574 2425 613 2487 nt
629 2415 773 2490 haberet
789 2415 891 2506 illud,
912 2418 1058 2490 sentitur
1075 2413 1136 2515 [et]
1156 2415 1221 2488 luit
1238 2415 1288 2488 ita
1301 2414 1397 2508 quod
1416 2413 1465 2486 nil
1479 2414 1592 2486 lacere
1609 2414 1722 2508 potuit

296 2546 331 2609 et
352 2547 532 2614 revertens
551 2540 728 2634 guernivit
751 2549 902 2614 castrum
921 2541 1058 2614 illorum
1080 2539 1126 2614 do
1144 2539 1425 2614 Manebasturmo
1447 2537 1509 2632 qni
1534 2559 1647 2632 usqne
1674 2537 1721 2612 ad

295 2661 394 2734 illum
412 2663 685 2738 diemsteterunt
701 2665 864 2738 cumillis
883 2663 1084 2738 decivitate
1101 2665 1267 2736 Cremone
1288 2663 1325 2734 in
1343 2661 1547 2754 eoncordia,
1563 2661 1612 2734 ite
1625 2661 1722 2757 qnod

295 2808 389 2860 unus
403 2788 548 2862 alterum
565 2810 635 2862 non
647 2789 865 2880 offendebat3
882 2797 917 2862 et
931 2789 977 2862 ab
998 2789 1056 2862 illa
1075 2788 1134 2862 die
1148 2789 1184 2860 in
1201 2797 1303 2861 antea
1320 2789 1400 2861 facti
1416 2797 1498 2860 sunt
1513 2787 1629 2885 palam
1646 2786 1722 2858 ini-

295 2910 377 2982 mici
390 2911 673 2986 Cremonensium
688 2913 954 2986 intrinseoorum
967 2921 1002 2986 et
1017 2913 1121 2986 amici
1137 2912 1267 3008 publici
1282 2921 1317 2984 et
1332 2910 1454 2984 fideles
1466 2911 1598 2986 domini
1610 2911 1721 2984 Bossii

296 3044 331 3107 et
349 3036 457 3130 partis
480 3057 544 3110 sue
559 3047 594 3110 et
617 3037 789 3133 recipiunt
806 3059 927 3110 omnes
954 3037 991 3109 in
1011 3047 1123 3110 castro
1144 3035 1220 3133 ipso
1241 3035 1397 3110 volentes
1423 3057 1583 3128 guerram
1608 3037 1722 3110 lacere

296 3161 473 3234 commoni
487 3160 664 3236 Cremone.
685 3163 736 3234 De
749 3183 821 3257 qno
836 3163 926 3234 lueto
944 3163 1091 3234 multum
1111 3169 1192 3232 sont
1210 3160 1347 3232 strimiti
1364 3161 1455 3256 (ric)
1474 3160 1720 3248 Cremonenses

295 3283 472 3358 intrinseci
491 3295 526 3362 et
543 3285 664 3360 timent
686 3285 733 3360 ad
753 3295 898 3360 mortem
922 3285 1006 3380 qnia
1032 3293 1182 3356 castrum
1201 3283 1290 3357 illud
1307 3293 1358 3356 est
1379 3285 1483 3356 situm
1506 3305 1615 3379 prope
1633 3285 1721 3374 eivi-

294 3415 401 3487 tatem
424 3407 591 3484 Cremona
608 3431 670 3506 per
689 3409 766 3484 lllll
790 3409 937 3484 miliaria
954 3416 989 3481 et
1011 3416 1063 3482 est
1087 3405 1191 3480 valde
1210 3407 1295 3480 forte
1312 3417 1347 3478 et
1369 3407 1498 3500 optime
1517 3409 1719 3501 guarnitum

296 3528 342 3605 de
356 3533 519 3605 omnibns
535 3533 753 3608 necessariis.
768 3534 833 3606 Die
847 3533 985 3606 veneris
1001 3532 1093 3605 Vllll
1109 3529 1238 3604 mensis
1256 3530 1364 3603 madii
1379 3531 1505 3604 milites
1516 3531 1623 3627 Papia
1638 3553 1720 3606 cnm

295 3655 572 3730 calvaootoribus
586 3657 691 3752 Papie
716 3657 898 3752 ingeniose
914 3666 949 3730 et
963 3657 1136 3752 sapienter
1151 3653 1394 3748 equitaverunt
1410 3676 1532 3728 versus
1548 3657 1720 3752 Bassega·

296 3801 390 3852 nnm.
407 3780 532 3854 Milites
550 3781 655 3876 Papie
678 3802 759 3854 oum
781 3781 891 3875 signis
914 3790 949 3853 et
965 3779 1113 3852 trumbis
1132 3787 1300 3852 steterunt
1318 3778 1354 3850 in
1370 3777 1506 3851 insidiis
1528 3779 1631 3871 juxta
1649 3779 1718 3852 tlu-

295 3901 394 3974 vium
409 3901 543 3996 Agonis
561 3902 607 3976 de
625 3903 749 3976 subtus
772 3905 984 3994 Lomellnm3
1008 3905 1239 3977 calvaoetores
1262 3921 1346 3976 vero
1370 3903 1549 3996 elegerunt
1569 3925 1617 3976 ex
1633 3903 1719 4000 ipsis

295 4044 454 4096 cursores
473 4025 565 4096 eirea
587 4035 725 4100 eentum
744 4027 806 4122 qui
830 4035 1041 4100 onourerunt
1061 4049 1121 4122 per
1142 4025 1357 4122 campaniam
1378 4025 1534 4098 levantes
1555 4047 1718 4120 magnam

294 4146 453 4242 prodam.
473 4148 574 4222 Unde
594 4151 716 4224 levatis
733 4151 883 4246 insignis
901 4162 936 4224 et
952 4152 1041 4224 visis
1055 4173 1115 4248 per
1133 4152 1209 4224 illos
1227 4151 1272 4226 de
1294 4151 1483 4245 Bassigana
1507 4164 1719 4227 oncnrerunt

293 4271 339 4344 ed
357 4272 493 4346 oridnm
510 4273 635 4348 milites
651 4274 697 4348 de
714 4277 905 4370 Bassigana
923 4299 1003 4350 onm
1018 4275 1069 4350 CC
1087 4276 1360 4350 cavalcatoribus
1380 4275 1565 4348 Mediolani
1579 4279 1640 4372 qui
1654 4301 1717 4374 per

293 4415 478 4470 oommnne
494 4397 681 4470 Mediolani
699 4399 870 4474 udsoldati
893 4410 991 4474 erant
1007 4401 1043 4475 in
1067 4422 1251 4473 socorsum
1270 4399 1417 4472 militnm
1439 4399 1484 4472 de
1502 4401 1716 4496 Bassignana

292 4529 328 4590 et
338 4532 509 4594 venerunt
522 4544 634 4617 nsque
647 4525 681 4598 in
695 4523 807 4621 ripam
823 4525 923 4598 ssuvil
939 4523 1116 4620 Agogoie,
1131 4524 1181 4596 illi
1197 4524 1326 4598 seilicet
1338 4525 1383 4596 ab
1397 4545 1468 4596 una
1479 4533 1577 4619 parte
1594 4527 1713 4621 fluvii,

293 4643 525 4718 oavalontores
543 4669 630 4722 vero
652 4650 698 4722 ab
725 4650 792 4724 alia
820 4649 1016 4724 obstabant.
1046 4649 1171 4722 Milites
1195 4669 1278 4722 vero
1299 4647 1404 4742 Papio
1430 4647 1554 4742 quiin
1580 4648 1716 4724 insidiis

293 4767 445 4840 latebant
464 4781 633 4844 exeuntes
651 4773 887 4847 veneruntad
904 4773 1214 4866 dictumlluvium
1232 4771 1332 4846 Unde
1353 4772 1402 4842 illi
1423 4771 1550 4845 milites
1568 4772 1613 4846 de
1627 4775 1715 4849 Bes-
