4554 6080
605 687 666 750 2¹18
1080 687 1323 753 cflaovtcort
1346 691 1399 752 DE
1424 689 1551 752 REBUS

604 823 695 896 beno
708 819 755 918 (o)
773 822 936 896 volumus
954 845 1138 918 personam
1156 837 1251 900 tuam
1269 837 1304 901 et
1318 829 1466 901 aliorum
1486 834 1682 901 nostrorum
1698 824 1847 896 militum
1862 826 1925 922 qui
1942 836 2023 900 sunt

606 957 722 1019 tecum
739 955 775 1020 et
788 947 944 1019 omnium
960 947 1106 1020 aliorum
1126 949 1170 1023 de
1186 951 1394 1026 Lombardia
1407 972 1496 1046 quos
1508 949 1639 1023 habero
1655 948 1781 1044 potaris
1794 949 1887 1022 bono
1902 949 2020 1023 modo.

605 1072 648 1144 Et
661 1071 752 1144 benc
768 1073 936 1144 vellemus
951 1073 1050 1168 qnod
1065 1076 1251 1150 lombardi
1269 1077 1374 1149 amici
1392 1075 1500 1149 nostri
1516 1076 1565 1149 ita
1580 1076 1732 1148 lacerent
1747 1095 1850 1170 posse
1867 1096 1969 1147 suum
1986 1075 2023 1146 in

607 1197 753 1269 servicio
770 1197 834 1269 Dei
850 1205 886 1270 et
902 1197 1057 1272 Ecclesia
1074 1209 1181 1295 atque
1197 1211 1313 1275 nostro
1334 1211 1369 1274 et
1386 1222 1450 1274 sno
1473 1201 1633 1297 proprio,
1653 1199 1744 1272 sicut
1765 1199 1910 1272 facimus
1921 1221 2025 1294 posse

606 1328 762 1391 nostrum
780 1329 815 1390 et
832 1318 924 1391 sicut
940 1321 1072 1394 faciunt
1084 1322 1216 1396 inimici
1234 1325 1271 1395 in
1285 1324 1432 1398 servicio
1446 1322 1575 1396 diaboli
1589 1321 1714 1396 stando
1729 1321 1766 1394 in
1777 1323 2026 1396 excommuni-

607 1443 742 1514 catione
758 1450 793 1515 et
809 1442 846 1512 in
861 1443 1008 1515 servicio
1026 1445 1224 1520 Conradini.
1246 1448 1334 1521 Nam
1344 1447 1530 1544 Papienses
1542 1455 1578 1519 et
1591 1447 1808 1519 veronenses
1823 1455 1857 1518 et
1868 1445 2026 1520 homines

608 1566 713 1656 Burgi
728 1565 844 1638 Sancti
860 1568 1046 1662 Dompnini
1060 1577 1142 1641 sunt
1159 1571 1224 1644 soli
1240 1571 1275 1642 in
1289 1569 1511 1644 lombardia.
1531 1569 1783 1643 Nichilominus
1797 1591 1878 1641 cnm
1893 1569 2027 1642 Pisanis

609 1698 645 1762 et
657 1699 755 1783 parte
782 1691 990 1762 Senensinm
1014 1701 1050 1764 et
1080 1693 1257 1790 aliquibus
1279 1693 1492 1790 pauperibus
1517 1693 1698 1766 Gibellinis
1721 1693 1879 1764 nutriunt
1900 1693 2027 1767 Conra-

608 1812 731 1885 dinum
748 1823 784 1884 ct
799 1813 956 1886 militiam
978 1837 1095 1907 suam,
1119 1825 1154 1889 ct
1170 1818 1277 1890 nostri
1296 1817 1484 1890 Lombardi
1502 1817 1634 1890 nullam
1650 1817 1808 1890 militiam
1826 1827 2029 1890 extraneam

608 1937 681 2010 suis
706 1938 871 2032 expensis
897 1937 1025 2011 habere
1047 1941 1248 2012 voluerunt.
1270 1941 1385 2026 Quare
1407 1943 1498 2016 sacta
1521 1964 1586 2014 sua
1613 1942 1730 2014 minus
1749 1943 1866 2016 valent
1889 1951 1925 2014 et
1945 1963 2030 2036 pos·

608 2069 685 2134 sent
701 2060 817 2134 adhuc
834 2063 950 2134 minus
967 2063 1083 2134 valere
1098 2063 1165 2135 nisi
1178 2063 1384 2159 prevideant
1399 2064 1467 2136 sibi
1489 2065 1613 2136 melius
1630 2086 1737 2159 quarn
1758 2064 1900 2136 fecerint
1915 2085 2030 2156 usque

609 2184 728 2257 modo.
746 2185 846 2258 Unde
864 2185 1072 2258 mandamus
1087 2187 1150 2259 tibi
1168 2197 1340 2280 quatenus
1353 2190 1498 2282 loquens
1515 2207 1598 2260 oum
1613 2189 1728 2281 legato
1739 2195 1774 2259 et
1786 2186 1933 2259 inducas
1947 2208 2030 2258 eum

609 2319 650 2381 ut
667 2317 835 2383 convocet
857 2331 917 2382 eos
939 2310 1015 2382 sine
1037 2331 1134 2383 mora
1154 2333 1274 2384 omnes
1293 2313 1338 2385 de
1362 2311 1569 2385 Lambardia
1590 2321 1630 2383 ut
1648 2311 1769 2382 mitant
1790 2311 2030 2383 ambaxatores

609 2457 729 2509 eorum
749 2435 795 2509 ad
813 2437 1066 2530 parlamentum
1084 2437 1244 2528 generale
1264 2435 1302 2507 in
1317 2435 1489 2508 Placentia
1508 2435 1566 2509 vel
1581 2435 1664 2507 alibi
1684 2435 1746 2506 ubi
1767 2434 1896 2507 viderit
1913 2455 2030 2529 expe-

610 2557 705 2650 dire,
727 2558 790 2652 qui
808 2557 959 2631 habeant
976 2559 1114 2654 plenam
1132 2567 1334 2654 potestatem
1351 2557 1538 2631 ordinandi
1556 2567 1591 2630 et
1608 2557 1770 2630 firmandi
1792 2557 2032 2630 ossiditionem

610 2681 715 2775 Papie
744 2693 779 2754 ct
809 2681 878 2754 alia
906 2683 1110 2774 gravamina
1136 2683 1356 2754 inimicorum
1382 2691 1418 2754 et
1444 2679 1598 2754 habendi
1617 2681 1774 2752 militiam
1793 2681 2032 2754 lssuamonta-

612 2827 694 2878 nam
706 2805 809 2897 juxta
825 2825 929 2901 posse
951 2826 1085 2878 eorum.
1114 2806 1203 2878 Nam
1219 2807 1249 2877 si
1273 2805 1448 2878 voluerint
1475 2803 1522 2877 ita
1551 2805 1664 2878 lacere
1689 2825 1793 2876 suum
1819 2825 1921 2899 posse
1941 2804 2034 2876 sicut

613 2930 777 3002 faciemus
794 2937 961 3019 nostrum,
977 2949 1040 3002 nos
1054 2950 1224 3024 ponamus
1240 2950 1361 3001 omnes
1375 2927 1535 3000 inimicos
1550 2935 1685 3000 nostros
1701 2927 1738 2998 in
1753 2927 1812 3000 tali
1827 2937 1919 3000 statu
1934 2929 2033 3022 quod

612 3061 716 3125 erunt
735 3053 871 3126 conlusi
895 3053 943 3127 ita
964 3052 1061 3147 quod
1088 3054 1125 3124 in
1152 3063 1360 3150 perpetuum
1384 3073 1455 3125 non
1480 3061 1673 3147 resurgent.
1697 3051 1740 3124 Et
1756 3072 1821 3124 nos
1838 3053 1967 3124 erimus
1983 3052 2034 3124 ita

612 3198 740 3272 prope,
768 3177 916 3250 Domino
944 3176 1173 3269 concedente,
1196 3176 1295 3271 quod
1321 3177 1496 3248 mittemus
1522 3174 1568 3249 de
1593 3176 1718 3248 nostris
1746 3176 1960 3270 sapientibus
1984 3173 2035 3248 ad

614 3300 746 3373 dictum
763 3303 1016 3397 parlamentum
1032 3312 1147 3374 nostre
1165 3301 1321 3374 conscios
1341 3299 1545 3390 voluntatis,
1562 3307 1597 3372 et
1612 3299 1642 3371 si
1660 3298 1901 3372 ambaxatores
1925 3299 2034 3372 nostri

614 3425 663 3499 ita
679 3427 747 3498 cito
762 3447 832 3498 non
847 3427 1023 3518 venirent,
1047 3423 1290 3498 nichilominus
1313 3445 1481 3522 procures
1498 3422 1653 3520 predicta
1675 3445 1755 3496 cnm
1772 3425 1885 3517 legato
1907 3432 1942 3496 et
1955 3445 2031 3497 am·

614 3551 840 3624 baxatoribus
858 3573 963 3644 quam
979 3549 1088 3622 cicius
1107 3549 1247 3644 poteris.
1268 3552 1412 3641 Datum,
1431 3561 1461 3620 ct
1479 3559 1597 3620 cetera.
1616 3573 1635 3618 u

443 3725 473 3756 ο.
518 3721 587 3755 vua.
662 3675 701 3746 In
721 3675 881 3770 proximo
899 3695 1018 3746 mense
1032 3675 1152 3746 marcii
1166 3694 1232 3746 rex
1247 3673 1425 3746 Conradus
1439 3671 1561 3744 volens
1576 3669 1622 3742 ad
1638 3669 1813 3742 civitatem
1827 3667 2012 3765 Pisaruml

614 3797 792 3891 accedere,
810 3820 891 3870 cum
908 3819 978 3868 non
992 3805 1107 3892 posset
1117 3797 1246 3870 habere
1262 3797 1443 3869 transitum
1457 3795 1626 3868 deversus
1637 3792 1908 3866 Pontrcmullum
1920 3813 2036 3886 neque

615 3944 677 4019 per
692 3922 858 4011 Ianuam,
877 3919 996 3991 habito
1022 3918 1166 3991 consilio
1193 3941 1335 3992 suorum
1360 3925 1582 4012 magnatum,
1602 3916 1661 3988 die
1681 3915 1774 4009 jovis
1790 3915 1886 3986 XXII
1907 3915 2036 3988 mensis

616 4044 737 4116 marcii
756 4043 958 4117 decivitate
977 4041 1082 4138 Papia
1100 4043 1222 4115 exiens
1241 4065 1321 4115 cum
1346 4051 1496 4136 quatuor
1511 4040 1651 4113 milibus
1672 4039 1840 4110 militibus
1855 4038 1902 4111 ad
1919 4039 2035 4111 locum

616 4169 662 4244 de
680 4171 788 4242 Bosco
804 4168 979 4242 districtus
994 4167 1204 4242 Alexandria
1222 4167 1393 4263 equitavit
1408 4175 1443 4240 ct
1458 4167 1605 4262 receptis
1619 4165 1689 4239 ΜΜ
1704 4163 1882 4259 peditibus
1897 4164 2035 4236 illarum

616 4295 773 4390 parcium
803 4293 967 4366 asoldatis
1006 4313 1069 4388 par
1101 4313 1219 4385 regem
1258 4291 1388 4386 quibus
1419 4301 1555 4386 preerat
1585 4287 1735 4362 Iacobus
1766 4287 1951 4361 Amarotus
1987 4285 2036 4360 de

617 4419 841 4512 Lanzavcgiis
864 4417 950 4490 civis
968 4415 1201 4509 Alexandria,
1223 4438 1302 4488 cnm
1331 4423 1402 4488 toto
1430 4411 1586 4488 exercitu
1613 4434 1678 4485 suo
1706 4411 1875 4506 equitavit
1901 4411 1939 4482 in
1964 4419 2034 4482 ter·

617 4563 673 4614 ras
694 4541 844 4614 liliorum
873 4542 1049 4636 quondam
1070 4541 1199 4615 Jacomi
1223 4539 1268 4613 de
1293 4539 1426 4612 Careto.
1451 4539 1494 4611 Et
1522 4536 1673 4610 inventis
1695 4535 1746 4608 ibi
1771 4535 1819 4607 xl
1844 4535 1953 4630 galeis
1976 4533 2036 4607 Pi·

661 4811 703 4893 (α)
725 4811 787 4894 Sic,
802 4811 926 4874 lorsltan
937 4809 1033 4872 adare
1048 4811 1096 4874 rcl
1109 4807 1223 4874 atero.
