<?xml version="1.0" encoding="UTF-8"?>
<!DOCTYPE html PUBLIC "-//W3C//DTD XHTML 1.0 Transitional//EN"
    "http://www.w3.org/TR/xhtml1/DTD/xhtml1-transitional.dtd">
<html xmlns="http://www.w3.org/1999/xhtml" xml:lang="en" lang="en">
 <head>
  <title>
</title>
<meta http-equiv="Content-Type" content="text/html;charset=utf-8" />
  <meta name='ocr-system' content='tesseract 3.04.00' />
  <meta name='ocr-capabilities' content='ocr_page ocr_carea ocr_par ocr_line ocrx_word'/>
</head>
<body>
  <div class='ocr_page' id='page_1' title='image "./chroniconplacen00huilgoog_0383.png"; bbox 0 0 4554 6080; ppageno 0'>
   <div class='ocr_carea' id='block_1_1' title="bbox 565 669 1508 734">
    <p class='ocr_par' dir='ltr' id='par_1_1' title="bbox 565 669 1508 734">
     <span class='ocr_line' id='line_1_1' title="bbox 565 669 1508 734; baseline -0.003 -1"><span class='ocrx_word' id='word_1_1' title='bbox 565 673 626 733; x_wconf 75' lang='lat' dir='ltr'><strong>eat</strong></span> <span class='ocrx_word' id='word_1_2' title='bbox 1037 670 1278 734; x_wconf 80' lang='lat' dir='ltr'><strong>ctttroutcolt</strong></span> <span class='ocrx_word' id='word_1_3' title='bbox 1302 673 1354 732; x_wconf 81' lang='lat' dir='ltr'><strong>llll</strong></span> <span class='ocrx_word' id='word_1_4' title='bbox 1378 669 1508 734; x_wconf 80' lang='lat' dir='ltr'><strong>llllllllS</strong></span> 
     </span>
    </p>
   </div>
   <div class='ocr_carea' id='block_1_2' title="bbox 566 803 1983 1025">
    <p class='ocr_par' dir='ltr' id='par_1_2' title="bbox 566 803 1983 1025">
     <span class='ocr_line' id='line_1_2' title="bbox 566 803 1983 900; baseline -0.001 -21"><span class='ocrx_word' id='word_1_5' title='bbox 566 807 824 880; x_wconf 87' lang='lat' dir='ltr'><strong>derobaverunt</strong></span> <span class='ocrx_word' id='word_1_6' title='bbox 837 805 882 879; x_wconf 92' lang='lat' dir='ltr'><strong>de</strong></span> <span class='ocrx_word' id='word_1_7' title='bbox 896 806 1048 880; x_wconf 86' lang='lat' dir='ltr'>bovibus</span> <span class='ocrx_word' id='word_1_8' title='bbox 1063 815 1098 879; x_wconf 88' lang='lat' dir='ltr'><strong>et</strong></span> <span class='ocrx_word' id='word_1_9' title='bbox 1109 806 1229 878; x_wconf 89' lang='lat' dir='ltr'><strong>bestiis</strong></span> <span class='ocrx_word' id='word_1_10' title='bbox 1244 807 1279 876; x_wconf 93' lang='lat' dir='ltr'><strong>in</strong></span> <span class='ocrx_word' id='word_1_11' title='bbox 1295 827 1422 900; x_wconf 80' lang='lat' dir='ltr'><strong>magna</strong></span> <span class='ocrx_word' id='word_1_12' title='bbox 1437 803 1628 900; x_wconf 86' lang='lat' dir='ltr'><strong>quantitate</strong></span> <span class='ocrx_word' id='word_1_13' title='bbox 1639 812 1674 876; x_wconf 91' lang='lat' dir='ltr'><strong>et</strong></span> <span class='ocrx_word' id='word_1_14' title='bbox 1687 825 1767 876; x_wconf 90' lang='lat' dir='ltr'><strong>cnm</strong></span> <span class='ocrx_word' id='word_1_15' title='bbox 1783 804 1983 878; x_wconf 79' lang='lat' dir='ltr'>recederent</span> 
     </span>
     <span class='ocr_line' id='line_1_3' title="bbox 566 927 1983 1025; baseline -0.002 -22"><span class='ocrx_word' id='word_1_16' title='bbox 566 953 644 1003; x_wconf 90' lang='lat' dir='ltr'><strong>cum</strong></span> <span class='ocrx_word' id='word_1_17' title='bbox 663 931 770 1025; x_wconf 90' lang='lat' dir='ltr'><strong>preda</strong></span> <span class='ocrx_word' id='word_1_18' title='bbox 788 931 936 1002; x_wconf 86' lang='lat' dir='ltr'><strong>lacobus</strong></span> <span class='ocrx_word' id='word_1_19' title='bbox 952 931 1095 1002; x_wconf 89' lang='lat' dir='ltr'><strong>Strictus</strong></span> <span class='ocrx_word' id='word_1_20' title='bbox 1107 931 1168 1024; x_wconf 90' lang='lat' dir='ltr'><strong>qui</strong></span> <span class='ocrx_word' id='word_1_21' title='bbox 1187 939 1261 1002; x_wconf 90' lang='lat' dir='ltr'><strong>erat</strong></span> <span class='ocrx_word' id='word_1_22' title='bbox 1277 930 1479 1025; x_wconf 79' lang='lat' dir='ltr'><strong>capitaneus</strong></span> <span class='ocrx_word' id='word_1_23' title='bbox 1492 931 1552 1002; x_wconf 89' lang='lat' dir='ltr'><strong>XL</strong></span> <span class='ocrx_word' id='word_1_24' title='bbox 1565 928 1711 1001; x_wconf 92' lang='lat' dir='ltr'><strong>militnm</strong></span> <span class='ocrx_word' id='word_1_25' title='bbox 1725 927 1983 1001; x_wconf 88' lang='lat' dir='ltr'><strong>adsoldatorum</strong></span> 
     </span>
    </p>
   </div>
   <div class='ocr_carea' id='block_1_3' title="bbox 565 1049 1982 1150">
    <p class='ocr_par' dir='ltr' id='par_1_3' title="bbox 565 1049 1982 1150">
     <span class='ocr_line' id='line_1_4' title="bbox 565 1049 1982 1150; baseline -0.001 -24"><span class='ocrx_word' id='word_1_26' title='bbox 565 1075 629 1150; x_wconf 89' lang='lat' dir='ltr'><strong>pro</strong></span> <span class='ocrx_word' id='word_1_27' title='bbox 643 1053 819 1126; x_wconf 89' lang='lat' dir='ltr'><strong>communi</strong></span> <span class='ocrx_word' id='word_1_28' title='bbox 835 1053 1009 1124; x_wconf 77' lang='lat' dir='ltr'><strong>Placentia</strong></span> <span class='ocrx_word' id='word_1_29' title='bbox 1025 1053 1060 1122; x_wconf 93' lang='lat' dir='ltr'><strong>in</strong></span> <span class='ocrx_word' id='word_1_30' title='bbox 1079 1053 1146 1124; x_wconf 91' lang='lat' dir='ltr'><strong>illis</strong></span> <span class='ocrx_word' id='word_1_31' title='bbox 1159 1053 1316 1148; x_wconf 87' lang='lat' dir='ltr'><strong>partibus</strong></span> <span class='ocrx_word' id='word_1_32' title='bbox 1335 1075 1413 1124; x_wconf 89' lang='lat' dir='ltr'><strong>cnm</strong></span> <span class='ocrx_word' id='word_1_33' title='bbox 1431 1061 1502 1124; x_wconf 88' lang='lat' dir='ltr'><strong>tota</strong></span> <span class='ocrx_word' id='word_1_34' title='bbox 1519 1061 1622 1146; x_wconf 84' lang='lat' dir='ltr'><strong>gente</strong></span> <span class='ocrx_word' id='word_1_35' title='bbox 1641 1052 1776 1124; x_wconf 88' lang='lat' dir='ltr'><strong>illarum</strong></span> <span class='ocrx_word' id='word_1_36' title='bbox 1799 1049 1805 1148; x_wconf 89' lang='grc'>1</span> <span class='ocrx_word' id='word_1_37' title='bbox 1827 1052 1982 1147; x_wconf 79' lang='lat' dir='ltr'><strong>parcium</strong></span> 
     </span>
    </p>
   </div>
   <div class='ocr_carea' id='block_1_4' title="bbox 564 1174 1984 1391">
    <p class='ocr_par' dir='ltr' id='par_1_4' title="bbox 564 1174 1984 1391">
     <span class='ocr_line' id='line_1_5' title="bbox 564 1174 1984 1274; baseline -0.004 -24"><span class='ocrx_word' id='word_1_38' title='bbox 564 1185 705 1274; x_wconf 87' lang='lat' dir='ltr'><strong>propter</strong></span> <span class='ocrx_word' id='word_1_39' title='bbox 726 1176 862 1249; x_wconf 89' lang='lat' dir='ltr'><strong>cridum</strong></span> <span class='ocrx_word' id='word_1_40' title='bbox 888 1176 1022 1248; x_wconf 89' lang='lat' dir='ltr'><strong>cucurit</strong></span> <span class='ocrx_word' id='word_1_41' title='bbox 1042 1184 1118 1270; x_wconf 88' lang='lat' dir='ltr'><strong>post</strong></span> <span class='ocrx_word' id='word_1_42' title='bbox 1140 1177 1250 1271; x_wconf 89' lang='lat' dir='ltr'><strong>ipsos;</strong></span> <span class='ocrx_word' id='word_1_43' title='bbox 1274 1197 1346 1271; x_wconf 91' lang='lat' dir='ltr'><strong>quo</strong></span> <span class='ocrx_word' id='word_1_44' title='bbox 1367 1177 1445 1249; x_wconf 83' lang='lat' dir='ltr'><strong>viso</strong></span> <span class='ocrx_word' id='word_1_45' title='bbox 1466 1186 1499 1248; x_wconf 90' lang='lat' dir='ltr'><strong>et</strong></span> <span class='ocrx_word' id='word_1_46' title='bbox 1519 1177 1646 1248; x_wconf 90' lang='lat' dir='ltr'><strong>multos</strong></span> <span class='ocrx_word' id='word_1_47' title='bbox 1663 1174 1712 1246; x_wconf 93' lang='lat' dir='ltr'><strong>ibi</strong></span> <span class='ocrx_word' id='word_1_48' title='bbox 1729 1175 1929 1248; x_wconf 84' lang='lat' dir='ltr'><strong>occiderunt</strong></span> <span class='ocrx_word' id='word_1_49' title='bbox 1947 1183 1984 1248; x_wconf 91' lang='lat' dir='ltr'><strong>et</strong></span> 
     </span>
     <span class='ocr_line' id='line_1_6' title="bbox 565 1293 1983 1391; baseline -0.002 -22"><span class='ocrx_word' id='word_1_50' title='bbox 565 1305 744 1391; x_wconf 89' lang='lat' dir='ltr'><strong>oeperunt,</strong></span> <span class='ocrx_word' id='word_1_51' title='bbox 762 1296 798 1366; x_wconf 91' lang='lat' dir='ltr'><strong>in</strong></span> <span class='ocrx_word' id='word_1_52' title='bbox 816 1315 961 1366; x_wconf 89' lang='lat' dir='ltr'><strong>suoursu</strong></span> <span class='ocrx_word' id='word_1_53' title='bbox 978 1315 1127 1388; x_wconf 90' lang='lat' dir='ltr'><strong>quorum</strong></span> <span class='ocrx_word' id='word_1_54' title='bbox 1151 1293 1315 1367; x_wconf 93' lang='lat' dir='ltr'><strong>dominns</strong></span> <span class='ocrx_word' id='word_1_55' title='bbox 1328 1295 1529 1368; x_wconf 86' lang='lat' dir='ltr'><strong>Franciscus</strong></span> <span class='ocrx_word' id='word_1_56' title='bbox 1550 1293 1595 1367; x_wconf 89' lang='lat' dir='ltr'><strong>de</strong></span> <span class='ocrx_word' id='word_1_57' title='bbox 1614 1297 1738 1367; x_wconf 84' lang='lat' dir='ltr'><strong>lature</strong></span> <span class='ocrx_word' id='word_1_58' title='bbox 1757 1315 1838 1366; x_wconf 91' lang='lat' dir='ltr'><strong>cnm</strong></span> <span class='ocrx_word' id='word_1_59' title='bbox 1854 1294 1983 1366; x_wconf 82' lang='lat' dir='ltr'><strong>milicia</strong></span> 
     </span>
    </p>
   </div>
   <div class='ocr_carea' id='block_1_5' title="bbox 560 1415 1983 4846">
    <p class='ocr_par' dir='ltr' id='par_1_5' title="bbox 560 1415 1983 4846">
     <span class='ocr_line' id='line_1_7' title="bbox 564 1415 1983 1512; baseline -0.002 -21"><span class='ocrx_word' id='word_1_60' title='bbox 564 1417 750 1491; x_wconf 80' lang='lat' dir='ltr'><strong>Mediolani</strong></span> <span class='ocrx_word' id='word_1_61' title='bbox 778 1417 966 1512; x_wconf 87' lang='lat' dir='ltr'><strong>equitavit;</strong></span> <span class='ocrx_word' id='word_1_62' title='bbox 990 1415 1196 1489; x_wconf 85' lang='lat' dir='ltr'><strong>deffendunt</strong></span> <span class='ocrx_word' id='word_1_63' title='bbox 1220 1417 1313 1489; x_wconf 90' lang='lat' dir='ltr'><strong>enim</strong></span> <span class='ocrx_word' id='word_1_64' title='bbox 1337 1418 1613 1490; x_wconf 76' lang='lat' dir='ltr'><strong>Mediolanenses</strong></span> <span class='ocrx_word' id='word_1_65' title='bbox 1633 1417 1831 1490; x_wconf 85' lang='lat' dir='ltr'><strong>Brixienses</strong></span> <span class='ocrx_word' id='word_1_66' title='bbox 1850 1417 1983 1489; x_wconf 86' lang='lat' dir='ltr'><strong>extrin-</strong></span> 
     </span>
     <span class='ocr_line' id='line_1_8' title="bbox 564 1541 1979 1638; baseline -0.004 -22"><span class='ocrx_word' id='word_1_67' title='bbox 564 1564 662 1616; x_wconf 87' lang='lat' dir='ltr'><strong>secos</strong></span> <span class='ocrx_word' id='word_1_68' title='bbox 680 1553 714 1614; x_wconf 90' lang='lat' dir='ltr'><strong>et</strong></span> <span class='ocrx_word' id='word_1_69' title='bbox 734 1553 865 1638; x_wconf 87' lang='lat' dir='ltr'><strong>partem</strong></span> <span class='ocrx_word' id='word_1_70' title='bbox 884 1563 1003 1613; x_wconf 85' lang='lat' dir='ltr'><strong>eorum</strong></span> <span class='ocrx_word' id='word_1_71' title='bbox 1022 1553 1139 1614; x_wconf 86' lang='lat' dir='ltr'><strong>contra</strong></span> <span class='ocrx_word' id='word_1_72' title='bbox 1158 1561 1273 1635; x_wconf 80' lang='lat' dir='ltr'><strong>regem</strong></span> <span class='ocrx_word' id='word_1_73' title='bbox 1290 1541 1458 1613; x_wconf 87' lang='lat' dir='ltr'><strong>Karulnm</strong></span> <span class='ocrx_word' id='word_1_74' title='bbox 1475 1551 1510 1614; x_wconf 91' lang='lat' dir='ltr'><strong>et</strong></span> <span class='ocrx_word' id='word_1_75' title='bbox 1524 1543 1599 1614; x_wconf 92' lang='lat' dir='ltr'><strong>illos</strong></span> <span class='ocrx_word' id='word_1_76' title='bbox 1620 1541 1666 1614; x_wconf 89' lang='lat' dir='ltr'><strong>de</strong></span> <span class='ocrx_word' id='word_1_77' title='bbox 1687 1542 1827 1613; x_wconf 87' lang='lat' dir='ltr'><strong>civitate</strong></span> <span class='ocrx_word' id='word_1_78' title='bbox 1847 1541 1979 1614; x_wconf 85' lang='lat' dir='ltr'><strong>Brixis.</strong></span> 
     </span>
     <span class='ocr_line' id='line_1_9' title="bbox 562 1665 1982 1759; baseline -0.001 -20"><span class='ocrx_word' id='word_1_79' title='bbox 562 1669 626 1739; x_wconf 89' lang='lat' dir='ltr'><strong>Die</strong></span> <span class='ocrx_word' id='word_1_80' title='bbox 657 1667 793 1740; x_wconf 83' lang='lat' dir='ltr'><strong>veneris</strong></span> <span class='ocrx_word' id='word_1_81' title='bbox 825 1667 935 1738; x_wconf 88' lang='lat' dir='ltr'><strong>XXVl</strong></span> <span class='ocrx_word' id='word_1_82' title='bbox 963 1666 1091 1738; x_wconf 82' lang='lat' dir='ltr'><strong>mensis</strong></span> <span class='ocrx_word' id='word_1_83' title='bbox 1118 1666 1344 1759; x_wconf 80' lang='lat' dir='ltr'><strong>septembris,</strong></span> <span class='ocrx_word' id='word_1_84' title='bbox 1376 1665 1567 1738; x_wconf 86' lang='lat' dir='ltr'><strong>indictione</strong></span> <span class='ocrx_word' id='word_1_85' title='bbox 1594 1665 1707 1755; x_wconf 90' lang='lat' dir='ltr'><strong>Xllll,</strong></span> <span class='ocrx_word' id='word_1_86' title='bbox 1735 1665 1982 1738; x_wconf 81' lang='lat' dir='ltr'><strong>Cremonenses</strong></span> 
     </span>
     <span class='ocr_line' id='line_1_10' title="bbox 563 1786 1983 1884; baseline -0.001 -22"><span class='ocrx_word' id='word_1_87' title='bbox 563 1790 750 1862; x_wconf 87' lang='lat' dir='ltr'><strong>extrinseci</strong></span> <span class='ocrx_word' id='word_1_88' title='bbox 769 1811 849 1861; x_wconf 91' lang='lat' dir='ltr'><strong>cum</strong></span> <span class='ocrx_word' id='word_1_89' title='bbox 871 1788 1040 1860; x_wconf 90' lang='lat' dir='ltr'><strong>militibus</strong></span> <span class='ocrx_word' id='word_1_90' title='bbox 1064 1797 1098 1860; x_wconf 92' lang='lat' dir='ltr'><strong>et</strong></span> <span class='ocrx_word' id='word_1_91' title='bbox 1115 1790 1242 1884; x_wconf 93' lang='lat' dir='ltr'><strong>populo</strong></span> <span class='ocrx_word' id='word_1_92' title='bbox 1263 1791 1325 1884; x_wconf 93' lang='lat' dir='ltr'><strong>qui</strong></span> <span class='ocrx_word' id='word_1_93' title='bbox 1349 1791 1481 1862; x_wconf 85' lang='lat' dir='ltr'><strong>iverant</strong></span> <span class='ocrx_word' id='word_1_94' title='bbox 1497 1786 1543 1861; x_wconf 89' lang='lat' dir='ltr'><strong>ad</strong></span> <span class='ocrx_word' id='word_1_95' title='bbox 1559 1789 1767 1880; x_wconf 76' lang='lat' dir='ltr'><strong>Malgratum</strong></span> <span class='ocrx_word' id='word_1_96' title='bbox 1785 1789 1907 1884; x_wconf 91' lang='lat' dir='ltr'><strong>positis</strong></span> <span class='ocrx_word' id='word_1_97' title='bbox 1921 1789 1983 1860; x_wconf 92' lang='lat' dir='ltr'><strong>in-</strong></span> 
     </span>
     <span class='ocr_line' id='line_1_11' title="bbox 563 1911 1981 2006; baseline -0.001 -21"><span class='ocrx_word' id='word_1_98' title='bbox 563 1913 662 1986; x_wconf 91' lang='lat' dir='ltr'><strong>sidiis</strong></span> <span class='ocrx_word' id='word_1_99' title='bbox 680 1915 785 2005; x_wconf 80' lang='lat' dir='ltr'><strong>juxta</strong></span> <span class='ocrx_word' id='word_1_100' title='bbox 806 1913 982 1984; x_wconf 88' lang='lat' dir='ltr'><strong>lortilicias</strong></span> <span class='ocrx_word' id='word_1_101' title='bbox 1001 1933 1089 2004; x_wconf 87' lang='lat' dir='ltr'><strong>quas</strong></span> <span class='ocrx_word' id='word_1_102' title='bbox 1112 1911 1361 1986; x_wconf 88' lang='lat' dir='ltr'><strong>Cremonenses</strong></span> <span class='ocrx_word' id='word_1_103' title='bbox 1381 1913 1582 1986; x_wconf 88' lang='lat' dir='ltr'><strong>decivitate</strong></span> <span class='ocrx_word' id='word_1_104' title='bbox 1605 1914 1757 1985; x_wconf 81' lang='lat' dir='ltr'><strong>fecerant</strong></span> <span class='ocrx_word' id='word_1_105' title='bbox 1775 1933 1837 2006; x_wconf 87' lang='lat' dir='ltr'><strong>pro</strong></span> <span class='ocrx_word' id='word_1_106' title='bbox 1853 1913 1981 1986; x_wconf 89' lang='lat' dir='ltr'><strong>ossidi·</strong></span> 
     </span>
     <span class='ocr_line' id='line_1_12' title="bbox 563 2035 1982 2132; baseline 0 -23"><span class='ocrx_word' id='word_1_107' title='bbox 563 2038 663 2109; x_wconf 93' lang='lat' dir='ltr'><strong>cione</strong></span> <span class='ocrx_word' id='word_1_108' title='bbox 682 2040 784 2108; x_wconf 80' lang='lat' dir='ltr'><strong>castri</strong></span> <span class='ocrx_word' id='word_1_109' title='bbox 799 2035 912 2123; x_wconf 91' lang='lat' dir='ltr'><strong>istius,</strong></span> <span class='ocrx_word' id='word_1_110' title='bbox 928 2037 976 2106; x_wconf 95' lang='lat' dir='ltr'><strong>illi</strong></span> <span class='ocrx_word' id='word_1_111' title='bbox 994 2035 1039 2108; x_wconf 92' lang='lat' dir='ltr'><strong>de</strong></span> <span class='ocrx_word' id='word_1_112' title='bbox 1063 2037 1229 2129; x_wconf 80' lang='lat' dir='ltr'><strong>lllelgrato</strong></span> <span class='ocrx_word' id='word_1_113' title='bbox 1249 2035 1295 2108; x_wconf 89' lang='lat' dir='ltr'><strong>ad</strong></span> <span class='ocrx_word' id='word_1_114' title='bbox 1311 2058 1420 2132; x_wconf 90' lang='lat' dir='ltr'><strong>equos</strong></span> <span class='ocrx_word' id='word_1_115' title='bbox 1437 2047 1472 2110; x_wconf 87' lang='lat' dir='ltr'><strong>et</strong></span> <span class='ocrx_word' id='word_1_116' title='bbox 1488 2037 1534 2109; x_wconf 89' lang='lat' dir='ltr'><strong>ad</strong></span> <span class='ocrx_word' id='word_1_117' title='bbox 1561 2037 1667 2132; x_wconf 88' lang='lat' dir='ltr'><strong>pedes</strong></span> <span class='ocrx_word' id='word_1_118' title='bbox 1683 2037 1822 2108; x_wconf 86' lang='lat' dir='ltr'><strong>iverunt</strong></span> <span class='ocrx_word' id='word_1_119' title='bbox 1842 2036 1888 2109; x_wconf 92' lang='lat' dir='ltr'><strong>ad</strong></span> <span class='ocrx_word' id='word_1_120' title='bbox 1905 2035 1982 2110; x_wconf 92' lang='lat' dir='ltr'><strong>illos</strong></span> 
     </span>
     <span class='ocr_line' id='line_1_13' title="bbox 561 2159 1982 2255; baseline 0 -23"><span class='ocrx_word' id='word_1_121' title='bbox 561 2162 623 2255; x_wconf 90' lang='lat' dir='ltr'><strong>qui</strong></span> <span class='ocrx_word' id='word_1_122' title='bbox 642 2162 678 2231; x_wconf 94' lang='lat' dir='ltr'><strong>in</strong></span> <span class='ocrx_word' id='word_1_123' title='bbox 694 2159 861 2232; x_wconf 87' lang='lat' dir='ltr'><strong>lortiliciis</strong></span> <span class='ocrx_word' id='word_1_124' title='bbox 876 2171 976 2232; x_wconf 89' lang='lat' dir='ltr'><strong>erant</strong></span> <span class='ocrx_word' id='word_1_125' title='bbox 991 2161 1053 2254; x_wconf 92' lang='lat' dir='ltr'><strong>qni</strong></span> <span class='ocrx_word' id='word_1_126' title='bbox 1075 2171 1172 2231; x_wconf 88' lang='lat' dir='ltr'><strong>erant</strong></span> <span class='ocrx_word' id='word_1_127' title='bbox 1188 2181 1335 2232; x_wconf 87' lang='lat' dir='ltr'><strong>numero</strong></span> <span class='ocrx_word' id='word_1_128' title='bbox 1350 2161 1440 2232; x_wconf 89' lang='lat' dir='ltr'><strong>bene</strong></span> <span class='ocrx_word' id='word_1_129' title='bbox 1459 2161 1492 2232; x_wconf 87' lang='lat' dir='ltr'><strong>ll</strong></span> <span class='ocrx_word' id='word_1_130' title='bbox 1510 2161 1644 2255; x_wconf 89' lang='lat' dir='ltr'><strong>pedites</strong></span> <span class='ocrx_word' id='word_1_131' title='bbox 1661 2159 1801 2249; x_wconf 82' lang='lat' dir='ltr'><strong>armati3</strong></span> <span class='ocrx_word' id='word_1_132' title='bbox 1822 2160 1982 2253; x_wconf 85' lang='lat' dir='ltr'><strong>quivero</strong></span> 
     </span>
     <span class='ocr_line' id='line_1_14' title="bbox 561 2282 1980 2378; baseline -0.001 -21"><span class='ocrx_word' id='word_1_133' title='bbox 561 2285 749 2357; x_wconf 87' lang='lat' dir='ltr'><strong>exiverunt</strong></span> <span class='ocrx_word' id='word_1_134' title='bbox 775 2293 875 2356; x_wconf 86' lang='lat' dir='ltr'><strong>extra</strong></span> <span class='ocrx_word' id='word_1_135' title='bbox 898 2283 1039 2355; x_wconf 87' lang='lat' dir='ltr'><strong>obviam</strong></span> <span class='ocrx_word' id='word_1_136' title='bbox 1062 2283 1130 2354; x_wconf 90' lang='lat' dir='ltr'><strong>illis</strong></span> <span class='ocrx_word' id='word_1_137' title='bbox 1158 2283 1203 2356; x_wconf 88' lang='lat' dir='ltr'><strong>de</strong></span> <span class='ocrx_word' id='word_1_138' title='bbox 1225 2284 1395 2378; x_wconf 78' lang='lat' dir='ltr'><strong>Malgrato</strong></span> <span class='ocrx_word' id='word_1_139' title='bbox 1428 2307 1508 2356; x_wconf 93' lang='lat' dir='ltr'><strong>cum</strong></span> <span class='ocrx_word' id='word_1_140' title='bbox 1531 2285 1598 2356; x_wconf 89' lang='lat' dir='ltr'><strong>illis</strong></span> <span class='ocrx_word' id='word_1_141' title='bbox 1623 2283 1739 2378; x_wconf 90' lang='lat' dir='ltr'><strong>quiin</strong></span> <span class='ocrx_word' id='word_1_142' title='bbox 1761 2282 1899 2355; x_wconf 92' lang='lat' dir='ltr'><strong>insidiis</strong></span> <span class='ocrx_word' id='word_1_143' title='bbox 1924 2283 1980 2355; x_wconf 88' lang='lat' dir='ltr'><strong>la·</strong></span> 
     </span>
     <span class='ocr_line' id='line_1_15' title="bbox 561 2405 1982 2502; baseline -0.001 -23"><span class='ocrx_word' id='word_1_144' title='bbox 561 2407 680 2480; x_wconf 86' lang='lat' dir='ltr'><strong>tabant</strong></span> <span class='ocrx_word' id='word_1_145' title='bbox 708 2405 875 2479; x_wconf 87' lang='lat' dir='ltr'><strong>insultum</strong></span> <span class='ocrx_word' id='word_1_146' title='bbox 904 2407 1058 2478; x_wconf 87' lang='lat' dir='ltr'><strong>lecerunt</strong></span> <span class='ocrx_word' id='word_1_147' title='bbox 1077 2405 1114 2476; x_wconf 92' lang='lat' dir='ltr'><strong>in</strong></span> <span class='ocrx_word' id='word_1_148' title='bbox 1136 2406 1229 2502; x_wconf 88' lang='lat' dir='ltr'><strong>ipsos</strong></span> <span class='ocrx_word' id='word_1_149' title='bbox 1249 2416 1284 2479; x_wconf 84' lang='lat' dir='ltr'><strong>et</strong></span> <span class='ocrx_word' id='word_1_150' title='bbox 1306 2427 1366 2480; x_wconf 88' lang='lat' dir='ltr'><strong>eos</strong></span> <span class='ocrx_word' id='word_1_151' title='bbox 1386 2408 1421 2478; x_wconf 92' lang='lat' dir='ltr'><strong>in</strong></span> <span class='ocrx_word' id='word_1_152' title='bbox 1446 2409 1563 2501; x_wconf 77' lang='lat' dir='ltr'><strong>lugam</strong></span> <span class='ocrx_word' id='word_1_153' title='bbox 1587 2414 1796 2502; x_wconf 88' lang='lat' dir='ltr'><strong>possuernnt</strong></span> <span class='ocrx_word' id='word_1_154' title='bbox 1816 2413 1852 2478; x_wconf 90' lang='lat' dir='ltr'><strong>et</strong></span> <span class='ocrx_word' id='word_1_155' title='bbox 1872 2425 1982 2500; x_wconf 85' lang='lat' dir='ltr'><strong>cepe-</strong></span> 
     </span>
     <span class='ocr_line' id='line_1_16' title="bbox 560 2529 1983 2627; baseline -0.001 -24"><span class='ocrx_word' id='word_1_156' title='bbox 560 2543 641 2604; x_wconf 90' lang='lat' dir='ltr'><strong>runt</strong></span> <span class='ocrx_word' id='word_1_157' title='bbox 659 2555 705 2604; x_wconf 84' lang='lat' dir='ltr'><strong>ex</strong></span> <span class='ocrx_word' id='word_1_158' title='bbox 724 2531 808 2627; x_wconf 88' lang='lat' dir='ltr'><strong>ipsis</strong></span> <span class='ocrx_word' id='word_1_159' title='bbox 826 2529 970 2602; x_wconf 93' lang='lat' dir='ltr'><strong>XXXlll</strong></span> <span class='ocrx_word' id='word_1_160' title='bbox 987 2550 1109 2602; x_wconf 86' lang='lat' dir='ltr'><strong>omnes</strong></span> <span class='ocrx_word' id='word_1_161' title='bbox 1127 2531 1334 2625; x_wconf 88' lang='lat' dir='ltr'><strong>cappellctos</strong></span> <span class='ocrx_word' id='word_1_162' title='bbox 1352 2532 1442 2603; x_wconf 90' lang='lat' dir='ltr'><strong>bene</strong></span> <span class='ocrx_word' id='word_1_163' title='bbox 1458 2540 1607 2603; x_wconf 86' lang='lat' dir='ltr'><strong>armatos</strong></span> <span class='ocrx_word' id='word_1_164' title='bbox 1628 2551 1675 2602; x_wconf 86' lang='lat' dir='ltr'><strong>ex</strong></span> <span class='ocrx_word' id='word_1_165' title='bbox 1693 2529 1855 2602; x_wconf 89' lang='lat' dir='ltr'><strong>omnibns</strong></span> <span class='ocrx_word' id='word_1_166' title='bbox 1876 2530 1983 2602; x_wconf 88' lang='lat' dir='ltr'><strong>armis</strong></span> 
     </span>
     <span class='ocr_line' id='line_1_17' title="bbox 561 2651 1981 2748; baseline -0.001 -20"><span class='ocrx_word' id='word_1_167' title='bbox 561 2667 596 2728; x_wconf 90' lang='lat' dir='ltr'><strong>et</strong></span> <span class='ocrx_word' id='word_1_168' title='bbox 617 2657 701 2727; x_wconf 90' lang='lat' dir='ltr'><strong>alios</strong></span> <span class='ocrx_word' id='word_1_169' title='bbox 717 2675 764 2726; x_wconf 80' lang='lat' dir='ltr'><strong>ex</strong></span> <span class='ocrx_word' id='word_1_170' title='bbox 788 2654 874 2748; x_wconf 89' lang='lat' dir='ltr'><strong>ipsis</strong></span> <span class='ocrx_word' id='word_1_171' title='bbox 891 2651 1105 2726; x_wconf 87' lang='lat' dir='ltr'><strong>occiderunt.</strong></span> <span class='ocrx_word' id='word_1_172' title='bbox 1130 2652 1186 2725; x_wconf 86' lang='lat' dir='ltr'><strong>Ad</strong></span> <span class='ocrx_word' id='word_1_173' title='bbox 1210 2654 1306 2748; x_wconf 89' lang='lat' dir='ltr'><strong>quod</strong></span> <span class='ocrx_word' id='word_1_174' title='bbox 1324 2655 1451 2726; x_wconf 87' lang='lat' dir='ltr'><strong>lactum</strong></span> <span class='ocrx_word' id='word_1_175' title='bbox 1473 2654 1600 2726; x_wconf 89' lang='lat' dir='ltr'><strong>milites</strong></span> <span class='ocrx_word' id='word_1_176' title='bbox 1618 2654 1786 2726; x_wconf 89' lang='lat' dir='ltr'><strong>Cremone</strong></span> <span class='ocrx_word' id='word_1_177' title='bbox 1806 2662 1841 2725; x_wconf 90' lang='lat' dir='ltr'><strong>et</strong></span> <span class='ocrx_word' id='word_1_178' title='bbox 1859 2655 1981 2726; x_wconf 90' lang='lat' dir='ltr'><strong>Parme</strong></span> 
     </span>
     <span class='ocr_line' id='line_1_18' title="bbox 560 2776 1975 2872; baseline -0.002 -21"><span class='ocrx_word' id='word_1_179' title='bbox 560 2801 640 2852; x_wconf 92' lang='lat' dir='ltr'><strong>cum</strong></span> <span class='ocrx_word' id='word_1_180' title='bbox 670 2777 877 2851; x_wconf 85' lang='lat' dir='ltr'><strong>Placentinis</strong></span> <span class='ocrx_word' id='word_1_181' title='bbox 905 2777 1062 2868; x_wconf 74' lang='lat' dir='ltr'><strong>fuerunt,</strong></span> <span class='ocrx_word' id='word_1_182' title='bbox 1094 2777 1201 2848; x_wconf 92' lang='lat' dir='ltr'><strong>nichil</strong></span> <span class='ocrx_word' id='word_1_183' title='bbox 1223 2779 1270 2849; x_wconf 91' lang='lat' dir='ltr'><strong>ibi</strong></span> <span class='ocrx_word' id='word_1_184' title='bbox 1297 2779 1461 2851; x_wconf 84' lang='lat' dir='ltr'><strong>facientes</strong></span> <span class='ocrx_word' id='word_1_185' title='bbox 1491 2777 1621 2850; x_wconf 88' lang='lat' dir='ltr'><strong>reversi</strong></span> <span class='ocrx_word' id='word_1_186' title='bbox 1643 2787 1724 2848; x_wconf 88' lang='lat' dir='ltr'><strong>sunt</strong></span> <span class='ocrx_word' id='word_1_187' title='bbox 1752 2776 1799 2849; x_wconf 89' lang='lat' dir='ltr'><strong>ad</strong></span> <span class='ocrx_word' id='word_1_188' title='bbox 1826 2777 1975 2872; x_wconf 84' lang='lat' dir='ltr'><strong>propria.</strong></span> 
     </span>
     <span class='ocr_line' id='line_1_19' title="bbox 560 2899 1981 2996; baseline -0.001 -22"><span class='ocrx_word' id='word_1_189' title='bbox 560 2900 661 2974; x_wconf 90' lang='lat' dir='ltr'><strong>Unde</strong></span> <span class='ocrx_word' id='word_1_190' title='bbox 678 2901 728 2972; x_wconf 91' lang='lat' dir='ltr'><strong>illi</strong></span> <span class='ocrx_word' id='word_1_191' title='bbox 746 2899 791 2974; x_wconf 86' lang='lat' dir='ltr'><strong>de</strong></span> <span class='ocrx_word' id='word_1_192' title='bbox 808 2901 971 2993; x_wconf 79' lang='lat' dir='ltr'><strong>Malgrato</strong></span> <span class='ocrx_word' id='word_1_193' title='bbox 989 2901 1153 2973; x_wconf 88' lang='lat' dir='ltr'><strong>continuo</strong></span> <span class='ocrx_word' id='word_1_194' title='bbox 1172 2911 1338 2996; x_wconf 88' lang='lat' dir='ltr'><strong>ceperunt</strong></span> <span class='ocrx_word' id='word_1_195' title='bbox 1354 2922 1474 2973; x_wconf 87' lang='lat' dir='ltr'><strong>omnes</strong></span> <span class='ocrx_word' id='word_1_196' title='bbox 1496 2911 1607 2973; x_wconf 89' lang='lat' dir='ltr'><strong>turres</strong></span> <span class='ocrx_word' id='word_1_197' title='bbox 1624 2921 1713 2994; x_wconf 89' lang='lat' dir='ltr'><strong>quas</strong></span> <span class='ocrx_word' id='word_1_198' title='bbox 1734 2901 1981 2973; x_wconf 89' lang='lat' dir='ltr'><strong>Cremonenses</strong></span> 
     </span>
     <span class='ocr_line' id='line_1_20' title="bbox 562 3023 1981 3119; baseline 0.001 -23"><span class='ocrx_word' id='word_1_199' title='bbox 562 3026 732 3114; x_wconf 83' lang='lat' dir='ltr'><strong>fecerant,</strong></span> <span class='ocrx_word' id='word_1_200' title='bbox 751 3033 897 3119; x_wconf 88' lang='lat' dir='ltr'><strong>excepta</strong></span> <span class='ocrx_word' id='word_1_201' title='bbox 917 3045 987 3096; x_wconf 87' lang='lat' dir='ltr'><strong>una</strong></span> <span class='ocrx_word' id='word_1_202' title='bbox 1008 3046 1078 3117; x_wconf 87' lang='lat' dir='ltr'><strong>que</strong></span> <span class='ocrx_word' id='word_1_203' title='bbox 1100 3035 1153 3096; x_wconf 89' lang='lat' dir='ltr'><strong>est</strong></span> <span class='ocrx_word' id='word_1_204' title='bbox 1172 3024 1207 3094; x_wconf 94' lang='lat' dir='ltr'><strong>in</strong></span> <span class='ocrx_word' id='word_1_205' title='bbox 1229 3026 1305 3119; x_wconf 88' lang='lat' dir='ltr'><strong>ripa</strong></span> <span class='ocrx_word' id='word_1_206' title='bbox 1319 3024 1466 3115; x_wconf 85' lang='lat' dir='ltr'><strong>Addne,</strong></span> <span class='ocrx_word' id='word_1_207' title='bbox 1484 3033 1519 3096; x_wconf 90' lang='lat' dir='ltr'><strong>et</strong></span> <span class='ocrx_word' id='word_1_208' title='bbox 1534 3025 1626 3119; x_wconf 91' lang='lat' dir='ltr'><strong>ipsas</strong></span> <span class='ocrx_word' id='word_1_209' title='bbox 1642 3023 1781 3119; x_wconf 89' lang='lat' dir='ltr'><strong>penitus</strong></span> <span class='ocrx_word' id='word_1_210' title='bbox 1797 3023 1981 3097; x_wconf 85' lang='lat' dir='ltr'><strong>destruxe-</strong></span> 
     </span>
     <span class='ocr_line' id='line_1_21' title="bbox 561 3146 1982 3242; baseline -0.001 -22"><span class='ocrx_word' id='word_1_211' title='bbox 561 3157 644 3220; x_wconf 89' lang='lat' dir='ltr'><strong>runt</strong></span> <span class='ocrx_word' id='word_1_212' title='bbox 659 3157 694 3220; x_wconf 90' lang='lat' dir='ltr'><strong>et</strong></span> <span class='ocrx_word' id='word_1_213' title='bbox 711 3149 836 3220; x_wconf 82' lang='lat' dir='ltr'><strong>fossata</strong></span> <span class='ocrx_word' id='word_1_214' title='bbox 854 3147 1131 3241; x_wconf 82' lang='lat' dir='ltr'><strong>explanaverunt</strong></span> <span class='ocrx_word' id='word_1_215' title='bbox 1147 3156 1181 3219; x_wconf 85' lang='lat' dir='ltr'><strong>et</strong></span> <span class='ocrx_word' id='word_1_216' title='bbox 1194 3149 1330 3220; x_wconf 91' lang='lat' dir='ltr'><strong>nullum</strong></span> <span class='ocrx_word' id='word_1_217' title='bbox 1347 3149 1538 3242; x_wconf 90' lang='lat' dir='ltr'><strong>dampnum</strong></span> <span class='ocrx_word' id='word_1_218' title='bbox 1558 3149 1651 3242; x_wconf 91' lang='lat' dir='ltr'><strong>passi</strong></span> <span class='ocrx_word' id='word_1_219' title='bbox 1669 3157 1750 3218; x_wconf 90' lang='lat' dir='ltr'><strong>sunt</strong></span> <span class='ocrx_word' id='word_1_220' title='bbox 1765 3147 1813 3218; x_wconf 92' lang='lat' dir='ltr'><strong>illi</strong></span> <span class='ocrx_word' id='word_1_221' title='bbox 1833 3146 1878 3220; x_wconf 88' lang='lat' dir='ltr'><strong>de</strong></span> <span class='ocrx_word' id='word_1_222' title='bbox 1894 3147 1982 3218; x_wconf 88' lang='lat' dir='ltr'><strong>lllal·</strong></span> 
     </span>
     <span class='ocr_line' id='line_1_22' title="bbox 561 3269 1980 3366; baseline 0.002 -24"><span class='ocrx_word' id='word_1_223' title='bbox 561 3281 672 3365; x_wconf 82' lang='lat' dir='ltr'><strong>grato.</strong></span> <span class='ocrx_word' id='word_1_224' title='bbox 692 3271 757 3343; x_wconf 89' lang='lat' dir='ltr'><strong>Die</strong></span> <span class='ocrx_word' id='word_1_225' title='bbox 773 3271 856 3342; x_wconf 88' lang='lat' dir='ltr'><strong>lune</strong></span> <span class='ocrx_word' id='word_1_226' title='bbox 870 3270 983 3342; x_wconf 86' lang='lat' dir='ltr'>XXIX</span> <span class='ocrx_word' id='word_1_227' title='bbox 999 3272 1127 3342; x_wconf 90' lang='lat' dir='ltr'><strong>mensis</strong></span> <span class='ocrx_word' id='word_1_228' title='bbox 1146 3271 1351 3366; x_wconf 87' lang='lat' dir='ltr'><strong>septembris</strong></span> <span class='ocrx_word' id='word_1_229' title='bbox 1371 3293 1450 3342; x_wconf 92' lang='lat' dir='ltr'><strong>cum</strong></span> <span class='ocrx_word' id='word_1_230' title='bbox 1467 3291 1582 3343; x_wconf 88' lang='lat' dir='ltr'><strong>comes</strong></span> <span class='ocrx_word' id='word_1_231' title='bbox 1595 3271 1783 3343; x_wconf 86' lang='lat' dir='ltr'><strong>Ubertinus</strong></span> <span class='ocrx_word' id='word_1_232' title='bbox 1801 3269 1846 3343; x_wconf 90' lang='lat' dir='ltr'><strong>de</strong></span> <span class='ocrx_word' id='word_1_233' title='bbox 1861 3271 1980 3346; x_wconf 88' lang='lat' dir='ltr'><strong>Laudo</strong></span> 
     </span>
     <span class='ocr_line' id='line_1_23' title="bbox 561 3395 1980 3489; baseline -0.001 -22"><span class='ocrx_word' id='word_1_234' title='bbox 561 3407 596 3467; x_wconf 88' lang='lat' dir='ltr'><strong>et</strong></span> <span class='ocrx_word' id='word_1_235' title='bbox 612 3395 738 3468; x_wconf 87' lang='lat' dir='ltr'><strong>milites</strong></span> <span class='ocrx_word' id='word_1_236' title='bbox 752 3395 815 3489; x_wconf 91' lang='lat' dir='ltr'><strong>qui</strong></span> <span class='ocrx_word' id='word_1_237' title='bbox 837 3404 935 3466; x_wconf 90' lang='lat' dir='ltr'><strong>erant</strong></span> <span class='ocrx_word' id='word_1_238' title='bbox 950 3395 987 3465; x_wconf 90' lang='lat' dir='ltr'><strong>in</strong></span> <span class='ocrx_word' id='word_1_239' title='bbox 1005 3395 1218 3467; x_wconf 83' lang='lat' dir='ltr'><strong>Zaratarello</strong></span> <span class='ocrx_word' id='word_1_240' title='bbox 1235 3395 1387 3466; x_wconf 87' lang='lat' dir='ltr'><strong>lacerent</strong></span> <span class='ocrx_word' id='word_1_241' title='bbox 1403 3403 1608 3488; x_wconf 87' lang='lat' dir='ltr'><strong>apparatum</strong></span> <span class='ocrx_word' id='word_1_242' title='bbox 1625 3415 1790 3487; x_wconf 77' lang='lat' dir='ltr'><strong>magnum</strong></span> <span class='ocrx_word' id='word_1_243' title='bbox 1806 3395 1980 3488; x_wconf 88' lang='lat' dir='ltr'><strong>preliandi</strong></span> 
     </span>
     <span class='ocr_line' id='line_1_24' title="bbox 561 3515 1980 3613; baseline 0.001 -23"><span class='ocrx_word' id='word_1_244' title='bbox 561 3521 716 3613; x_wconf 78' lang='lat' dir='ltr'><strong>Burgum</strong></span> <span class='ocrx_word' id='word_1_245' title='bbox 746 3519 926 3591; x_wconf 84' lang='lat' dir='ltr'><strong>Zenevreti</strong></span> <span class='ocrx_word' id='word_1_246' title='bbox 957 3517 1017 3590; x_wconf 92' lang='lat' dir='ltr'><strong>ubi</strong></span> <span class='ocrx_word' id='word_1_247' title='bbox 1042 3517 1264 3590; x_wconf 86' lang='lat' dir='ltr'><strong>morabantur</strong></span> <span class='ocrx_word' id='word_1_248' title='bbox 1289 3517 1543 3610; x_wconf 79' lang='lat' dir='ltr'><strong>quinquaginta</strong></span> <span class='ocrx_word' id='word_1_249' title='bbox 1568 3516 1692 3588; x_wconf 86' lang='lat' dir='ltr'><strong>milites</strong></span> <span class='ocrx_word' id='word_1_250' title='bbox 1718 3515 1888 3589; x_wconf 88' lang='lat' dir='ltr'><strong>adsoldati</strong></span> <span class='ocrx_word' id='word_1_251' title='bbox 1916 3539 1980 3613; x_wconf 86' lang='lat' dir='ltr'><strong>pru</strong></span> 
     </span>
     <span class='ocr_line' id='line_1_25' title="bbox 563 3639 1980 3735; baseline 0 -21"><span class='ocrx_word' id='word_1_252' title='bbox 563 3642 739 3716; x_wconf 90' lang='lat' dir='ltr'><strong>communi</strong></span> <span class='ocrx_word' id='word_1_253' title='bbox 758 3641 949 3732; x_wconf 83' lang='lat' dir='ltr'><strong>Placentia,</strong></span> <span class='ocrx_word' id='word_1_254' title='bbox 970 3662 1118 3734; x_wconf 90' lang='lat' dir='ltr'><strong>quorum</strong></span> <span class='ocrx_word' id='word_1_255' title='bbox 1141 3649 1239 3712; x_wconf 88' lang='lat' dir='ltr'><strong>erant</strong></span> <span class='ocrx_word' id='word_1_256' title='bbox 1264 3640 1434 3735; x_wconf 89' lang='lat' dir='ltr'><strong>capitanei</strong></span> <span class='ocrx_word' id='word_1_257' title='bbox 1457 3639 1582 3732; x_wconf 75' lang='lat' dir='ltr'><strong>Sagius</strong></span> <span class='ocrx_word' id='word_1_258' title='bbox 1606 3639 1652 3711; x_wconf 90' lang='lat' dir='ltr'><strong>de</strong></span> <span class='ocrx_word' id='word_1_259' title='bbox 1673 3639 1829 3712; x_wconf 90' lang='lat' dir='ltr'><strong>Nebiauo</strong></span> <span class='ocrx_word' id='word_1_260' title='bbox 1847 3649 1883 3712; x_wconf 87' lang='lat' dir='ltr'><strong>et</strong></span> <span class='ocrx_word' id='word_1_261' title='bbox 1901 3639 1980 3714; x_wconf 92' lang='lat' dir='ltr'><strong>Od-</strong></span> 
     </span>
     <span class='ocr_line' id='line_1_26' title="bbox 563 3762 1980 3860; baseline -0.002 -21"><span class='ocrx_word' id='word_1_262' title='bbox 563 3767 668 3839; x_wconf 89' lang='lat' dir='ltr'><strong>dinus</strong></span> <span class='ocrx_word' id='word_1_263' title='bbox 683 3763 729 3838; x_wconf 88' lang='lat' dir='ltr'><strong>de</strong></span> <span class='ocrx_word' id='word_1_264' title='bbox 743 3765 858 3837; x_wconf 86' lang='lat' dir='ltr'><strong>Rocha</strong></span> <span class='ocrx_word' id='word_1_265' title='bbox 874 3784 937 3860; x_wconf 88' lang='lat' dir='ltr'><strong>pro</strong></span> <span class='ocrx_word' id='word_1_266' title='bbox 952 3763 1152 3836; x_wconf 81' lang='lat' dir='ltr'><strong>defensione</strong></span> <span class='ocrx_word' id='word_1_267' title='bbox 1169 3763 1389 3836; x_wconf 88' lang='lat' dir='ltr'><strong>Vallistidoni</strong></span> <span class='ocrx_word' id='word_1_268' title='bbox 1406 3771 1441 3834; x_wconf 83' lang='lat' dir='ltr'><strong>et</strong></span> <span class='ocrx_word' id='word_1_269' title='bbox 1459 3763 1639 3834; x_wconf 89' lang='lat' dir='ltr'><strong>hominurn</strong></span> <span class='ocrx_word' id='word_1_270' title='bbox 1661 3762 1754 3834; x_wconf 91' lang='lat' dir='ltr'><strong>illius</strong></span> <span class='ocrx_word' id='word_1_271' title='bbox 1770 3763 1872 3834; x_wconf 88' lang='lat' dir='ltr'><strong>vallis</strong></span> <span class='ocrx_word' id='word_1_272' title='bbox 1890 3785 1980 3858; x_wconf 90' lang='lat' dir='ltr'><strong>qnos</strong></span> 
     </span>
     <span class='ocr_line' id='line_1_27' title="bbox 563 3879 1981 3980; baseline -0.003 -16"><span class='ocrx_word' id='word_1_273' title='bbox 563 3879 712 3964; x_wconf 88' lang='lat' dir='ltr'><strong>multum</strong></span> <span class='ocrx_word' id='word_1_274' title='bbox 734 3888 943 3960; x_wconf 80' lang='lat' dir='ltr'><strong>infestabant</strong></span> <span class='ocrx_word' id='word_1_275' title='bbox 963 3887 1012 3958; x_wconf 94' lang='lat' dir='ltr'><strong>illi</strong></span> <span class='ocrx_word' id='word_1_276' title='bbox 1032 3885 1077 3960; x_wconf 90' lang='lat' dir='ltr'><strong>ds</strong></span> <span class='ocrx_word' id='word_1_277' title='bbox 1098 3887 1328 3977; x_wconf 79' lang='lat' dir='ltr'><strong>Zaratarel103</strong></span> <span class='ocrx_word' id='word_1_278' title='bbox 1346 3887 1442 3980; x_wconf 91' lang='lat' dir='ltr'><strong>qnod</strong></span> <span class='ocrx_word' id='word_1_279' title='bbox 1466 3887 1594 3958; x_wconf 84' lang='lat' dir='ltr'><strong>factum</strong></span> <span class='ocrx_word' id='word_1_280' title='bbox 1616 3887 1672 3959; x_wconf 90' lang='lat' dir='ltr'><strong>vel</strong></span> <span class='ocrx_word' id='word_1_281' title='bbox 1692 3907 1755 3980; x_wconf 85' lang='lat' dir='ltr'><strong>per</strong></span> <span class='ocrx_word' id='word_1_282' title='bbox 1779 3887 1914 3980; x_wconf 86' lang='lat' dir='ltr'><strong>aliquos</strong></span> <span class='ocrx_word' id='word_1_283' title='bbox 1934 3885 1981 3960; x_wconf 89' lang='lat' dir='ltr'><strong>de</strong></span> 
     </span>
     <span class='ocr_line' id='line_1_28' title="bbox 564 4009 1981 4107; baseline -0.004 -19"><span class='ocrx_word' id='word_1_284' title='bbox 564 4013 777 4089; x_wconf 82' lang='lat' dir='ltr'><strong>Zaratarello</strong></span> <span class='ocrx_word' id='word_1_285' title='bbox 795 4011 1001 4107; x_wconf 85' lang='lat' dir='ltr'><strong>prodictorie</strong></span> <span class='ocrx_word' id='word_1_286' title='bbox 1018 4011 1075 4083; x_wconf 89' lang='lat' dir='ltr'><strong>vel</strong></span> <span class='ocrx_word' id='word_1_287' title='bbox 1090 4010 1157 4082; x_wconf 92' lang='lat' dir='ltr'><strong>alio</strong></span> <span class='ocrx_word' id='word_1_288' title='bbox 1175 4009 1280 4083; x_wconf 92' lang='lat' dir='ltr'><strong>modo</strong></span> <span class='ocrx_word' id='word_1_289' title='bbox 1304 4011 1532 4105; x_wconf 86' lang='lat' dir='ltr'><strong>propallatnm</strong></span> <span class='ocrx_word' id='word_1_290' title='bbox 1555 4010 1631 4082; x_wconf 89' lang='lat' dir='ltr'><strong>sive</strong></span> <span class='ocrx_word' id='word_1_291' title='bbox 1645 4011 1898 4082; x_wconf 79' lang='lat' dir='ltr'><strong>manifestatum</strong></span> <span class='ocrx_word' id='word_1_292' title='bbox 1916 4011 1981 4083; x_wconf 85' lang='lat' dir='ltr'><strong>luit</strong></span> 
     </span>
     <span class='ocr_line' id='line_1_29' title="bbox 564 4131 1981 4234; baseline -0.002 -26"><span class='ocrx_word' id='word_1_293' title='bbox 564 4137 722 4234; x_wconf 88' lang='lat' dir='ltr'><strong>potestati</strong></span> <span class='ocrx_word' id='word_1_294' title='bbox 743 4145 778 4207; x_wconf 92' lang='lat' dir='ltr'><strong>et</strong></span> <span class='ocrx_word' id='word_1_295' title='bbox 799 4133 975 4207; x_wconf 91' lang='lat' dir='ltr'><strong>communi</strong></span> <span class='ocrx_word' id='word_1_296' title='bbox 996 4133 1181 4206; x_wconf 82' lang='lat' dir='ltr'><strong>Placentia.</strong></span> <span class='ocrx_word' id='word_1_297' title='bbox 1202 4131 1303 4205; x_wconf 89' lang='lat' dir='ltr'><strong>Unde</strong></span> <span class='ocrx_word' id='word_1_298' title='bbox 1326 4132 1393 4228; x_wconf 90' lang='lat' dir='ltr'><strong>ipsi</strong></span> <span class='ocrx_word' id='word_1_299' title='bbox 1417 4132 1604 4204; x_wconf 88' lang='lat' dir='ltr'><strong>Placentini</strong></span> <span class='ocrx_word' id='word_1_300' title='bbox 1626 4133 1794 4205; x_wconf 89' lang='lat' dir='ltr'><strong>miserunt</strong></span> <span class='ocrx_word' id='word_1_301' title='bbox 1819 4133 1866 4207; x_wconf 90' lang='lat' dir='ltr'><strong>ad</strong></span> <span class='ocrx_word' id='word_1_302' title='bbox 1885 4134 1981 4206; x_wconf 91' lang='lat' dir='ltr'><strong>civi-</strong></span> 
     </span>
     <span class='ocr_line' id='line_1_30' title="bbox 562 4255 1981 4352; baseline -0.003 -20"><span class='ocrx_word' id='word_1_303' title='bbox 562 4271 666 4333; x_wconf 85' lang='lat' dir='ltr'><strong>tatem</strong></span> <span class='ocrx_word' id='word_1_304' title='bbox 681 4259 845 4332; x_wconf 90' lang='lat' dir='ltr'><strong>Cremone</strong></span> <span class='ocrx_word' id='word_1_305' title='bbox 862 4279 924 4352; x_wconf 92' lang='lat' dir='ltr'><strong>pro</strong></span> <span class='ocrx_word' id='word_1_306' title='bbox 943 4257 1080 4329; x_wconf 88' lang='lat' dir='ltr'><strong>duabus</strong></span> <span class='ocrx_word' id='word_1_307' title='bbox 1099 4255 1205 4351; x_wconf 86' lang='lat' dir='ltr'><strong>portis</strong></span> <span class='ocrx_word' id='word_1_308' title='bbox 1227 4256 1373 4327; x_wconf 90' lang='lat' dir='ltr'><strong>militum</strong></span> <span class='ocrx_word' id='word_1_309' title='bbox 1391 4255 1578 4346; x_wconf 88' lang='lat' dir='ltr'><strong>Cremone,</strong></span> <span class='ocrx_word' id='word_1_310' title='bbox 1595 4257 1657 4350; x_wconf 90' lang='lat' dir='ltr'><strong>qui</strong></span> <span class='ocrx_word' id='word_1_311' title='bbox 1677 4256 1768 4328; x_wconf 89' lang='lat' dir='ltr'><strong>illico</strong></span> <span class='ocrx_word' id='word_1_312' title='bbox 1792 4255 1851 4328; x_wconf 90' lang='lat' dir='ltr'><strong>die</strong></span> <span class='ocrx_word' id='word_1_313' title='bbox 1868 4256 1981 4330; x_wconf 92' lang='lat' dir='ltr'><strong>domi·</strong></span> 
     </span>
     <span class='ocr_line' id='line_1_31' title="bbox 563 4379 1978 4477; baseline -0.004 -21"><span class='ocrx_word' id='word_1_314' title='bbox 563 4385 641 4456; x_wconf 90' lang='lat' dir='ltr'><strong>nico</strong></span> <span class='ocrx_word' id='word_1_315' title='bbox 657 4384 693 4455; x_wconf 92' lang='lat' dir='ltr'><strong>in</strong></span> <span class='ocrx_word' id='word_1_316' title='bbox 708 4403 784 4456; x_wconf 86' lang='lat' dir='ltr'><strong>sero</strong></span> <span class='ocrx_word' id='word_1_317' title='bbox 796 4382 1037 4477; x_wconf 87' lang='lat' dir='ltr'><strong>applicuerunt</strong></span> <span class='ocrx_word' id='word_1_318' title='bbox 1050 4381 1086 4452; x_wconf 95' lang='lat' dir='ltr'><strong>in</strong></span> <span class='ocrx_word' id='word_1_319' title='bbox 1100 4380 1329 4468; x_wconf 85' lang='lat' dir='ltr'><strong>Placentiam,</strong></span> <span class='ocrx_word' id='word_1_320' title='bbox 1344 4389 1379 4452; x_wconf 88' lang='lat' dir='ltr'><strong>et</strong></span> <span class='ocrx_word' id='word_1_321' title='bbox 1392 4379 1556 4451; x_wconf 90' lang='lat' dir='ltr'><strong>continuo</strong></span> <span class='ocrx_word' id='word_1_322' title='bbox 1572 4379 1696 4451; x_wconf 86' lang='lat' dir='ltr'><strong>milites</strong></span> <span class='ocrx_word' id='word_1_323' title='bbox 1711 4379 1885 4452; x_wconf 84' lang='lat' dir='ltr'><strong>Placentia</strong></span> <span class='ocrx_word' id='word_1_324' title='bbox 1899 4401 1978 4451; x_wconf 89' lang='lat' dir='ltr'><strong>cum</strong></span> 
     </span>
     <span class='ocr_line' id='line_1_32' title="bbox 562 4501 1980 4599; baseline -0.006 -17"><span class='ocrx_word' id='word_1_325' title='bbox 562 4509 630 4582; x_wconf 91' lang='lat' dir='ltr'><strong>illis</strong></span> <span class='ocrx_word' id='word_1_326' title='bbox 647 4507 814 4580; x_wconf 88' lang='lat' dir='ltr'><strong>Cremone</strong></span> <span class='ocrx_word' id='word_1_327' title='bbox 831 4505 1075 4599; x_wconf 88' lang='lat' dir='ltr'><strong>equitaverunt</strong></span> <span class='ocrx_word' id='word_1_328' title='bbox 1103 4505 1140 4575; x_wconf 91' lang='lat' dir='ltr'><strong>in</strong></span> <span class='ocrx_word' id='word_1_329' title='bbox 1158 4501 1366 4575; x_wconf 87' lang='lat' dir='ltr'><strong>Valletidoni</strong></span> <span class='ocrx_word' id='word_1_330' title='bbox 1394 4523 1517 4574; x_wconf 89' lang='lat' dir='ltr'><strong>versus</strong></span> <span class='ocrx_word' id='word_1_331' title='bbox 1538 4503 1785 4594; x_wconf 85' lang='lat' dir='ltr'><strong>Zenevretnm;</strong></span> <span class='ocrx_word' id='word_1_332' title='bbox 1813 4503 1875 4596; x_wconf 90' lang='lat' dir='ltr'><strong>qui</strong></span> <span class='ocrx_word' id='word_1_333' title='bbox 1899 4509 1980 4575; x_wconf 86' lang='lat' dir='ltr'><strong>ante</strong></span> 
     </span>
     <span class='ocr_line' id='line_1_33' title="bbox 563 4625 1979 4726; baseline -0.004 -24"><span class='ocrx_word' id='word_1_334' title='bbox 563 4655 668 4726; x_wconf 88' lang='lat' dir='ltr'><strong>quam</strong></span> <span class='ocrx_word' id='word_1_335' title='bbox 691 4639 805 4704; x_wconf 87' lang='lat' dir='ltr'><strong>essent</strong></span> <span class='ocrx_word' id='word_1_336' title='bbox 828 4629 874 4702; x_wconf 90' lang='lat' dir='ltr'><strong>ad</strong></span> <span class='ocrx_word' id='word_1_337' title='bbox 891 4631 1140 4718; x_wconf 88' lang='lat' dir='ltr'><strong>Zenevretum,</strong></span> <span class='ocrx_word' id='word_1_338' title='bbox 1169 4627 1217 4697; x_wconf 93' lang='lat' dir='ltr'><strong>illi</strong></span> <span class='ocrx_word' id='word_1_339' title='bbox 1241 4626 1287 4701; x_wconf 89' lang='lat' dir='ltr'><strong>de</strong></span> <span class='ocrx_word' id='word_1_340' title='bbox 1309 4625 1522 4698; x_wconf 88' lang='lat' dir='ltr'><strong>Zaratarello</strong></span> <span class='ocrx_word' id='word_1_341' title='bbox 1536 4627 1609 4718; x_wconf 88' lang='lat' dir='ltr'><strong>jam</strong></span> <span class='ocrx_word' id='word_1_342' title='bbox 1633 4627 1790 4720; x_wconf 87' lang='lat' dir='ltr'><strong>pervim</strong></span> <span class='ocrx_word' id='word_1_343' title='bbox 1816 4635 1979 4720; x_wconf 85' lang='lat' dir='ltr'><strong>ceperant</strong></span> 
     </span>
     <span class='ocr_line' id='line_1_34' title="bbox 563 4748 1977 4846; baseline -0.005 -18"><span class='ocrx_word' id='word_1_344' title='bbox 563 4765 671 4828; x_wconf 86' lang='lat' dir='ltr'><strong>totum</strong></span> <span class='ocrx_word' id='word_1_345' title='bbox 699 4755 849 4846; x_wconf 78' lang='lat' dir='ltr'><strong>burgum</strong></span> <span class='ocrx_word' id='word_1_346' title='bbox 877 4751 1058 4826; x_wconf 83' lang='lat' dir='ltr'><strong>Zenevreti</strong></span> <span class='ocrx_word' id='word_1_347' title='bbox 1083 4761 1118 4823; x_wconf 87' lang='lat' dir='ltr'><strong>et</strong></span> <span class='ocrx_word' id='word_1_348' title='bbox 1141 4749 1256 4846; x_wconf 90' lang='lat' dir='ltr'><strong>ipsum</strong></span> <span class='ocrx_word' id='word_1_349' title='bbox 1283 4749 1364 4844; x_wconf 82' lang='lat' dir='ltr'><strong>igne</strong></span> <span class='ocrx_word' id='word_1_350' title='bbox 1387 4757 1642 4843; x_wconf 85' lang='lat' dir='ltr'><strong>cremaverant,</strong></span> <span class='ocrx_word' id='word_1_351' title='bbox 1671 4748 1873 4824; x_wconf 84' lang='lat' dir='ltr'><strong>recedentes</strong></span> <span class='ocrx_word' id='word_1_352' title='bbox 1896 4771 1977 4822; x_wconf 90' lang='lat' dir='ltr'><strong>cnm</strong></span> 
     </span>
    </p>
   </div>
   <div class='ocr_carea' id='block_1_6' title="bbox 0 0 2280 6080">
    <p class='ocr_par' dir='ltr' id='par_1_6' title="bbox 0 0 2280 6080">
     <span class='ocr_line' id='line_1_35' title="bbox 0 0 2280 6080; baseline 0 1"><span class='ocrx_word' id='word_1_353' title='bbox 0 0 2280 6080; x_wconf 95' lang='lat' dir='ltr'><strong> </strong></span> 
     </span>
    </p>
   </div>
  </div>
 </body>
</html>
