4554 6080
786 669 828 729 IN
851 668 992 730 Il'llblll
1017 667 1170 730 cussis,
1632 667 1693 730 303

265 809 405 882 exirent
423 807 469 880 de
489 805 616 878 bannis
632 813 668 877 et
684 804 731 878 de
746 805 944 878 carceribus
959 803 1174 898 ubicumque
1189 809 1304 875 essent
1317 810 1351 874 et
1368 811 1509 896 possent
1526 803 1639 876 redire
1658 805 1693 876 in

266 931 443 1004 civitatem
454 929 629 1002 Placentie
641 928 689 1000 ad
699 949 819 1001 eorum
828 930 1056 1019 voluntatem,
1068 947 1140 1000 non
1155 923 1325 998 solvendo
1338 923 1694 1021 extima(sic)necque

266 1055 392 1128 caritas
415 1075 481 1126 neo
508 1054 544 1124 ln
564 1053 624 1146 jus
650 1053 774 1126 vocari
790 1073 903 1146 usqne
926 1052 974 1124 ad
999 1073 1144 1124 annum.
1167 1051 1211 1120 nt
1231 1050 1290 1122 die
1311 1049 1404 1140 jovis
1424 1049 1516 1122 XVII
1541 1053 1695 1124 octubris

266 1181 379 1276 ipsam
400 1179 552 1252 Ilocham
576 1177 750 1252 dederunt
768 1185 803 1250 et
825 1175 1043 1250 tradiderunt
1060 1175 1220 1270 potestati
1241 1181 1274 1246 ct
1290 1173 1490 1246 homiuibus
1507 1175 1692 1248 PlacentIe.

266 1305 423 1390 Quorum
438 1309 620 1399 pactorum
636 1312 770 1376 actores
785 1301 927 1374 luerunt
937 1299 1104 1374 Girardus
1120 1299 1166 1372 de
1181 1298 1359 1394 Supercho
1371 1298 1417 1371 de
1431 1297 1575 1392 llndito,
1586 1301 1697 1374 Flam·

266 1449 393 1500 menos
411 1427 458 1500 ds
479 1425 610 1500 Audito
626 1435 662 1500 et
684 1427 833 1500 Ubertns
856 1424 902 1501 de
919 1425 1018 1500 Puris
1035 1434 1070 1498 et
1091 1424 1255 1498 Albertus
1274 1424 1411 1497 Ciroxia
1432 1453 1440 1498 :
1461 1426 1521 1496 alii
1546 1447 1593 1498 ex
1611 1427 1696 1521 ipsis

268 1551 410 1625 luerunt
431 1551 468 1622 in
486 1549 714 1642 Placentiam,
734 1551 793 1622 alii
813 1549 861 1624 ad
883 1547 1098 1644 Gravagom.
1116 1551 1290 1622 Steterunt
1306 1548 1355 1620 ibi
1372 1549 1580 1641 Placentini,
1601 1571 1697 1622 com·

268 1675 399 1772 putatis
413 1675 539 1748 diebus
550 1673 683 1748 itineris
696 1683 731 1746 et
746 1695 930 1764 reversus,
947 1695 1011 1768 per
1027 1672 1091 1747 XX
1102 1673 1314 1768 septimanas
1324 1693 1405 1744 cum
1419 1691 1548 1764 magno
1572 1695 1698 1766 grava·

270 1799 367 1870 mino
382 1797 568 1893 temporis,
590 1817 825 1893 expensarum
840 1805 876 1867 et
889 1795 1009 1868 mortis
1024 1795 1202 1888 virorum,
1224 1779 1479 1868 vumerieioms
1497 1795 1646 1868 militum
1663 1805 1698 1870 et

270 1921 430 2017 peditum
445 1931 551 2016 atque
565 1920 714 2016 penuria
725 1919 945 1994 victualium.

321 2046 386 2118 Itis
398 2045 574 2118 domInico
587 2044 714 2116 XXVII
730 2043 859 2117 mensis
876 2041 1032 2116 octubris
1048 2051 1189 2138 propter
1211 2041 1458 2116 exaltationem
1481 2043 1698 2118 Placentino·

271 2191 351 2242 rum
369 2169 635 2242 intrinsecorum
648 2167 711 2264 qui
725 2168 763 2240 ln
777 2167 936 2240 custodia
948 2166 1065 2242 Ilocbe
1080 2165 1183 2239 Bardi
1199 2166 1400 2239 dimiserant
1410 2168 1470 2238 XL
1486 2169 1613 2242 milites
1628 2179 1699 2242 tam

273 2293 321 2367 de
340 2293 527 2384 Cremona,
552 2295 676 2366 Parma
694 2301 729 2366 ot
745 2291 942 2366 Mediolano
958 2291 1005 2365 ud
1021 2289 1138 2364 soldos
1158 2291 1269 2364 eciam
1292 2292 1488 2365 communis
1505 2293 1696 2386 Placentia,

272 2417 336 2511 qui
359 2417 466 2490 nimis
484 2417 693 2490 intestabant
711 2415 788 2489 illos
807 2416 853 2489 de
870 2414 1030 2509 Grsvago
1054 2422 1089 2486 et
1114 2414 1191 2487 illos
1213 2415 1274 2509 qni
1300 2437 1365 2512 pro
1386 2425 1485 2511 parte
1504 2418 1700 2491 extrinseca

272 2541 448 2613 Placentia
473 2541 510 2612 in
534 2540 602 2612 illis
624 2539 782 2635 partibus
806 2537 971 2628 aderant,
999 2535 1180 2610 Albsricus
1207 2537 1252 2610 de
1269 2541 1429 2633 Gravago
1457 2535 1649 2614 de'Andito
1666 2551 1702 2615 et

275 2663 383 2736 frater
397 2673 433 2736 et
449 2663 653 2736 Prodericns
671 2661 717 2736 de
728 2661 857 2735 Audito
875 2671 910 2734 et
924 2661 983 2734 alii
998 2660 1187 2734 Placentini
1206 2665 1266 2755 qui
1280 2663 1397 2735 inillis
1411 2665 1569 2759 partibus
1582 2675 1699 2758 erant,

274 2787 397 2882 positis
413 2785 551 2859 insidiis
565 2788 669 2879 juxta
687 2785 838 2860 llocbum
861 2784 965 2858 Bardi
983 2784 1050 2858 isto
1068 2783 1128 2857 die
1149 2793 1250 2858 nocte
1268 2787 1382 2860 silenti
1398 2789 1567 2861 mleerunt
1584 2791 1703 2862 Xmi-

273 2909 355 2983 lites
372 2931 452 2984 cum
466 2907 661 3007 quantitate
684 2909 898 2983 servientum
917 2909 963 2982 de
981 2907 1141 3002 Grarago
1157 2919 1193 2982 et
1207 2909 1343 2983 illarum
1364 2912 1523 3006 parcium
1545 2914 1608 3007 qni
1626 2913 1703 2988 ive·

274 3041 360 3106 runt
370 3036 474 3126 juxta
489 3035 642 3108 Ilocbanr
660 3031 707 3106 ad
723 3032 1000 3106 comburendum
1019 3033 1142 3106 domos
1162 3054 1234 3128 qne
1257 3034 1307 3106 ibi
1321 3045 1430 3108 erant.
1448 3038 1526 3122 Quo
1547 3039 1624 3111 vIso
1639 3061 1703 3135 per

275 3161 353 3233 illos
371 3159 416 3233 de
437 3159 554 3233 llochu
579 3159 754 3234 contrario
776 3159 939 3231 eonrunt
958 3157 1003 3230 ds
1018 3158 1134 3232 Ilocho
1157 3157 1203 3231 ad
1220 3179 1328 3253 equos
1353 3169 1388 3232 et
1405 3161 1516 3257 pedes
1541 3173 1627 3257 quot
1650 3166 1702 3237 ibi

276 3291 377 3358 erant
390 3293 426 3356 et
439 3284 608 3356 insultum
627 3283 792 3356 facientes
806 3283 843 3353 in
857 3282 935 3354 illos
952 3281 996 3354 de
1014 3283 1173 3377 Gravago
1192 3284 1402 3377 fugaverunt
1424 3285 1519 3381 ipsos
1533 3309 1646 3383 usque
1664 3289 1702 3360 in

278 3407 423 3482 Cenum.
443 3407 545 3480 Unde
561 3408 611 3478 illi
626 3407 688 3502 qui
703 3407 740 3477 in
757 3404 895 3477 insidiis
908 3415 1007 3477 orant
1020 3416 1212 3500 posuerunt
1227 3429 1266 3480 ss
1282 3408 1462 3482 interillos
1478 3411 1524 3484 ds
1535 3412 1651 3486 Rccha
1668 3423 1702 3486 et

276 3531 430 3606 Roobam
449 3541 486 3602 st
500 3532 594 3628 ipsos
608 3531 643 3602 iu
655 3531 775 3624 lugam
787 3536 961 3602 vertentes
975 3530 1102 3602 multos
1121 3551 1168 3602 ex
1186 3531 1237 3602 eIs
1255 3531 1437 3604 eciderunt
1449 3533 1541 3608 circa
1558 3535 1702 3609 XXXVI

279 3665 315 3730 st
332 3657 427 3728 XXII
449 3663 617 3752 ceperunt
641 3675 730 3749 quos
752 3653 800 3725 ad
824 3653 1023 3743 Gravagum
1044 3652 1081 3722 in
1098 3673 1252 3727 carceres
1274 3653 1468 3749 duxerunt,
1490 3667 1525 3731 st
1545 3659 1703 3754 Xequos

280 3791 316 3853 et
340 3781 452 3853 boves
477 3789 513 3852 et
535 3778 665 3852 bestIas
687 3785 851 3873 ceperunt
874 3784 909 3849 et
934 3774 1056 3848 domos
1081 3785 1117 3848 et
1140 3777 1283 3852 carinus
1307 3801 1378 3874 que
1403 3781 1455 3852 ibi
1481 3791 1578 3854 erant
1605 3805 1704 3857 com-

280 3903 474 3976 buxeront.

330 4028 395 4100 Dis
410 4024 550 4099 veneris
563 4024 639 4096 VIII
652 4025 784 4096 mensIs
796 4023 996 4096 novembrIs
1011 4023 1198 4120 Papienses
1214 4025 1250 4096 in
1268 4028 1421 4120 generali
1438 4029 1580 4102 oonsilio
1593 4032 1705 4125 elige-

282 4158 365 4222 runt
386 4151 423 4220 in
451 4169 573 4222 eorum
592 4155 796 4243 potestatem
820 4155 856 4220 et
879 4156 1047 4220 rectorem
1070 4147 1252 4220 dominum
1271 4148 1470 4224 Albericom
1494 4153 1540 4226 de
1558 4155 1705 4228 Xoardis

283 4275 398 4348 civem
422 4271 602 4368 Pergami,
633 4271 793 4344 electioni
826 4273 926 4364 cujus
954 4271 1080 4343 milites
1105 4273 1210 4368 Papia
1235 4273 1296 4369 qui
1326 4275 1511 4348 FaIIabrini
1542 4277 1707 4352 dicontur

283 4399 451 4471 iuteresse
467 4397 671 4486 noluerunt,
692 4415 854 4486 magnam
877 4395 951 4468 vim
976 4396 1141 4470 facientes
1161 4419 1225 4492 per
1246 4419 1284 4470 se
1311 4408 1346 4470 et
1375 4399 1452 4473 illos
1480 4401 1527 4474 de
1551 4405 1641 4476 Ture
1661 4426 1707 4477 ne

282 4523 400 4619 ipsum
412 4521 571 4615 regimen
588 4518 813 4616 reciperetur.
829 4518 898 4604 Qui
916 4528 1056 4616 propter
1069 4521 1136 4594 boc
1152 4543 1220 4594 non
1235 4521 1382 4615 dimisit,
1402 4525 1465 4598 sed
1487 4526 1600 4622 ipsum
1615 4529 1708 4622 regi·

285 4668 367 4720 men
380 4644 629 4738 lacerejurarit
642 4653 677 4718 et
688 4641 871 4739 recepitde
885 4643 1060 4717 voluntate
1071 4646 1265 4719 communis
1276 4647 1431 4743 Pergami
1446 4649 1503 4723 die
1510 4653 1603 4744 jovis
1615 4654 1708 4724 XIIII

287 4771 417 4844 mensis
431 4769 644 4852 novembris.
