4554 6080
614 591 680 654 '2¹16
1094 593 1336 657 CllRONlCON
1360 593 1413 654 DE
1438 593 1566 655 ausus

619 726 791 798 lorostatis
812 735 847 798 at
869 730 1031 801 tenebant
1048 729 1262 825 Scipionem,
1283 729 1526 822 Peregrinum,
1552 728 1775 822 Gisaligium,
1794 730 2025 824 Landaxium,

618 851 791 922 Buxetum
810 861 844 922 et
859 851 1029 926 Piscinam
1045 861 1080 926 et
1097 854 1164 926 alia
1186 853 1274 926 loca.
1294 853 1338 924 lit
1358 873 1473 924 comes
1488 851 1673 926 Ubertinns
1687 851 1733 926 de
1752 853 1871 928 Laudo
1895 865 1930 928 et
1954 877 2030 952 para

618 994 682 1046 sua
701 973 839 1046 tenebat
858 974 1010 1048 llooham
1024 977 1149 1064 Bardi,
1177 976 1340 1060 Gauium,
1365 975 1590 1069 Complanum
1615 984 1650 1048 et
1674 975 1825 1050 Mentem
1846 977 2027 1066 Amitium,

617 1097 882 1190 Monteregium,
896 1099 1221 1174 Petramcravunam
1235 1096 1299 1195 (a),
1313 1099 1455 1185 Senum,
1470 1100 1736 1190 Zaratarellum,
1750 1099 1962 1193 Gravagum,
1977 1123 2029 1176 re·

618 1219 783 1293 bellantes
812 1220 943 1294 civitati
966 1222 1149 1296 Placentia.
1176 1221 1339 1296 Similiter
1362 1223 1561 1295 Brixienses
1581 1223 1734 1296 arentin
1757 1225 1912 1298 maxima
1933 1225 2029 1298 divi-

617 1343 731 1435 sione,
753 1343 837 1436 quia
858 1343 1026 1418 dederant
1041 1346 1217 1440 oodigium
1235 1345 1415 1417 Franciseo
1436 1344 1482 1418 de
1501 1345 1617 1418 Lateri
1634 1345 1704 1418 civi
1720 1345 1905 1420 Mediolani
1919 1357 2030 1444 potes·

617 1467 678 1540 tati
692 1487 813 1539 eorum
833 1467 1012 1540 occasione
1029 1470 1153 1540 XXllll
1180 1469 1337 1541 ossidum
1359 1489 1448 1562 quos
1470 1469 1786 1542 Mediolanensibus
1805 1470 1978 1544 direxerat
1996 1481 2028 1544 et

617 1588 695 1662 aliis
707 1589 893 1662 extrahere
904 1589 952 1687 (b)
964 1592 1102 1664 volebat
1115 1593 1160 1666 de
1174 1591 1311 1682 Brixia,
1329 1591 1376 1664 ita
1389 1590 1487 1686 quod
1500 1593 1785 1684 irater'l‘agionus
1798 1593 1844 1667 de
1855 1595 2028 1668 blanerrio

616 1715 818 1808 capitaneus
835 1715 943 1809 partis
960 1739 1024 1789 suc
1046 1738 1126 1789 cum
1150 1717 1267 1788 multis
1287 1715 1509 1808 magnatibus
1530 1715 1679 1789 civitatis
1700 1719 1819 1791 Brixis
1836 1719 1871 1790 in
1894 1721 2028 1792 castella

616 1839 836 1933 episcopatus
855 1839 972 1910 Biixie
993 1839 1182 1913 intraverat
1196 1851 1231 1912 et
1257 1839 1389 1911 civitati
1411 1839 1531 1913 Brixia
1555 1841 1755 1914 rebellabat.
1779 1841 1842 1914 Die
1870 1843 2027 1914 mercurii

616 1961 691 2033 l'lll
711 1961 839 2033 mensis
858 1963 1041 2048 februarii,
1060 1983 1175 2036 comes
1190 1963 1377 2035 Ubertinus
1393 1961 1438 2035 de
1454 1962 1572 2037 Laudo
1592 1985 1673 2035 cum
1693 1963 1718 2035 C
1738 1964 1905 2036 militibus
1925 1967 2028 2036 iores-

615 2086 695 2157 tatis
714 2083 759 2157 de
774 2085 947 2157 Placentia
963 2097 998 2157 et
1013 2085 1047 2156 M
1060 2085 1229 2156 militibus
1241 2085 1458 2158 Theotonicis
1473 2095 1509 2158 et
1525 2087 1651 2159 milicia
1669 2087 1775 2181 Papia
1786 2085 1833 2159 ad
1850 2096 2029 2159 tractatum

615 2209 780 2304 Prepesiti
807 2207 853 2282 de
877 2209 1031 2282 Fontana
1058 2217 1092 2281 et
1116 2207 1286 2282 Gnidonis
1308 2217 1344 2280 et
1364 2209 1473 2302 Zagni
1495 2209 1638 2281 fratrum
1663 2211 1740 2302 ejus
1764 2211 1825 2304 qui
1849 2231 1966 2306 nuper
1992 2207 2033 2282 da

614 2331 756 2404 civitate
777 2329 951 2404 Placentia
974 2331 1151 2421 exierant,
1171 2330 1340 2424 equitavit
1358 2339 1460 2403 nocte
1476 2331 1589 2402 silenti
1605 2353 1718 2425 usqne
1735 2331 1782 2404 ad
1804 2341 1920 2428 portas
1938 2332 2036 2405 civi·
2060 2423 2065 2436 ι

615 2455 694 2526 tatis
728 2455 913 2527 Placentia.
949 2454 1064 2528 Guido
1097 2454 1142 2527 de
1172 2455 1324 2526 Fontana
1349 2452 1500 2525 habebat
1533 2474 1614 2526 cum
1639 2455 1806 2526 militibus
1832 2476 2038 2549 pannonum

614 2579 771 2672 pinetum
790 2577 837 2649 ad
852 2599 948 2650 arma
966 2599 1048 2665 sua,
1063 2588 1097 2650 et
1112 2579 1251 2668 Zagnus
1266 2577 1344 2669 eius
1359 2577 1463 2648 irater
1479 2597 1560 2648 cum
1581 2577 1731 2650 navibus
1751 2589 1786 2649 et
1805 2579 1935 2672 populo
1955 2599 2041 2650 cum

614 2701 683 2775 alio
699 2723 860 2796 pennono
878 2724 939 2796 per
964 2723 1092 2796 aquam
1115 2702 1165 2772 ire
1182 2700 1343 2774 debebat.
1365 2699 1434 2772 Sed
1458 2701 1611 2796 populus
1628 2703 1733 2797 Papio
1751 2703 1862 2774 noluit
1877 2703 1929 2776 ire
1944 2705 2043 2776 sicut

614 2824 813 2898 ordinatum
835 2833 911 2896 erat
928 2846 949 2896 a
965 2825 1171 2897 Monticellis
1191 2824 1293 2894 inira.
1312 2823 1404 2894 Rene
1425 2823 1519 2894 enim
1538 2824 1724 2898 intrassent
1745 2845 1866 2898 omnes
1881 2826 1919 2896 in
1940 2826 2042 2898 civi-

615 2957 685 3021 tate
703 2946 836 3042 absque
850 2947 969 3040 aliqua
988 2946 1258 3019 contradicione.
1282 2946 1434 3018 Fuerunt
1454 2943 1462 3042 l
1483 2947 1608 3020 milites
1624 2969 1736 3042 usque
1751 2948 1798 3020 ad
1811 2957 1928 3042 portas
1947 2949 2040 3022 civi·

613 3073 695 3145 tatis
714 3099 723 3142 :
745 3070 840 3166 quod
860 3071 1035 3144 intrinseci
1055 3091 1125 3142 non
1144 3069 1419 3165 perpenderunt,
1440 3088 1590 3162 magnus
1609 3071 1702 3144 enim
1723 3071 1824 3144 timor
1847 3081 1882 3144 et
1906 3080 2038 3144 tremor

617 3197 682 3268 luit
698 3197 735 3268 in
753 3195 906 3268 civitate.
926 3195 966 3266 ln
987 3193 1187 3267 defensione
1210 3195 1311 3286 cujus
1335 3191 1484 3265 civitatis
1500 3204 1600 3267 erant
1616 3194 1719 3266 CCCC
1742 3195 1868 3267 milites
1887 3195 2037 3268 Provin-

614 3320 718 3393 ciales
733 3341 797 3415 pro
813 3319 940 3392 comite
956 3319 1097 3391 Karulo.
1116 3317 1217 3390 Unde
1243 3339 1323 3389 cum
1343 3315 1503 3389 viderent
1525 3317 1622 3412 quod
1647 3339 1716 3391 non
1736 3327 1875 3414 possent
1894 3318 1944 3390 ibi
1969 3317 2035 3391 ali·

613 3443 701 3538 quid
725 3443 855 3534 iacere,
878 3443 1006 3515 reversi
1031 3451 1114 3514 sunt
1139 3439 1296 3513 homines
1315 3449 1350 3512 et
1374 3439 1503 3512 bestias
1525 3441 1696 3537 cupiendo
1720 3449 1755 3514 et
1779 3441 1900 3514 domos
1924 3463 2036 3536 quam

614 3567 731 3663 plures
749 3566 997 3639 comburendo.
1016 3565 1146 3637 Eodem
1160 3573 1315 3658 tempore
1326 3561 1473 3636 Karolus
1489 3585 1604 3636 comes
1616 3563 1796 3636 Provincia
1809 3585 1888 3636 cum
1904 3583 2037 3658 magno

614 3691 770 3764 exercitu
808 3700 881 3763 erat
913 3691 950 3760 in
980 3690 1178 3784 episcopatu
1217 3687 1394 3779 Pisanum,
1435 3687 1649 3761 devastando
1679 3689 1817 3762 Portum
1851 3689 2035 3762 Pisanum.

613 3815 823 3889 Multronum
842 3813 935 3908 cepit
955 3821 990 3886 et
1014 3814 1218 3901 sarzanam,
1245 3821 1280 3883 et
1307 3813 1396 3883 lacto
1424 3819 1524 3906 pacto
1550 3831 1629 3884 cum
1655 3811 1814 3884 stardo
1840 3811 2040 3907 Malaapina

615 3948 652 4010 at
671 3937 856 4010 comitibus
874 3934 920 4009 de
935 3935 1033 4008 Fisco
1054 3936 1115 4030 qui
1136 3935 1298 4008 tenebant
1317 3934 1606 4024 Pontremullum,
1626 3932 1797 4007 dederunt
1811 3934 1878 4006 sibi
1896 3935 2041 4006 lordum

613 4060 855 4150 Pontremulli,
887 4069 922 4132 et
949 4059 1103 4133 dimissis
1131 4058 1233 4131 CCCC
1265 4057 1433 4129 militibus
1458 4057 1494 4128 iu
1523 4057 1741 4130 Pontremulo
1768 4067 1803 4130 et
1824 4059 1973 4131 Samene
2000 4066 2042 4131 et

613 4185 783 4277 Lunensi,
799 4206 879 4258 oum
895 4205 960 4256 suo
975 4183 1132 4256 exercitu
1152 4182 1294 4254 intravit
1310 4183 1457 4272 Lucam,
1472 4183 1592 4255 volens
1608 4191 1643 4255 et
1656 4203 1843 4278 preparans
1861 4203 1899 4254 se
1917 4182 1968 4254 ire
1986 4181 2036 4256 ad

615 4308 794 4383 dominum
812 4329 938 4404 papam
955 4308 1017 4401 qui
1035 4317 1108 4380 erat
1124 4305 1222 4401 apud
1240 4305 1445 4378 viterbium.
1465 4305 1596 4380 Eodem
1615 4305 1925 4402 temporellarolus
1938 4307 2022 4380 misit

614 4455 697 4507 suas
711 4433 842 4505 litteras
857 4431 893 4504 in
913 4430 1119 4504 lombardia
1138 4430 1354 4502 continentes
1370 4429 1417 4503 ita
1434 4455 1443 4500 ε

655 4593 699 4676 (o)
719 4593 857 4672 Aploh.
874 4593 912 4654 de
923 4593 1033 4655 blussls
1044 4589 1312 4654 Petruorclouoom.

657 4702 698 4784 (b)
719 4703 815 4765 Locus
828 4699 951 4762 iorsltm
967 4700 1101 4762 munius.
1137 4699 1143 4712 '
