4676 6066
640 570 682 630 24
1068 575 1309 639 CHRONICON
1334 579 1636 642 PLACENTlNllM.

639 703 857 776 moneneium
883 705 1034 801 positum
1053 707 1089 779 in
1106 709 1197 784 buca
1211 708 1324 784 Adue.
1344 713 1408 784 Die
1427 734 1511 786 vero
1531 713 1692 786 mercurii
1713 714 1885 808 proximo,
1908 716 2053 811 predicti

637 826 913 902 Mediolanenses
930 839 965 902 et
986 831 1173 905 Placentini
1201 857 1281 908 cum
1308 837 1470 910 omnibus
1496 837 1571 910 istis
1595 835 1645 933 (c)
1669 840 1898 911 castrametati
1917 841 2054 914 luerunt

637 950 733 1045 apud
749 952 876 1040 Cornu,
892 963 927 1026 et
945 955 1134 1048 quamdam
1148 967 1276 1031 turrem
1290 983 1370 1032 cum
1387 961 1614 1053 domignicno
1627 969 1661 1034 et
1678 983 1747 1033 una
1761 961 1931 1035 caminata
1946 985 2050 1056 quam

636 1073 881 1149 Cremonenses
898 1077 947 1150 ibi
965 1079 1138 1174 iecerunt,
1160 1081 1408 1156 destruxerunt
1430 1094 1465 1158 et
1486 1083 1744 1157 combuseruut.
1771 1086 1843 1158 Hoc
1861 1086 2052 1178 cognitc'ot

635 1198 756 1270 audito
778 1221 800 1272 a
820 1199 1124 1294 Cremonensibus,
1148 1206 1239 1280 illico
1258 1229 1378 1280 omnes
1396 1207 1443 1283 ad
1463 1209 1619 1280 Castrum
1643 1209 1779 1281 Novum
1798 1219 1996 1300 currerunt,
2017 1221 2051 1285 ct

634 1323 863 1394 castrametati
880 1325 1021 1396 luerunt
1036 1347 1117 1398 cum
1132 1329 1364 1422 papilionibus
1377 1341 1411 1403 et
1428 1331 1602 1405 truvacbis
1614 1331 1716 1423 juxta
1731 1331 1826 1404 istud
1841 1329 1887 1428 (b)
1900 1343 2050 1406 castrum

633 1443 722 1516 iuter
746 1444 875 1518 llumen
902 1445 1024 1537 Adue,
1046 1458 1082 1520 et
1105 1451 1283 1543 quoddam
1305 1453 1471 1528 fossatum
1495 1454 1695 1526 munierunt
1715 1453 1851 1528 cariolis
1871 1477 1960 1550 quas
1987 1479 2049 1551 po·

631 1577 775 1641 suerunt
792 1589 898 1665 super
918 1570 1030 1666 ripam
1053 1569 1163 1666 illius,
1186 1584 1220 1648 et
1240 1577 1366 1669 gladiis
1391 1587 1426 1650 et
1449 1576 1650 1650 beltreacbis
1672 1585 1707 1650 et
1730 1575 1901 1673 predariis
1922 1587 1958 1650 et
1980 1589 2049 1652 tra·

632 1690 755 1763 bucbis
769 1691 817 1765 ita
834 1693 941 1788 aptati
955 1703 1231 1790 expectaverunt
1243 1698 1521 1772 Mediolanenses
1537 1721 1615 1770 cum
1630 1699 1704 1771 istis
1718 1697 1765 1796 (c)
1776 1721 1897 1773 eorum
1911 1702 2044 1775 amicis.

629 1815 667 1885 ln
692 1816 825 1888 auxilio
841 1837 991 1910 quorum
1013 1819 1153 1892 luerunt
1174 1821 1375 1894 Parmenses
1401 1833 1436 1894 et
1454 1823 1698 1916 Pergamenscs
1717 1831 1753 1896 et
1770 1843 1889 1896 omues
1912 1825 1971 1896 alii
1988 1847 2045 1900 ec·

627 1961 705 2010 rum
723 1939 837 2012 amici.
859 1941 921 2013 Die
938 1963 1021 2014 vero
1037 1943 1190 2035 sabbati,
1210 1946 1288 2017 XVI
1305 1943 1363 2019 die
1380 1945 1538 2038 ejusdem
1554 1945 1700 2038 mensis,
1720 1947 1995 2021 Mediolanenses
2010 1960 2044 2022 et

626 2063 814 2136 Placentini
837 2073 871 2136 et
896 2065 1096 2140 Laudenses
1115 2077 1149 2140 et
1170 2068 1356 2142 Comenses
1379 2079 1413 2142 et
1434 2069 1559 2142 milites
1583 2069 1702 2142 Brixia
1721 2070 1783 2164 qui
1805 2071 1854 2141 ibi
1879 2070 2039 2164 aderant,

625 2187 718 2262 circa
734 2187 823 2260 illud
842 2197 991 2260 castrum
1006 2198 1041 2262 et
1052 2192 1219 2264 fossatum
1238 2192 1486 2283 consederunt,
1510 2201 1545 2265 et
1560 2194 1716 2266 iecerunt
1732 2191 1782 2265 ibi
1799 2215 1990 2287 manganes
2009 2205 2044 2267 ot

624 2313 803 2409 predarias
820 2311 954 2384 drizare
974 2310 1039 2410 (d),
1061 2323 1187 2408 pontes
1202 2314 1247 2387 de
1269 2315 1389 2408 gradis
1410 2315 1455 2414 (e)
1478 2315 1527 2388 ibi
1545 2315 1620 2389 fieri
1639 2318 1795 2390 lecerunt
1819 2338 1909 2411 quos
1928 2316 2042 2392 debe-

621 2439 706 2510 bant
724 2437 890 2532 projicere
911 2457 1016 2531 super
1033 2439 1221 2529 fossatum3
1247 2439 1436 2513 credebaut
1459 2441 1551 2514 enim
1578 2451 1613 2513 et
1636 2441 1821 2538 sperabant
1840 2463 1944 2536 super
1965 2443 2040 2516 illos

621 2570 743 2657 pontes
764 2581 825 2654 per
850 2559 924 2631 vim
951 2560 1044 2632 intus
1071 2561 1159 2634 illud
1184 2563 1350 2636 fossatum
1377 2585 1481 2660 posse
1507 2565 1644 2638 intrare.
1668 2565 1732 2637 Die
1758 2585 1840 2637 vem
1867 2563 2040 2640 dominico

620 2685 799 2780 proximo,
820 2683 1091 2757 Mediolanenses
1110 2687 1156 2757 ab
1178 2709 1249 2760 uno
1265 2688 1377 2783 capite
1398 2709 1522 2761 versus
1537 2698 1688 2761 castrum
1712 2699 1985 2783 preparaverunt
2002 2712 2039 2763 se

620 2807 667 2880 ad
682 2807 824 2898 bellum,
845 2815 880 2879 et
900 2829 1068 2901 magnum
1088 2809 1235 2904 prelium
1256 2831 1337 2882 cum
1360 2810 1646 2884 Cremonensibus
1662 2810 1830 2894 lecerunt,
1850 2820 1886 2882 et
1900 2810 2039 2886 duravit

618 2931 706 3005 illud
718 2932 865 3027 prelium
880 2930 925 3002 ab
940 2930 1025 3004 hora
1045 2932 1144 3004 tertia
1161 2933 1233 3005 lere
1248 2954 1359 3028 usquc
1374 2934 1421 3008 ad
1437 2954 1618 3029 vesperas,
1641 2941 1677 3006 et
1699 2934 1776 3006 illos
1794 2933 2038 3008 Cremonenses

617 3077 722 3150 super
741 3053 887 3127 cariolas
905 3064 940 3127 et
955 3055 1171 3128 bertrescbas
1188 3056 1225 3128 in
1241 3057 1317 3152 ripa
1337 3058 1455 3130 fossati
1478 3065 1512 3130 et
1534 3057 1629 3130 intus
1652 3065 1799 3148 stantes,
1824 3079 1905 3130 cum
1923 3057 2036 3152 pilotis

617 3187 651 3250 et
671 3176 866 3273 lapidibus,
892 3179 1074 3272 manganis
1099 3189 1134 3252 et
1157 3178 1340 3274 predariis‚
1364 3181 1638 3253 vulneraverunt
1661 3188 1696 3253 et
1719 3188 2032 3274 manganaveruut3

616 3313 650 3376 et
679 3301 891 3397 primarios
915 3324 986 3396 qua
1009 3301 1169 3397 predaria
1189 3304 1464 3377 Placentinorum
1486 3300 1492 3400 Ι
1515 3303 1637 3396 traxit,
1663 3303 1834 3376 interiecit
1860 3302 2035 3398 quendam

615 3427 759 3500 militem
787 3426 923 3498 Parme.
944 3426 1109 3499 videntes
1131 3427 1224 3500 enirn
1250 3427 1526 3501 Mediolanenses
1551 3435 1587 3501 ot
1609 3426 1798 3502 Placentini
1822 3425 1919 3520 quod
1940 3427 2033 3498 ince-

615 3558 737 3645 perant
754 3549 802 3623 ad
820 3549 924 3622 linem
942 3559 1081 3646 propter
1098 3550 1356 3643 gravitudinem
1381 3551 1546 3646 temporis
1573 3559 1609 3624 et
1633 3571 1725 3645 aque
1750 3548 1942 3645 perducere
1965 3569 2033 3621 non

614 3695 727 3770 posse,
750 3673 888 3748 colectis
915 3674 1077 3746 omnibus
1105 3674 1261 3766 gratibus
1283 3685 1318 3746 et
1336 3674 1500 3770 pontibus
1515 3683 1550 3746 et
1563 3671 1751 3769 predariis,
1772 3669 1818 3744 ab
1833 3673 1909 3767 ipso
1924 3671 2033 3766 prelio

614 3794 702 3894 [ubi]
722 3797 895 3872 uulnerati
912 3799 1073 3889 luerunt,
1096 3797 1155 3871 die
1177 3799 1259 3872 lune
1281 3799 1459 3894 proximo,
1483 3819 1605 3872 omnes
1627 3805 1709 3870 sunt
1726 3795 1858 3870 reversi
1873 3793 2029 3896 domum.

661 3919 996 4012 M.C.LXXXX1X,
1022 3919 1212 3996 indictione
1235 3922 1351 4015 tertia,
1373 3921 1431 3996 die
1453 3921 1605 4014 sabbati,
1632 3921 1735 3995 tertio
1760 3929 1841 3994 ante
1866 3915 2031 3991 kalendas

652 4267 695 4346 (a)
717 4265 754 4327 ln
767 4265 869 4326 codice
881 4265 988 4326 istem.

650 4369 692 4452 (d)
714 4374 750 4433 ln
765 4371 865 4432 codiee
880 4373 1012 4434 ictuum.

651 4476 690 4558 (c)
717 4479 753 4539 ln
766 4478 867 4539 codice
879 4479 985 4540 buria
1000 4467 1002 4470 ’

650 4581 694 4664 (d)
715 4584 775 4645 Sic.
790 4583 901 4646 Gallico
915 4600 1050 4647 sermone
1062 4581 1184 4647 druse.

648 4689 686 4770 (c)
713 4689 763 4754 Slc
776 4708 830 4770 pro
842 4689 980 4756 cratibus.
