4534 6074
683 647 924 711 cuuoutcou
949 648 1251 710 etuceuuuuuu.

308 787 507 852 veronenses
524 782 643 851 auritio
1046 781 1410 851 Etcumfitiusvideret

304 896 475 966 Mediolani
492 896 559 965 lilio
1046 895 1553 982 Transitumquoduouhaberet

304 1009 654 1098 Aliorumqueurbium
1047 1008 1488 1095 Adsuumputrem‚rediit‚

306 1122 375 1206 Quo
390 1121 466 1190 deut
482 1121 543 1190 sibi
558 1119 735 1190 subsidium
1048 1121 1148 1192 Retro
1161 1141 1334 1188 conversus
1350 1121 1427 1189 abiit

349 1235 517 1306 instabant
530 1235 675 1302 viriiiter.
1091 1234 1365 1302 UrensTrentum
1389 1233 1541 1322 undique.

306 1405 418 1494 Neque
432 1407 572 1474 transire
587 1367 791 1474 dimittebant
1049 1403 1142 1472 Tunc
1156 1411 1298 1472 rectores
1313 1412 1517 1472 revocarunt

306 1518 368 1601 Qui
383 1518 424 1586 ed
438 1537 548 1606 regem
565 1517 736 1606 cupiebant
1050 1515 1093 1584 Et
1109 1515 1148 1584 de
1163 1515 1333 1584 concordie
1346 1523 1525 1586 tractarunt

306 1629 470 1700 Accedere
485 1649 558 1698 cum
577 1631 695 1719 genito.
1051 1628 1133 1698 Cum
1153 1630 1307 1697 cardinali
1321 1629 1451 1698 domino

306 1743 368 1811 Hic
383 1762 566 1812 sermonem
581 1741 732 1810 dimittito
746 1741 797 1830 (c)
1053 1743 1259 1830 imperatorie
1280 1745 1392 1810 nuntio

352 1855 436 1922 Dum
452 1853 734 1942 predictufiereut.
1099 1855 1254 1923 Mercurio
1269 1855 1319 1944 (2)
1333 1858 1434 1926 curie.

309 2023 468 2091 Dimittito
486 2023 514 2089 si
529 2021 664 2089 dixerim
1055 2021 1114 2090 Hic
1129 2021 1240 2092 diebus
1253 2024 1432 2113 legatorum

308 2138 350 2206 Et
365 2138 525 2206 catomum
539 2136 754 2205 subtraxerim
866 2195 869 2202 .
1055 2132 1144 2202 Misit
1159 2137 1283 2225 copiam
1299 2157 1430 2205 cuorum

308 2251 362 2318 Me
383 2251 523 2339 penitet.
545 2247 665 2316 etideo
1055 2247 1099 2316 Ut
1113 2247 1153 2316 ed
1167 2269 1240 2316 eum
1255 2249 1444 2318 accederent

309 2363 404 2432 Nunc
418 2361 458 2430 cd
473 2359 678 2430 scribendum
692 2357 789 2428 redeo
1055 2363 1160 2448 Atque
1176 2364 1269 2430 simut
1284 2363 1480 2432 dissererent

354 2474 687 2564 Locut[ur]uselique.
1099 2473 1204 2543 Urbes
1219 2496 1277 2566 per
1291 2477 1428 2545 italicus.

309 2645 352 2713 Et
365 2645 398 2711 iu
415 2644 493 2712 urbe
506 2643 731 2712 Parmensium
1057 2648 1140 2716 Hinc
1154 2649 1194 2716 ud
1209 2647 1324 2718 iustum
1337 2651 1418 2738 iunii

309 2758 420 2834 Stetit:
438 2757 524 2846 quod
541 2756 636 2826 debet
652 2757 778 2848 regium
1056 2763 1167 2832 Sancti
1179 2763 1334 2832 Johannis
1355 2763 1476 2832 domiui

309 2873 415 2941 Decus
429 2871 565 2951 hebere,
581 2872 705 2960 cupitur
1056 2875 1099 2944 Ut
1112 2895 1222 2944 eccum
1237 2877 1271 2942 in
1287 2875 1446 2963 colloquio

309 2985 353 3054 Et
365 2985 411 3052 uu
426 3005 489 3052 non
507 2986 717 3073 permittitur,
1030 2989 1037 3080 Ι
1056 2990 1161 3077 Atque
1176 2989 1269 3056 firmo
1285 2991 1436 3057 conscilio

354 3096 436 3168 Cum
450 3117 486 3166 oe
501 3097 585 3166 male
599 3103 755 3187 gesserat.
1100 3100 1538 3172 Tractercnthouestisstme.

309 3267 395 3336 Hinc
409 3267 450 3334 ad
466 3265 549 3336 diem
566 3276 603 3335 ut
617 3265 778 3335 credimus
1056 3269 1092 3338 lu
1113 3269 1410 3354 diacoconem,

309 3380 347 3448 ln
362 3400 425 3467 quo
440 3387 555 3468 regnat
567 3379 654 3447 Deus
667 3396 830 3457 summus,
1055 3379 1196 3448 Dietuuti
1210 3383 1237 3448 si
1251 3380 1464 3471 cre[di]dcris‚

310 3489 373 3574 Qui
388 3493 508 3559 mensis
524 3489 614 3580 [emt]
625 3491 707 3580 junii
1056 3489 1107 3559 Ad
1127 3493 1286 3560 civitatem
1301 3503 1453 3582 properet

308 3605 540 3693 Tredecimus,
557 3626 576 3672 o
592 3605 691 3682 socii,
1055 3603 1163 3693 Ipsum
1182 3625 1242 3693 que
1257 3626 1342 3674 nunc
1354 3609 1530 3697 vituperet,

354 3717 425 3801 Quo
438 3719 581 3806 Burgum
598 3715 767 3785 accederet
780 3713 842 3805 (d).
1099 3715 1196 3784 Sexto
1208 3726 1283 3785 cute
1290 3719 1406 3806 iulium
1419 3719 1480 3809 (3).

307 3877 352 3962 (a)
373 3881 410 3942 ln
422 3879 524 3941 codice
536 3875 695 3940 dimittam.

1275 4055 1674 4076 ..ῃ-..ηι-

299 4157 337 4227 (t)
357 4155 448 4224 Ainsi,
458 4160 529 4210 cette
540 4167 621 4226 proso
633 4151 733 4223 rimto,
750 4152 817 4210 dont
830 4157 919 4210 toutec
931 4151 972 4211 tec
983 4153 1059 4212 dotes
1073 4160 1134 4213 scut
1146 4161 1266 4228 exectos,
1282 4156 1335 4216 flxe
1346 4175 1381 4217 eu
1396 4166 1431 4218 tu
1441 4163 1500 4236 juin
1514 4164 1637 4226 t’crrivde
1650 4169 1684 4228 de

263 4251 390 4308 Frederic
401 4251 425 4306 il
438 4248 455 4306 d
467 4251 554 4323 Borgo
566 4249 767 4307 Seu-Dounino.

297 4347 336 4418 (Ξ)
354 4347 430 4403 Nous
443 4345 603 4417 rectituoue,
619 4345 727 4420 cupreo
745 4345 772 4403 lu
786 4344 864 4404 lettre
883 4346 919 4406 de
937 4345 1063 4406 Frdddrie
1073 4349 1142 4408 citee
1155 4349 1216 4425 plus
1226 4351 1307 4426 heut,
1322 4369 1354 4412 oe
1368 4371 1431 4414 nom
1444 4357 1479 4416 de
1491 4359 1545 4418 lieu
1563 4360 1683 4438 defigere

261 4442 331 4500 dune
344 4449 421 4499 notre
435 4448 506 4499 texte
520 4457 584 4500 eous
595 4442 621 4498 ta
632 4441 717 4500 sonno
730 4459 829 4500 umere.

298 4543 335 4610 (et
355 4541 392 4596 Le
406 4539 468 4596 cille
484 4541 552 4597 dont
563 4541 582 4596 il
595 4545 638 4598 ost
653 4539 687 4596 ici
696 4539 819 4612 question
829 4553 864 4597 ue
874 4545 940 4613 pout
951 4539 1009 4598 etro
1021 4555 1076 4614 que
1087 4542 1230 4616 cremone,
1243 4547 1279 4603 od
1292 4547 1452 4621 t'empereur
1462 4568 1494 4611 se
1504 4556 1585 4612 comit
1596 4559 1681 4616 rendu

261 4635 289 4692 te
302 4636 431 4693 vendredi
444 4639 479 4696 26
489 4637 566 4709 juin,
580 4653 612 4694 ce
626 4637 672 4710 qui
684 4635 784 4710 iustitio
799 4635 897 4696 l’ordre
909 4639 944 4696 de
956 4639 1118 4698 cteeeemect
1135 4657 1188 4714 que
1208 4658 1276 4702 noue
1296 4661 1380 4706 auom
1400 4647 1497 4723 edoptd
1515 4651 1583 4713 dens
1602 4663 1680 4717 notre

259 4729 365 4786 uuor.
378 4729 521 4804 diplomat.
536 4729 642 4788 Fridcr.
658 4747 708 4790 rec.
724 4731 887 4808 Ci.t11‚1u
902 4736 964 4808 632,
979 4739 1031 4794 ute
1044 4742 1074 4796 ct
1085 4742 1141 4796 uot
1153 4741 1181 4795 t.

1480 4860 1518 4916 to
