<?xml version="1.0" encoding="UTF-8"?>
<!DOCTYPE html PUBLIC "-//W3C//DTD XHTML 1.0 Transitional//EN"
    "http://www.w3.org/TR/xhtml1/DTD/xhtml1-transitional.dtd">
<html xmlns="http://www.w3.org/1999/xhtml" xml:lang="en" lang="en">
 <head>
  <title>
</title>
<meta http-equiv="Content-Type" content="text/html;charset=utf-8" />
  <meta name='ocr-system' content='tesseract 3.04.00' />
  <meta name='ocr-capabilities' content='ocr_page ocr_carea ocr_par ocr_line ocrx_word'/>
</head>
<body>
  <div class='ocr_page' id='page_1' title='image "./chroniconplacen00huilgoog_0317.png"; bbox 0 0 4554 6080; ppageno 0'>
   <div class='ocr_carea' id='block_1_1' title="bbox 595 667 1538 730">
    <p class='ocr_par' dir='ltr' id='par_1_1' title="bbox 595 667 1538 730">
     <span class='ocr_line' id='line_1_1' title="bbox 595 667 1538 730; baseline 0.002 -2"><span class='ocrx_word' id='word_1_1' title='bbox 595 667 655 728; x_wconf 78' lang='lat'><strong>258</strong></span> <span class='ocrx_word' id='word_1_2' title='bbox 1071 667 1309 730; x_wconf 81' lang='lat' dir='ltr'>CHRONIGON</span> <span class='ocrx_word' id='word_1_3' title='bbox 1333 669 1386 729; x_wconf 81' lang='lat' dir='ltr'><strong>llll</strong></span> <span class='ocrx_word' id='word_1_4' title='bbox 1410 669 1538 730; x_wconf 77' lang='lat' dir='ltr'><strong>lllillllS</strong></span> 
     </span>
    </p>
   </div>
   <div class='ocr_carea' id='block_1_2' title="bbox 583 803 2008 4232">
    <p class='ocr_par' dir='ltr' id='par_1_2' title="bbox 592 803 2003 1022">
     <span class='ocr_line' id='line_1_2' title="bbox 594 803 2003 902; baseline 0.001 -25"><span class='ocrx_word' id='word_1_5' title='bbox 594 805 676 896; x_wconf 84' lang='lat' dir='ltr'><strong>luit,</strong></span> <span class='ocrx_word' id='word_1_6' title='bbox 696 803 826 876; x_wconf 90' lang='lat' dir='ltr'><strong>scilicet</strong></span> <span class='ocrx_word' id='word_1_7' title='bbox 844 803 977 876; x_wconf 78' lang='lat' dir='ltr'><strong>clericis</strong></span> <span class='ocrx_word' id='word_1_8' title='bbox 995 812 1031 876; x_wconf 92' lang='lat' dir='ltr'><strong>et</strong></span> <span class='ocrx_word' id='word_1_9' title='bbox 1051 805 1193 898; x_wconf 88' lang='lat' dir='ltr'><strong>illisqui</strong></span> <span class='ocrx_word' id='word_1_10' title='bbox 1210 803 1375 876; x_wconf 88' lang='lat' dir='ltr'><strong>dicuutur</strong></span> <span class='ocrx_word' id='word_1_11' title='bbox 1393 803 1438 877; x_wconf 92' lang='lat' dir='ltr'><strong>de</strong></span> <span class='ocrx_word' id='word_1_12' title='bbox 1451 815 1547 900; x_wconf 90' lang='lat' dir='ltr'><strong>parte</strong></span> <span class='ocrx_word' id='word_1_13' title='bbox 1560 805 1729 898; x_wconf 85' lang='lat' dir='ltr'><strong>Ecclesie;</strong></span> <span class='ocrx_word' id='word_1_14' title='bbox 1751 805 1826 878; x_wconf 88' lang='lat' dir='ltr'><strong>aliis</strong></span> <span class='ocrx_word' id='word_1_15' title='bbox 1841 826 1927 878; x_wconf 90' lang='lat' dir='ltr'><strong>vero</strong></span> <span class='ocrx_word' id='word_1_16' title='bbox 1944 806 2003 902; x_wconf 91' lang='lat' dir='ltr'><strong>qui</strong></span> 
     </span>
     <span class='ocr_line' id='line_1_3' title="bbox 592 925 1566 1022; baseline -0.001 -23"><span class='ocrx_word' id='word_1_17' title='bbox 592 935 675 1000; x_wconf 90' lang='lat' dir='ltr'><strong>suut</strong></span> <span class='ocrx_word' id='word_1_18' title='bbox 688 927 733 1000; x_wconf 91' lang='lat' dir='ltr'><strong>de</strong></span> <span class='ocrx_word' id='word_1_19' title='bbox 747 937 845 1022; x_wconf 90' lang='lat' dir='ltr'><strong>parte</strong></span> <span class='ocrx_word' id='word_1_20' title='bbox 860 927 997 1020; x_wconf 91' lang='lat' dir='ltr'><strong>Imperii</strong></span> <span class='ocrx_word' id='word_1_21' title='bbox 1014 925 1113 1000; x_wconf 91' lang='lat' dir='ltr'><strong>dolor</strong></span> <span class='ocrx_word' id='word_1_22' title='bbox 1127 936 1162 998; x_wconf 88' lang='lat' dir='ltr'><strong>et</strong></span> <span class='ocrx_word' id='word_1_23' title='bbox 1176 928 1336 1019; x_wconf 83' lang='lat' dir='ltr'><strong>augustia</strong></span> <span class='ocrx_word' id='word_1_24' title='bbox 1354 928 1566 1022; x_wconf 89' lang='lat' dir='ltr'><strong>supervenit.</strong></span> 
     </span>
    </p>

    <p class='ocr_par' dir='ltr' id='par_1_3' title="bbox 583 1049 2008 4232">
     <span class='ocr_line' id='line_1_4' title="bbox 640 1049 2007 1146; baseline 0.001 -22"><span class='ocrx_word' id='word_1_25' title='bbox 640 1049 772 1124; x_wconf 84' lang='lat' dir='ltr'><strong>Eodem</strong></span> <span class='ocrx_word' id='word_1_26' title='bbox 787 1060 940 1145; x_wconf 90' lang='lat' dir='ltr'><strong>tempore</strong></span> <span class='ocrx_word' id='word_1_27' title='bbox 955 1049 1104 1122; x_wconf 90' lang='lat' dir='ltr'><strong>Ubertus</strong></span> <span class='ocrx_word' id='word_1_28' title='bbox 1118 1049 1271 1122; x_wconf 90' lang='lat' dir='ltr'><strong>marchio</strong></span> <span class='ocrx_word' id='word_1_29' title='bbox 1290 1051 1506 1125; x_wconf 73' lang='lat' dir='ltr'>Palavicinus</span> <span class='ocrx_word' id='word_1_30' title='bbox 1523 1051 1649 1124; x_wconf 90' lang='lat' dir='ltr'><strong>timens</strong></span> <span class='ocrx_word' id='word_1_31' title='bbox 1669 1049 1715 1124; x_wconf 92' lang='lat' dir='ltr'><strong>de</strong></span> <span class='ocrx_word' id='word_1_32' title='bbox 1736 1051 1879 1146; x_wconf 90' lang='lat' dir='ltr'><strong>preditis</strong></span> <span class='ocrx_word' id='word_1_33' title='bbox 1895 1063 2007 1126; x_wconf 87' lang='lat' dir='ltr'><strong>custo-</strong></span> 
     </span>
     <span class='ocr_line' id='line_1_5' title="bbox 592 1173 2006 1250; baseline 0.002 -2"><span class='ocrx_word' id='word_1_34' title='bbox 592 1174 687 1248; x_wconf 84' lang='lat' dir='ltr'>diam</span> <span class='ocrx_word' id='word_1_35' title='bbox 711 1173 920 1247; x_wconf 81' lang='lat' dir='ltr'><strong>Alexandrie</strong></span> <span class='ocrx_word' id='word_1_36' title='bbox 933 1173 1104 1246; x_wconf 84' lang='lat' dir='ltr'><strong>relaxavit</strong></span> <span class='ocrx_word' id='word_1_37' title='bbox 1121 1183 1156 1246; x_wconf 91' lang='lat' dir='ltr'><strong>et</strong></span> <span class='ocrx_word' id='word_1_38' title='bbox 1171 1173 1364 1247; x_wconf 83' lang='lat' dir='ltr'><strong>custodiam</strong></span> <span class='ocrx_word' id='word_1_39' title='bbox 1383 1174 1539 1248; x_wconf 88' lang='lat' dir='ltr'><strong>Terdone</strong></span> <span class='ocrx_word' id='word_1_40' title='bbox 1563 1174 1660 1249; x_wconf 91' lang='lat' dir='ltr'><strong>dedit</strong></span> <span class='ocrx_word' id='word_1_41' title='bbox 1679 1175 1715 1246; x_wconf 90' lang='lat' dir='ltr'><strong>in</strong></span> <span class='ocrx_word' id='word_1_42' title='bbox 1737 1175 1899 1248; x_wconf 91' lang='lat' dir='ltr'><strong>manibus</strong></span> <span class='ocrx_word' id='word_1_43' title='bbox 1912 1198 2006 1250; x_wconf 89' lang='lat' dir='ltr'><strong>ecm-</strong></span> 
     </span>
     <span class='ocr_line' id='line_1_6' title="bbox 592 1295 2008 1395; baseline 0.003 -25"><span class='ocrx_word' id='word_1_44' title='bbox 592 1299 707 1370; x_wconf 91' lang='lat' dir='ltr'><strong>munis</strong></span> <span class='ocrx_word' id='word_1_45' title='bbox 715 1297 820 1393; x_wconf 91' lang='lat' dir='ltr'><strong>Papie</strong></span> <span class='ocrx_word' id='word_1_46' title='bbox 828 1307 863 1371; x_wconf 91' lang='lat' dir='ltr'><strong>et</strong></span> <span class='ocrx_word' id='word_1_47' title='bbox 874 1297 1066 1370; x_wconf 87' lang='lat' dir='ltr'><strong>custodiam</strong></span> <span class='ocrx_word' id='word_1_48' title='bbox 1075 1298 1283 1370; x_wconf 92' lang='lat' dir='ltr'><strong>Poutremuli</strong></span> <span class='ocrx_word' id='word_1_49' title='bbox 1296 1296 1394 1370; x_wconf 82' lang='lat' dir='ltr'>dedit</span> <span class='ocrx_word' id='word_1_50' title='bbox 1406 1298 1549 1372; x_wconf 90' lang='lat' dir='ltr'><strong>lsnardo</strong></span> <span class='ocrx_word' id='word_1_51' title='bbox 1561 1295 1610 1395; x_wconf 83' lang='lat' dir='ltr'><strong>(a)</strong></span> <span class='ocrx_word' id='word_1_52' title='bbox 1622 1297 1811 1371; x_wconf 90' lang='lat' dir='ltr'><strong>marchioni</strong></span> <span class='ocrx_word' id='word_1_53' title='bbox 1821 1300 2008 1394; x_wconf 87' lang='lat' dir='ltr'><strong>illalaspiue</strong></span> 
     </span>
     <span class='ocr_line' id='line_1_7' title="bbox 590 1419 2006 1518; baseline 0.001 -24"><span class='ocrx_word' id='word_1_54' title='bbox 590 1433 626 1494; x_wconf 92' lang='lat' dir='ltr'><strong>et</strong></span> <span class='ocrx_word' id='word_1_55' title='bbox 640 1421 824 1494; x_wconf 79' lang='lat' dir='ltr'><strong>comitibus</strong></span> <span class='ocrx_word' id='word_1_56' title='bbox 840 1419 886 1494; x_wconf 92' lang='lat' dir='ltr'><strong>dc</strong></span> <span class='ocrx_word' id='word_1_57' title='bbox 907 1421 1060 1495; x_wconf 87' lang='lat' dir='ltr'><strong>Lavauia</strong></span> <span class='ocrx_word' id='word_1_58' title='bbox 1084 1443 1164 1493; x_wconf 91' lang='lat' dir='ltr'><strong>cum</strong></span> <span class='ocrx_word' id='word_1_59' title='bbox 1185 1420 1313 1515; x_wconf 90' lang='lat' dir='ltr'><strong>quibus</strong></span> <span class='ocrx_word' id='word_1_60' title='bbox 1335 1431 1475 1517; x_wconf 88' lang='lat' dir='ltr'><strong>pactum</strong></span> <span class='ocrx_word' id='word_1_61' title='bbox 1501 1422 1594 1495; x_wconf 91' lang='lat' dir='ltr'><strong>lecit.</strong></span> <span class='ocrx_word' id='word_1_62' title='bbox 1615 1421 1736 1495; x_wconf 88' lang='lat' dir='ltr'><strong>Occiso</strong></span> <span class='ocrx_word' id='word_1_63' title='bbox 1757 1423 1906 1496; x_wconf 89' lang='lat' dir='ltr'><strong>condam</strong></span> <span class='ocrx_word' id='word_1_64' title='bbox 1924 1445 2006 1518; x_wconf 82' lang='lat' dir='ltr'><strong>rege</strong></span> 
     </span>
     <span class='ocr_line' id='line_1_8' title="bbox 589 1544 2006 1640; baseline 0 -20"><span class='ocrx_word' id='word_1_65' title='bbox 589 1545 770 1620; x_wconf 86' lang='lat' dir='ltr'><strong>Mauircdo</strong></span> <span class='ocrx_word' id='word_1_66' title='bbox 791 1545 925 1617; x_wconf 93' lang='lat' dir='ltr'><strong>Scicilie</strong></span> <span class='ocrx_word' id='word_1_67' title='bbox 950 1544 1110 1640; x_wconf 88' lang='lat' dir='ltr'><strong>superius</strong></span> <span class='ocrx_word' id='word_1_68' title='bbox 1133 1545 1311 1617; x_wconf 89' lang='lat' dir='ltr'><strong>nominato</strong></span> <span class='ocrx_word' id='word_1_69' title='bbox 1333 1554 1368 1618; x_wconf 91' lang='lat' dir='ltr'><strong>et</strong></span> <span class='ocrx_word' id='word_1_70' title='bbox 1389 1545 1506 1617; x_wconf 90' lang='lat' dir='ltr'><strong>multis</strong></span> <span class='ocrx_word' id='word_1_71' title='bbox 1530 1545 1748 1619; x_wconf 88' lang='lat' dir='ltr'><strong>Theotouicis</strong></span> <span class='ocrx_word' id='word_1_72' title='bbox 1766 1553 1803 1618; x_wconf 87' lang='lat' dir='ltr'><strong>et</strong></span> <span class='ocrx_word' id='word_1_73' title='bbox 1822 1546 1940 1618; x_wconf 84' lang='lat' dir='ltr'><strong>&#39;luscis</strong></span> <span class='ocrx_word' id='word_1_74' title='bbox 1964 1569 2006 1620; x_wconf 88' lang='lat' dir='ltr'><strong>ac</strong></span> 
     </span>
     <span class='ocr_line' id='line_1_9' title="bbox 589 1667 2003 1764; baseline 0 -22"><span class='ocrx_word' id='word_1_75' title='bbox 589 1668 790 1742; x_wconf 84' lang='lat' dir='ltr'><strong>lombardis</strong></span> <span class='ocrx_word' id='word_1_76' title='bbox 809 1668 925 1762; x_wconf 79' lang='lat' dir='ltr'><strong>gladic</strong></span> <span class='ocrx_word' id='word_1_77' title='bbox 948 1667 1158 1761; x_wconf 74' lang='lat' dir='ltr'><strong>interemptis</strong></span> <span class='ocrx_word' id='word_1_78' title='bbox 1171 1667 1206 1738; x_wconf 94' lang='lat' dir='ltr'><strong>in</strong></span> <span class='ocrx_word' id='word_1_79' title='bbox 1224 1667 1332 1761; x_wconf 92' lang='lat' dir='ltr'><strong>prelio</strong></span> <span class='ocrx_word' id='word_1_80' title='bbox 1347 1667 1413 1740; x_wconf 90' lang='lat' dir='ltr'><strong>isto</strong></span> <span class='ocrx_word' id='word_1_81' title='bbox 1427 1677 1462 1740; x_wconf 92' lang='lat' dir='ltr'><strong>et</strong></span> <span class='ocrx_word' id='word_1_82' title='bbox 1474 1677 1612 1742; x_wconf 88' lang='lat' dir='ltr'><strong>mortuo</strong></span> <span class='ocrx_word' id='word_1_83' title='bbox 1628 1667 1756 1742; x_wconf 87' lang='lat' dir='ltr'><strong>Aurico</strong></span> <span class='ocrx_word' id='word_1_84' title='bbox 1777 1669 1823 1742; x_wconf 92' lang='lat' dir='ltr'><strong>dc</strong></span> <span class='ocrx_word' id='word_1_85' title='bbox 1842 1670 2003 1764; x_wconf 87' lang='lat' dir='ltr'><strong>Scipione</strong></span> 
     </span>
     <span class='ocr_line' id='line_1_10' title="bbox 589 1789 2003 1889; baseline 0.003 -27"><span class='ocrx_word' id='word_1_86' title='bbox 589 1801 713 1886; x_wconf 90' lang='lat' dir='ltr'><strong>nepote</strong></span> <span class='ocrx_word' id='word_1_87' title='bbox 730 1791 846 1864; x_wconf 89' lang='lat' dir='ltr'><strong>Uberti</strong></span> <span class='ocrx_word' id='word_1_88' title='bbox 867 1789 1075 1863; x_wconf 90' lang='lat' dir='ltr'><strong>marchionis</strong></span> <span class='ocrx_word' id='word_1_89' title='bbox 1090 1789 1276 1862; x_wconf 90' lang='lat' dir='ltr'><strong>Pelaviciui</strong></span> <span class='ocrx_word' id='word_1_90' title='bbox 1301 1799 1336 1863; x_wconf 93' lang='lat' dir='ltr'><strong>et</strong></span> <span class='ocrx_word' id='word_1_91' title='bbox 1360 1791 1469 1886; x_wconf 88' lang='lat' dir='ltr'><strong>captis</strong></span> <span class='ocrx_word' id='word_1_92' title='bbox 1490 1789 1497 1889; x_wconf 92' lang='grc' dir='ltr'>Ι</span> <span class='ocrx_word' id='word_1_93' title='bbox 1519 1793 1644 1866; x_wconf 79' lang='lat' dir='ltr'><strong>comite</strong></span> <span class='ocrx_word' id='word_1_94' title='bbox 1661 1793 1813 1868; x_wconf 87' lang='lat' dir='ltr'><strong>Jordauo</strong></span> <span class='ocrx_word' id='word_1_95' title='bbox 1830 1803 1866 1865; x_wconf 92' lang='lat' dir='ltr'><strong>et</strong></span> <span class='ocrx_word' id='word_1_96' title='bbox 1881 1793 2003 1866; x_wconf 90' lang='lat' dir='ltr'><strong>comite</strong></span> 
     </span>
     <span class='ocr_line' id='line_1_11' title="bbox 588 1913 2003 2010; baseline 0.001 -24"><span class='ocrx_word' id='word_1_97' title='bbox 588 1915 819 2006; x_wconf 87' lang='lat' dir='ltr'><strong>Bartolome0,</strong></span> <span class='ocrx_word' id='word_1_98' title='bbox 838 1915 938 1986; x_wconf 91' lang='lat' dir='ltr'><strong>Petro</strong></span> <span class='ocrx_word' id='word_1_99' title='bbox 957 1915 1061 1986; x_wconf 83' lang='lat' dir='ltr'><strong>Asino</strong></span> <span class='ocrx_word' id='word_1_100' title='bbox 1082 1913 1127 1986; x_wconf 93' lang='lat' dir='ltr'><strong>de</strong></span> <span class='ocrx_word' id='word_1_101' title='bbox 1138 1915 1312 1988; x_wconf 86' lang='lat' dir='ltr'><strong>Florencia</strong></span> <span class='ocrx_word' id='word_1_102' title='bbox 1323 1925 1358 1986; x_wconf 91' lang='lat' dir='ltr'><strong>et</strong></span> <span class='ocrx_word' id='word_1_103' title='bbox 1374 1915 1494 1987; x_wconf 88' lang='lat' dir='ltr'><strong>multis</strong></span> <span class='ocrx_word' id='word_1_104' title='bbox 1512 1917 1589 1989; x_wconf 87' lang='lat' dir='ltr'><strong>aliis</strong></span> <span class='ocrx_word' id='word_1_105' title='bbox 1604 1917 1758 2010; x_wconf 79' lang='lat' dir='ltr'><strong>magnis,</strong></span> <span class='ocrx_word' id='word_1_106' title='bbox 1780 1917 1883 1990; x_wconf 92' lang='lat' dir='ltr'><strong>timor</strong></span> <span class='ocrx_word' id='word_1_107' title='bbox 1895 1917 2003 1990; x_wconf 83' lang='lat' dir='ltr'><strong>crevit</strong></span> 
     </span>
     <span class='ocr_line' id='line_1_12' title="bbox 588 2037 2001 2134; baseline 0.001 -23"><span class='ocrx_word' id='word_1_108' title='bbox 588 2039 702 2112; x_wconf 83' lang='lat' dir='ltr'><strong>attuit</strong></span> <span class='ocrx_word' id='word_1_109' title='bbox 720 2039 755 2110; x_wconf 92' lang='lat' dir='ltr'><strong>iu</strong></span> <span class='ocrx_word' id='word_1_110' title='bbox 770 2039 894 2110; x_wconf 83' lang='lat' dir='ltr'><strong>Tuscia</strong></span> <span class='ocrx_word' id='word_1_111' title='bbox 913 2047 947 2110; x_wconf 89' lang='lat' dir='ltr'><strong>et</strong></span> <span class='ocrx_word' id='word_1_112' title='bbox 960 2039 996 2109; x_wconf 94' lang='lat' dir='ltr'><strong>iu</strong></span> <span class='ocrx_word' id='word_1_113' title='bbox 1016 2037 1239 2127; x_wconf 87' lang='lat' dir='ltr'><strong>Lombardia,</strong></span> <span class='ocrx_word' id='word_1_114' title='bbox 1255 2047 1289 2110; x_wconf 91' lang='lat' dir='ltr'><strong>et</strong></span> <span class='ocrx_word' id='word_1_115' title='bbox 1310 2039 1421 2134; x_wconf 94' lang='lat' dir='ltr'><strong>primo</strong></span> <span class='ocrx_word' id='word_1_116' title='bbox 1437 2039 1589 2112; x_wconf 90' lang='lat' dir='ltr'><strong>Gibelini</strong></span> <span class='ocrx_word' id='word_1_117' title='bbox 1603 2039 1649 2113; x_wconf 94' lang='lat' dir='ltr'><strong>de</strong></span> <span class='ocrx_word' id='word_1_118' title='bbox 1662 2039 1838 2114; x_wconf 83' lang='lat' dir='ltr'><strong>llorencia</strong></span> <span class='ocrx_word' id='word_1_119' title='bbox 1858 2039 2001 2113; x_wconf 90' lang='lat' dir='ltr'><strong>ohedie-</strong></span> 
     </span>
     <span class='ocr_line' id='line_1_13' title="bbox 588 2161 2001 2256; baseline 0.001 -22"><span class='ocrx_word' id='word_1_120' title='bbox 588 2171 669 2234; x_wconf 88' lang='lat' dir='ltr'><strong>runt</strong></span> <span class='ocrx_word' id='word_1_121' title='bbox 686 2161 827 2235; x_wconf 93' lang='lat' dir='ltr'><strong>domino</strong></span> <span class='ocrx_word' id='word_1_122' title='bbox 843 2183 932 2256; x_wconf 91' lang='lat' dir='ltr'><strong>pape</strong></span> <span class='ocrx_word' id='word_1_123' title='bbox 946 2161 1156 2254; x_wconf 82' lang='lat' dir='ltr'><strong>etlicclesie,</strong></span> <span class='ocrx_word' id='word_1_124' title='bbox 1172 2169 1206 2234; x_wconf 90' lang='lat' dir='ltr'><strong>et</strong></span> <span class='ocrx_word' id='word_1_125' title='bbox 1220 2163 1399 2236; x_wconf 89' lang='lat' dir='ltr'><strong>sicomnes</strong></span> <span class='ocrx_word' id='word_1_126' title='bbox 1413 2161 1458 2236; x_wconf 90' lang='lat' dir='ltr'><strong>de</strong></span> <span class='ocrx_word' id='word_1_127' title='bbox 1475 2164 1599 2236; x_wconf 87' lang='lat' dir='ltr'><strong>Tuscia</strong></span> <span class='ocrx_word' id='word_1_128' title='bbox 1615 2163 1677 2256; x_wconf 92' lang='lat' dir='ltr'><strong>qui</strong></span> <span class='ocrx_word' id='word_1_129' title='bbox 1694 2163 1849 2236; x_wconf 82' lang='lat' dir='ltr'><strong>Ecclesia</strong></span> <span class='ocrx_word' id='word_1_130' title='bbox 1858 2163 2001 2236; x_wconf 88' lang='lat' dir='ltr'><strong>rebelles</strong></span> 
     </span>
     <span class='ocr_line' id='line_1_14' title="bbox 587 2285 2002 2381; baseline -0.001 -20"><span class='ocrx_word' id='word_1_131' title='bbox 587 2285 773 2361; x_wconf 80' lang='lat' dir='ltr'><strong>extiterant</strong></span> <span class='ocrx_word' id='word_1_132' title='bbox 787 2285 938 2358; x_wconf 82' lang='lat' dir='ltr'><strong>Ecclesia</strong></span> <span class='ocrx_word' id='word_1_133' title='bbox 953 2285 1125 2358; x_wconf 90' lang='lat' dir='ltr'><strong>mandatis</strong></span> <span class='ocrx_word' id='word_1_134' title='bbox 1144 2296 1378 2379; x_wconf 89' lang='lat' dir='ltr'><strong>parrueruut:</strong></span> <span class='ocrx_word' id='word_1_135' title='bbox 1402 2285 1498 2380; x_wconf 90' lang='lat' dir='ltr'><strong>quod</strong></span> <span class='ocrx_word' id='word_1_136' title='bbox 1517 2287 1646 2359; x_wconf 87' lang='lat' dir='ltr'><strong>lactum</strong></span> <span class='ocrx_word' id='word_1_137' title='bbox 1667 2287 1825 2381; x_wconf 88' lang='lat' dir='ltr'><strong>pervenit</strong></span> <span class='ocrx_word' id='word_1_138' title='bbox 1840 2285 1888 2359; x_wconf 90' lang='lat' dir='ltr'><strong>ad</strong></span> <span class='ocrx_word' id='word_1_139' title='bbox 1902 2307 2002 2359; x_wconf 89' lang='lat' dir='ltr'><strong>aures</strong></span> 
     </span>
     <span class='ocr_line' id='line_1_15' title="bbox 586 2407 2001 2504; baseline -0.001 -20"><span class='ocrx_word' id='word_1_140' title='bbox 586 2409 869 2484; x_wconf 89' lang='lat' dir='ltr'><strong>Lcmbardorum.</strong></span> <span class='ocrx_word' id='word_1_141' title='bbox 895 2408 997 2482; x_wconf 86' lang='lat' dir='ltr'><strong>Unde</strong></span> <span class='ocrx_word' id='word_1_142' title='bbox 1023 2407 1181 2482; x_wconf 89' lang='lat' dir='ltr'><strong>videntes</strong></span> <span class='ocrx_word' id='word_1_143' title='bbox 1204 2409 1312 2503; x_wconf 83' lang='lat' dir='ltr'><strong>aliqui</strong></span> <span class='ocrx_word' id='word_1_144' title='bbox 1332 2407 1378 2482; x_wconf 93' lang='lat' dir='ltr'><strong>de</strong></span> <span class='ocrx_word' id='word_1_145' title='bbox 1392 2409 1565 2483; x_wconf 80' lang='lat' dir='ltr'><strong>Placentia</strong></span> <span class='ocrx_word' id='word_1_146' title='bbox 1583 2419 1619 2482; x_wconf 91' lang='lat' dir='ltr'><strong>et</strong></span> <span class='ocrx_word' id='word_1_147' title='bbox 1645 2411 1707 2504; x_wconf 95' lang='lat' dir='ltr'><strong>qui</strong></span> <span class='ocrx_word' id='word_1_148' title='bbox 1732 2410 1815 2482; x_wconf 91' lang='lat' dir='ltr'><strong>licet</strong></span> <span class='ocrx_word' id='word_1_149' title='bbox 1836 2431 2001 2504; x_wconf 77' lang='lat' dir='ltr'><strong>maguum</strong></span> 
     </span>
     <span class='ocr_line' id='line_1_16' title="bbox 586 2531 2002 2630; baseline -0.001 -25"><span class='ocrx_word' id='word_1_150' title='bbox 586 2533 780 2630; x_wconf 87' lang='lat' dir='ltr'><strong>proficuum</strong></span> <span class='ocrx_word' id='word_1_151' title='bbox 803 2543 837 2604; x_wconf 93' lang='lat' dir='ltr'><strong>et</strong></span> <span class='ocrx_word' id='word_1_152' title='bbox 862 2532 1044 2605; x_wconf 88' lang='lat' dir='ltr'><strong>utilitatem</strong></span> <span class='ocrx_word' id='word_1_153' title='bbox 1069 2541 1103 2604; x_wconf 86' lang='lat' dir='ltr'><strong>et</strong></span> <span class='ocrx_word' id='word_1_154' title='bbox 1122 2531 1288 2605; x_wconf 87' lang='lat' dir='ltr'><strong>honorem</strong></span> <span class='ocrx_word' id='word_1_155' title='bbox 1310 2531 1475 2606; x_wconf 87' lang='lat' dir='ltr'><strong>haberent</strong></span> <span class='ocrx_word' id='word_1_156' title='bbox 1496 2553 1576 2604; x_wconf 91' lang='lat' dir='ltr'><strong>cum</strong></span> <span class='ocrx_word' id='word_1_157' title='bbox 1602 2532 1730 2605; x_wconf 85' lang='lat' dir='ltr'><strong>Uberto</strong></span> <span class='ocrx_word' id='word_1_158' title='bbox 1752 2531 1948 2605; x_wconf 83' lang='lat' dir='ltr'><strong>marchione</strong></span> <span class='ocrx_word' id='word_1_159' title='bbox 1967 2541 2002 2604; x_wconf 91' lang='lat' dir='ltr'><strong>et</strong></span> 
     </span>
     <span class='ocr_line' id='line_1_17' title="bbox 587 2653 2000 2749; baseline -0.001 -19"><span class='ocrx_word' id='word_1_160' title='bbox 587 2657 711 2730; x_wconf 91' lang='lat' dir='ltr'><strong>comite</strong></span> <span class='ocrx_word' id='word_1_161' title='bbox 727 2656 890 2730; x_wconf 85' lang='lat' dir='ltr'><strong>Ubertino</strong></span> <span class='ocrx_word' id='word_1_162' title='bbox 907 2655 952 2729; x_wconf 91' lang='lat' dir='ltr'><strong>de</strong></span> <span class='ocrx_word' id='word_1_163' title='bbox 965 2653 1095 2728; x_wconf 86' lang='lat' dir='ltr'><strong>Audito</strong></span> <span class='ocrx_word' id='word_1_164' title='bbox 1116 2656 1205 2728; x_wconf 92' lang='lat' dir='ltr'><strong>sicut</strong></span> <span class='ocrx_word' id='word_1_165' title='bbox 1221 2657 1395 2748; x_wconf 89' lang='lat' dir='ltr'><strong>volebant,</strong></span> <span class='ocrx_word' id='word_1_166' title='bbox 1413 2679 1535 2730; x_wconf 91' lang='lat' dir='ltr'><strong>eorum</strong></span> <span class='ocrx_word' id='word_1_167' title='bbox 1548 2655 1741 2730; x_wconf 90' lang='lat' dir='ltr'><strong>dominium</strong></span> <span class='ocrx_word' id='word_1_168' title='bbox 1759 2664 1794 2727; x_wconf 90' lang='lat' dir='ltr'><strong>et</strong></span> <span class='ocrx_word' id='word_1_169' title='bbox 1807 2657 2000 2749; x_wconf 73' lang='lat' dir='ltr'><strong>mgnoriam</strong></span> 
     </span>
     <span class='ocr_line' id='line_1_18' title="bbox 587 2778 2000 2875; baseline -0.001 -24"><span class='ocrx_word' id='word_1_170' title='bbox 587 2800 657 2853; x_wconf 91' lang='lat' dir='ltr'><strong>nou</strong></span> <span class='ocrx_word' id='word_1_171' title='bbox 671 2780 865 2852; x_wconf 84' lang='lat' dir='ltr'><strong>aiectabaut</strong></span> <span class='ocrx_word' id='word_1_172' title='bbox 878 2801 944 2852; x_wconf 90' lang='lat' dir='ltr'><strong>nec</strong></span> <span class='ocrx_word' id='word_1_173' title='bbox 960 2778 1139 2871; x_wconf 89' lang='lat' dir='ltr'><strong>volebant,</strong></span> <span class='ocrx_word' id='word_1_174' title='bbox 1157 2788 1192 2851; x_wconf 90' lang='lat' dir='ltr'><strong>et</strong></span> <span class='ocrx_word' id='word_1_175' title='bbox 1210 2779 1367 2853; x_wconf 89' lang='lat' dir='ltr'><strong>videntes</strong></span> <span class='ocrx_word' id='word_1_176' title='bbox 1388 2779 1485 2875; x_wconf 89' lang='lat' dir='ltr'><strong>quod</strong></span> <span class='ocrx_word' id='word_1_177' title='bbox 1501 2778 1564 2852; x_wconf 88' lang='lat' dir='ltr'><strong>lilii</strong></span> <span class='ocrx_word' id='word_1_178' title='bbox 1581 2779 1668 2854; x_wconf 92' lang='lat' dir='ltr'><strong>dicti</strong></span> <span class='ocrx_word' id='word_1_179' title='bbox 1694 2779 1831 2853; x_wconf 85' lang='lat' dir='ltr'><strong>comitis</strong></span> <span class='ocrx_word' id='word_1_180' title='bbox 1845 2779 2000 2854; x_wconf 89' lang='lat' dir='ltr'><strong>Ubertini</strong></span> 
     </span>
     <span class='ocr_line' id='line_1_19' title="bbox 587 2903 2001 3000; baseline -0.001 -24"><span class='ocrx_word' id='word_1_181' title='bbox 587 2903 679 2999; x_wconf 90' lang='lat' dir='ltr'><strong>eapti</strong></span> <span class='ocrx_word' id='word_1_182' title='bbox 702 2912 798 2976; x_wconf 91' lang='lat' dir='ltr'><strong>arant</strong></span> <span class='ocrx_word' id='word_1_183' title='bbox 821 2903 908 2976; x_wconf 92' lang='lat' dir='ltr'><strong>etin</strong></span> <span class='ocrx_word' id='word_1_184' title='bbox 926 2903 1033 2974; x_wconf 87' lang='lat' dir='ltr'><strong>loreia</strong></span> <span class='ocrx_word' id='word_1_185' title='bbox 1056 2903 1147 2997; x_wconf 79' lang='lat' dir='ltr'><strong>regis</strong></span> <span class='ocrx_word' id='word_1_186' title='bbox 1162 2903 1277 2978; x_wconf 87' lang='lat' dir='ltr'><strong>Karcli</strong></span> <span class='ocrx_word' id='word_1_187' title='bbox 1293 2903 1555 2997; x_wconf 87' lang='lat' dir='ltr'><strong>detinebantur,</strong></span> <span class='ocrx_word' id='word_1_188' title='bbox 1578 2913 1790 3000; x_wconf 87' lang='lat' dir='ltr'><strong>putaverunt</strong></span> <span class='ocrx_word' id='word_1_189' title='bbox 1807 2913 1943 2998; x_wconf 90' lang='lat' dir='ltr'><strong>tempus</strong></span> <span class='ocrx_word' id='word_1_190' title='bbox 1965 2913 2001 2977; x_wconf 88' lang='lat' dir='ltr'><strong>et</strong></span> 
     </span>
     <span class='ocr_line' id='line_1_20' title="bbox 587 3024 2000 3122; baseline -0.002 -23"><span class='ocrx_word' id='word_1_191' title='bbox 587 3027 799 3100; x_wconf 85' lang='lat' dir='ltr'><strong>couveniens</strong></span> <span class='ocrx_word' id='word_1_192' title='bbox 808 3047 884 3100; x_wconf 89' lang='lat' dir='ltr'><strong>essa</strong></span> <span class='ocrx_word' id='word_1_193' title='bbox 898 3027 1006 3099; x_wconf 88' lang='lat' dir='ltr'><strong>verba</strong></span> <span class='ocrx_word' id='word_1_194' title='bbox 1019 3024 1065 3099; x_wconf 93' lang='lat' dir='ltr'><strong>de</strong></span> <span class='ocrx_word' id='word_1_195' title='bbox 1076 3026 1260 3100; x_wconf 91' lang='lat' dir='ltr'><strong>concordia</strong></span> <span class='ocrx_word' id='word_1_196' title='bbox 1275 3027 1428 3100; x_wconf 83' lang='lat' dir='ltr'><strong>Ecclesia</strong></span> <span class='ocrx_word' id='word_1_197' title='bbox 1444 3027 1619 3122; x_wconf 89' lang='lat' dir='ltr'><strong>incipere:</strong></span> <span class='ocrx_word' id='word_1_198' title='bbox 1634 3027 1684 3098; x_wconf 94' lang='lat' dir='ltr'><strong>hii</strong></span> <span class='ocrx_word' id='word_1_199' title='bbox 1694 3026 1826 3098; x_wconf 86' lang='lat' dir='ltr'><strong>scilicet</strong></span> <span class='ocrx_word' id='word_1_200' title='bbox 1838 3024 2000 3098; x_wconf 86' lang='lat' dir='ltr'><strong>dominus</strong></span> 
     </span>
     <span class='ocr_line' id='line_1_21' title="bbox 586 3148 1999 3245; baseline -0.002 -23"><span class='ocrx_word' id='word_1_201' title='bbox 586 3151 757 3224; x_wconf 78' lang='lat' dir='ltr'><strong>liebertus</strong></span> <span class='ocrx_word' id='word_1_202' title='bbox 775 3150 821 3224; x_wconf 87' lang='lat' dir='ltr'><strong>de</strong></span> <span class='ocrx_word' id='word_1_203' title='bbox 837 3149 1064 3223; x_wconf 87' lang='lat' dir='ltr'><strong>chcoveteri</strong></span> <span class='ocrx_word' id='word_1_204' title='bbox 1078 3149 1192 3242; x_wconf 85' lang='lat' dir='ltr'><strong>judex</strong></span> <span class='ocrx_word' id='word_1_205' title='bbox 1213 3159 1248 3223; x_wconf 88' lang='lat' dir='ltr'><strong>et</strong></span> <span class='ocrx_word' id='word_1_206' title='bbox 1267 3150 1474 3245; x_wconf 79' lang='lat' dir='ltr'><strong>Flamengus</strong></span> <span class='ocrx_word' id='word_1_207' title='bbox 1490 3151 1536 3224; x_wconf 91' lang='lat' dir='ltr'><strong>de</strong></span> <span class='ocrx_word' id='word_1_208' title='bbox 1558 3148 1685 3222; x_wconf 85' lang='lat' dir='ltr'><strong>Audito</strong></span> <span class='ocrx_word' id='word_1_209' title='bbox 1702 3151 1845 3231; x_wconf 83' lang='lat' dir='ltr'><strong>luerunt</strong></span> <span class='ocrx_word' id='word_1_210' title='bbox 1867 3157 1999 3220; x_wconf 85' lang='lat' dir='ltr'><strong>actores</strong></span> 
     </span>
     <span class='ocr_line' id='line_1_22' title="bbox 586 3269 1998 3370; baseline -0.004 -23"><span class='ocrx_word' id='word_1_211' title='bbox 586 3284 621 3347; x_wconf 93' lang='lat' dir='ltr'><strong>et</strong></span> <span class='ocrx_word' id='word_1_212' title='bbox 631 3274 825 3370; x_wconf 88' lang='lat' dir='ltr'><strong>inceptores</strong></span> <span class='ocrx_word' id='word_1_213' title='bbox 835 3273 1034 3346; x_wconf 91' lang='lat' dir='ltr'><strong>verborum.</strong></span> <span class='ocrx_word' id='word_1_214' title='bbox 1044 3273 1099 3344; x_wconf 84' lang='lat' dir='ltr'><strong>ffii</strong></span> <span class='ocrx_word' id='word_1_215' title='bbox 1110 3282 1179 3346; x_wconf 89' lang='lat' dir='ltr'><strong>tota</strong></span> <span class='ocrx_word' id='word_1_216' title='bbox 1193 3273 1251 3345; x_wconf 92' lang='lat' dir='ltr'><strong>die</strong></span> <span class='ocrx_word' id='word_1_217' title='bbox 1264 3273 1438 3346; x_wconf 89' lang='lat' dir='ltr'><strong>instabant</strong></span> <span class='ocrx_word' id='word_1_218' title='bbox 1450 3271 1607 3369; x_wconf 90' lang='lat' dir='ltr'><strong>predicto</strong></span> <span class='ocrx_word' id='word_1_219' title='bbox 1622 3272 1737 3346; x_wconf 91' lang='lat' dir='ltr'><strong>comiti</strong></span> <span class='ocrx_word' id='word_1_220' title='bbox 1752 3269 1798 3343; x_wconf 92' lang='lat' dir='ltr'><strong>de</strong></span> <span class='ocrx_word' id='word_1_221' title='bbox 1811 3271 1998 3344; x_wconf 88' lang='lat' dir='ltr'><strong>cuncordia</strong></span> 
     </span>
     <span class='ocr_line' id='line_1_23' title="bbox 585 3393 1997 3490; baseline -0.004 -20"><span class='ocrx_word' id='word_1_222' title='bbox 585 3397 761 3490; x_wconf 79' lang='lat' dir='ltr'><strong>Ecclesia,</strong></span> <span class='ocrx_word' id='word_1_223' title='bbox 791 3396 945 3470; x_wconf 89' lang='lat' dir='ltr'><strong>dicentes</strong></span> <span class='ocrx_word' id='word_1_224' title='bbox 961 3397 994 3470; x_wconf 94' lang='lat' dir='ltr'><strong>ei</strong></span> <span class='ocrx_word' id='word_1_225' title='bbox 1022 3406 1061 3469; x_wconf 90' lang='lat' dir='ltr'><strong>ut</strong></span> <span class='ocrx_word' id='word_1_226' title='bbox 1083 3396 1219 3469; x_wconf 79' lang='lat' dir='ltr'><strong>lucilius</strong></span> <span class='ocrx_word' id='word_1_227' title='bbox 1245 3395 1462 3470; x_wconf 86' lang='lat' dir='ltr'><strong>declinaret:</strong></span> <span class='ocrx_word' id='word_1_228' title='bbox 1485 3395 1682 3482; x_wconf 70' lang='lat' dir='ltr'><strong>«Domine,</strong></span> <span class='ocrx_word' id='word_1_229' title='bbox 1710 3416 1770 3490; x_wconf 89' lang='lat' dir='ltr'><strong>per</strong></span> <span class='ocrx_word' id='word_1_230' title='bbox 1793 3393 1885 3466; x_wconf 90' lang='lat' dir='ltr'><strong>hanc</strong></span> <span class='ocrx_word' id='word_1_231' title='bbox 1905 3395 1997 3466; x_wconf 88' lang='lat' dir='ltr'><strong>riam</strong></span> 
     </span>
     <span class='ocr_line' id='line_1_24' title="bbox 585 3515 1995 3618; baseline -0.001 -26"><span class='ocrx_word' id='word_1_232' title='bbox 585 3521 708 3594; x_wconf 91' lang='lat' dir='ltr'><strong>melius</strong></span> <span class='ocrx_word' id='word_1_233' title='bbox 732 3515 865 3618; x_wconf 90' lang='lat' dir='ltr'><strong>[quam]</strong></span> <span class='ocrx_word' id='word_1_234' title='bbox 885 3543 947 3616; x_wconf 91' lang='lat' dir='ltr'><strong>per</strong></span> <span class='ocrx_word' id='word_1_235' title='bbox 970 3520 1121 3614; x_wconf 86' lang='lat' dir='ltr'><strong>aliquam</strong></span> <span class='ocrx_word' id='word_1_236' title='bbox 1149 3521 1290 3614; x_wconf 90' lang='lat' dir='ltr'><strong>potestis</strong></span> <span class='ocrx_word' id='word_1_237' title='bbox 1315 3541 1522 3614; x_wconf 88' lang='lat' dir='ltr'><strong>recuperare</strong></span> <span class='ocrx_word' id='word_1_238' title='bbox 1551 3518 1640 3592; x_wconf 92' lang='lat' dir='ltr'><strong>lilios</strong></span> <span class='ocrx_word' id='word_1_239' title='bbox 1663 3527 1808 3590; x_wconf 86' lang='lat' dir='ltr'><strong>vestros.</strong></span> <span class='ocrx_word' id='word_1_240' title='bbox 1830 3517 1995 3609; x_wconf 86' lang='lat' dir='ltr'><strong>Domine,</strong></span> 
     </span>
     <span class='ocr_line' id='line_1_25' title="bbox 585 3640 2000 3738; baseline -0.003 -24"><span class='ocrx_word' id='word_1_241' title='bbox 585 3643 688 3715; x_wconf 91' lang='lat' dir='ltr'><strong>nimis</strong></span> <span class='ocrx_word' id='word_1_242' title='bbox 713 3644 829 3738; x_wconf 82' lang='lat' dir='ltr'><strong>gravis</strong></span> <span class='ocrx_word' id='word_1_243' title='bbox 852 3652 904 3716; x_wconf 90' lang='lat' dir='ltr'><strong>est</strong></span> <span class='ocrx_word' id='word_1_244' title='bbox 931 3643 977 3717; x_wconf 90' lang='lat' dir='ltr'><strong>ad</strong></span> <span class='ocrx_word' id='word_1_245' title='bbox 1003 3641 1244 3715; x_wconf 89' lang='lat' dir='ltr'><strong>sustinendum</strong></span> <span class='ocrx_word' id='word_1_246' title='bbox 1269 3645 1363 3716; x_wconf 88' lang='lat' dir='ltr'><strong>iuror</strong></span> <span class='ocrx_word' id='word_1_247' title='bbox 1388 3643 1560 3726; x_wconf 85' lang='lat' dir='ltr'><strong>Ecclesie;</strong></span> <span class='ocrx_word' id='word_1_248' title='bbox 1580 3663 1682 3713; x_wconf 89' lang='lat' dir='ltr'><strong>cruce</strong></span> <span class='ocrx_word' id='word_1_249' title='bbox 1707 3641 1833 3733; x_wconf 77' lang='lat' dir='ltr'><strong>signati</strong></span> <span class='ocrx_word' id='word_1_250' title='bbox 1858 3640 2000 3714; x_wconf 90' lang='lat' dir='ltr'><strong>venient</strong></span> 
     </span>
     <span class='ocr_line' id='line_1_26' title="bbox 584 3762 1998 3862; baseline -0.001 -24"><span class='ocrx_word' id='word_1_251' title='bbox 584 3787 776 3862; x_wconf 92' lang='lat' dir='ltr'><strong>supernos,</strong></span> <span class='ocrx_word' id='word_1_252' title='bbox 788 3789 856 3839; x_wconf 91' lang='lat' dir='ltr'><strong>nou</strong></span> <span class='ocrx_word' id='word_1_253' title='bbox 873 3765 965 3839; x_wconf 90' lang='lat' dir='ltr'><strong>euim</strong></span> <span class='ocrx_word' id='word_1_254' title='bbox 979 3767 1141 3838; x_wconf 88' lang='lat' dir='ltr'><strong>volumus</strong></span> <span class='ocrx_word' id='word_1_255' title='bbox 1152 3787 1227 3838; x_wconf 91' lang='lat' dir='ltr'><strong>esse</strong></span> <span class='ocrx_word' id='word_1_256' title='bbox 1240 3765 1417 3839; x_wconf 88' lang='lat' dir='ltr'><strong>destructi.</strong></span> <span class='ocrx_word' id='word_1_257' title='bbox 1432 3765 1532 3840; x_wconf 89' lang='lat' dir='ltr'><strong>Unde</strong></span> <span class='ocrx_word' id='word_1_258' title='bbox 1545 3767 1646 3839; x_wconf 82' lang='lat' dir='ltr'><strong>facite</strong></span> <span class='ocrx_word' id='word_1_259' title='bbox 1660 3765 1689 3837; x_wconf 90' lang='lat' dir='ltr'><strong>si</strong></span> <span class='ocrx_word' id='word_1_260' title='bbox 1703 3765 1809 3838; x_wconf 88' lang='lat' dir='ltr'><strong>vultis</strong></span> <span class='ocrx_word' id='word_1_261' title='bbox 1821 3765 1887 3837; x_wconf 89' lang='lat' dir='ltr'><strong>hoc</strong></span> <span class='ocrx_word' id='word_1_262' title='bbox 1901 3762 1998 3859; x_wconf 90' lang='lat' dir='ltr'><strong>quod</strong></span> 
     </span>
     <span class='ocr_line' id='line_1_27' title="bbox 585 3887 1999 3984; baseline -0.005 -22"><span class='ocrx_word' id='word_1_263' title='bbox 585 3888 734 3963; x_wconf 91' lang='lat' dir='ltr'><strong>dicimus</strong></span> <span class='ocrx_word' id='word_1_264' title='bbox 747 3891 861 3982; x_wconf 88' lang='lat' dir='ltr'><strong>vobis,</strong></span> <span class='ocrx_word' id='word_1_265' title='bbox 878 3888 1033 3982; x_wconf 89' lang='lat' dir='ltr'><strong>alioquin</strong></span> <span class='ocrx_word' id='word_1_266' title='bbox 1043 3888 1193 3984; x_wconf 82' lang='lat' dir='ltr'><strong>aliud(l›)</strong></span> <span class='ocrx_word' id='word_1_267' title='bbox 1205 3887 1301 3961; x_wconf 78' lang='lat' dir='ltr'><strong>fiet.»</strong></span> <span class='ocrx_word' id='word_1_268' title='bbox 1316 3891 1359 3960; x_wconf 83' lang='lat' dir='ltr'><strong>lit</strong></span> <span class='ocrx_word' id='word_1_269' title='bbox 1369 3897 1502 3964; x_wconf 89' lang='lat' dir='ltr'><strong>tantum</strong></span> <span class='ocrx_word' id='word_1_270' title='bbox 1519 3910 1581 3984; x_wconf 93' lang='lat' dir='ltr'><strong>per</strong></span> <span class='ocrx_word' id='word_1_271' title='bbox 1595 3909 1633 3961; x_wconf 92' lang='lat' dir='ltr'><strong>se</strong></span> <span class='ocrx_word' id='word_1_272' title='bbox 1652 3897 1686 3961; x_wconf 93' lang='lat' dir='ltr'><strong>et</strong></span> <span class='ocrx_word' id='word_1_273' title='bbox 1701 3889 1790 3961; x_wconf 87' lang='lat' dir='ltr'><strong>alios</strong></span> <span class='ocrx_word' id='word_1_274' title='bbox 1803 3887 1999 3959; x_wconf 89' lang='lat' dir='ltr'><strong>institerunt</strong></span> 
     </span>
     <span class='ocr_line' id='line_1_28' title="bbox 583 4009 1998 4110; baseline -0.004 -24"><span class='ocrx_word' id='word_1_275' title='bbox 583 4035 691 4110; x_wconf 91' lang='lat' dir='ltr'><strong>panes</strong></span> <span class='ocrx_word' id='word_1_276' title='bbox 706 4015 822 4109; x_wconf 90' lang='lat' dir='ltr'><strong>ipsum</strong></span> <span class='ocrx_word' id='word_1_277' title='bbox 847 4013 1007 4086; x_wconf 89' lang='lat' dir='ltr'><strong>comitem</strong></span> <span class='ocrx_word' id='word_1_278' title='bbox 1023 4011 1225 4084; x_wconf 89' lang='lat' dir='ltr'><strong>Ubertiuum</strong></span> <span class='ocrx_word' id='word_1_279' title='bbox 1239 4012 1336 4106; x_wconf 90' lang='lat' dir='ltr'><strong>quod</strong></span> <span class='ocrx_word' id='word_1_280' title='bbox 1360 4013 1393 4086; x_wconf 89' lang='lat' dir='ltr'><strong>ei</strong></span> <span class='ocrx_word' id='word_1_281' title='bbox 1409 4014 1537 4108; x_wconf 88' lang='lat' dir='ltr'><strong>placuit</strong></span> <span class='ocrx_word' id='word_1_282' title='bbox 1560 4013 1733 4107; x_wconf 86' lang='lat' dir='ltr'><strong>sapientes</strong></span> <span class='ocrx_word' id='word_1_283' title='bbox 1758 4009 1804 4084; x_wconf 91' lang='lat' dir='ltr'><strong>de</strong></span> <span class='ocrx_word' id='word_1_284' title='bbox 1825 4009 1998 4082; x_wconf 86' lang='lat' dir='ltr'><strong>Placentia</strong></span> 
     </span>
     <span class='ocr_line' id='line_1_29' title="bbox 583 4131 1998 4232; baseline -0.006 -23"><span class='ocrx_word' id='word_1_285' title='bbox 583 4158 688 4232; x_wconf 91' lang='lat' dir='ltr'><strong>super</strong></span> <span class='ocrx_word' id='word_1_286' title='bbox 711 4137 778 4208; x_wconf 91' lang='lat' dir='ltr'><strong>hoc</strong></span> <span class='ocrx_word' id='word_1_287' title='bbox 800 4135 950 4228; x_wconf 80' lang='lat' dir='ltr'><strong>habem3</strong></span> <span class='ocrx_word' id='word_1_288' title='bbox 972 4135 1061 4207; x_wconf 90' lang='lat' dir='ltr'><strong>iuter</strong></span> <span class='ocrx_word' id='word_1_289' title='bbox 1079 4155 1166 4228; x_wconf 91' lang='lat' dir='ltr'><strong>quos</strong></span> <span class='ocrx_word' id='word_1_290' title='bbox 1188 4135 1328 4207; x_wconf 84' lang='lat' dir='ltr'><strong>fuerunt</strong></span> <span class='ocrx_word' id='word_1_291' title='bbox 1350 4135 1405 4208; x_wconf 89' lang='lat' dir='ltr'><strong>isti</strong></span> <span class='ocrx_word' id='word_1_292' title='bbox 1425 4134 1518 4208; x_wconf 89' lang='lat' dir='ltr'><strong>docti</strong></span> <span class='ocrx_word' id='word_1_293' title='bbox 1542 4134 1588 4208; x_wconf 91' lang='lat' dir='ltr'><strong>de</strong></span> <span class='ocrx_word' id='word_1_294' title='bbox 1606 4135 1673 4206; x_wconf 90' lang='lat' dir='ltr'><strong>hac</strong></span> <span class='ocrx_word' id='word_1_295' title='bbox 1700 4143 1774 4206; x_wconf 91' lang='lat' dir='ltr'><strong>arte</strong></span> <span class='ocrx_word' id='word_1_296' title='bbox 1794 4143 1827 4204; x_wconf 92' lang='lat' dir='ltr'><strong>et</strong></span> <span class='ocrx_word' id='word_1_297' title='bbox 1843 4131 1998 4204; x_wconf 92' lang='lat' dir='ltr'><strong>instructi</strong></span> 
     </span>
    </p>
   </div>
   <div class='ocr_carea' id='block_1_3' title="bbox 582 4254 1998 4600">
    <p class='ocr_par' dir='ltr' id='par_1_4' title="bbox 582 4254 1998 4600">
     <span class='ocr_line' id='line_1_30' title="bbox 584 4254 1998 4354; baseline -0.006 -20"><span class='ocrx_word' id='word_1_298' title='bbox 584 4259 630 4354; x_wconf 88' lang='lat' dir='ltr'><strong>de</strong></span> <span class='ocrx_word' id='word_1_299' title='bbox 645 4261 748 4350; x_wconf 88' lang='lat' dir='ltr'><strong>lacto,</strong></span> <span class='ocrx_word' id='word_1_300' title='bbox 765 4267 800 4331; x_wconf 91' lang='lat' dir='ltr'><strong>et</strong></span> <span class='ocrx_word' id='word_1_301' title='bbox 817 4259 947 4353; x_wconf 91' lang='lat' dir='ltr'><strong>placuit</strong></span> <span class='ocrx_word' id='word_1_302' title='bbox 963 4257 1124 4330; x_wconf 89' lang='lat' dir='ltr'><strong>omnihus</strong></span> <span class='ocrx_word' id='word_1_303' title='bbox 1136 4257 1232 4352; x_wconf 92' lang='lat' dir='ltr'><strong>quod</strong></span> <span class='ocrx_word' id='word_1_304' title='bbox 1251 4279 1365 4330; x_wconf 86' lang='lat' dir='ltr'><strong>eomes</strong></span> <span class='ocrx_word' id='word_1_305' title='bbox 1381 4257 1559 4352; x_wconf 91' lang='lat' dir='ltr'><strong>predictus</strong></span> <span class='ocrx_word' id='word_1_306' title='bbox 1575 4255 1779 4353; x_wconf 82' lang='lat' dir='ltr'><strong>procederet</strong></span> <span class='ocrx_word' id='word_1_307' title='bbox 1794 4254 1841 4328; x_wconf 89' lang='lat' dir='ltr'><strong>ad</strong></span> <span class='ocrx_word' id='word_1_308' title='bbox 1856 4275 1998 4327; x_wconf 89' lang='lat' dir='ltr'><strong>concer-</strong></span> 
     </span>
     <span class='ocr_line' id='line_1_31' title="bbox 583 4379 1998 4469; baseline -0.006 -11"><span class='ocrx_word' id='word_1_309' title='bbox 583 4382 678 4458; x_wconf 90' lang='lat' dir='ltr'><strong>diam</strong></span> <span class='ocrx_word' id='word_1_310' title='bbox 699 4381 863 4454; x_wconf 84' lang='lat' dir='ltr'><strong>Ecclesia.</strong></span> <span class='ocrx_word' id='word_1_311' title='bbox 883 4381 1006 4456; x_wconf 88' lang='lat' dir='ltr'><strong>Comes</strong></span> <span class='ocrx_word' id='word_1_312' title='bbox 1021 4381 1113 4454; x_wconf 92' lang='lat' dir='ltr'><strong>euim</strong></span> <span class='ocrx_word' id='word_1_313' title='bbox 1135 4381 1275 4454; x_wconf 90' lang='lat' dir='ltr'><strong>nolebat</strong></span> <span class='ocrx_word' id='word_1_314' title='bbox 1290 4383 1401 4454; x_wconf 86' lang='lat' dir='ltr'><strong>iacere</strong></span> <span class='ocrx_word' id='word_1_315' title='bbox 1417 4381 1483 4455; x_wconf 91' lang='lat' dir='ltr'><strong>hcc</strong></span> <span class='ocrx_word' id='word_1_316' title='bbox 1507 4383 1582 4454; x_wconf 88' lang='lat' dir='ltr'><strong>sine</strong></span> <span class='ocrx_word' id='word_1_317' title='bbox 1605 4381 1788 4469; x_wconf 88' lang='lat' dir='ltr'><strong>Cremona,</strong></span> <span class='ocrx_word' id='word_1_318' title='bbox 1805 4390 1841 4452; x_wconf 90' lang='lat' dir='ltr'><strong>et</strong></span> <span class='ocrx_word' id='word_1_319' title='bbox 1856 4380 1903 4451; x_wconf 91' lang='lat' dir='ltr'><strong>ita</strong></span> <span class='ocrx_word' id='word_1_320' title='bbox 1917 4379 1998 4451; x_wconf 87' lang='lat' dir='ltr'><strong>iac-</strong></span> 
     </span>
     <span class='ocr_line' id='line_1_32' title="bbox 582 4499 1995 4600; baseline -0.005 -22"><span class='ocrx_word' id='word_1_321' title='bbox 582 4515 656 4578; x_wconf 89' lang='lat' dir='ltr'><strong>tum</strong></span> <span class='ocrx_word' id='word_1_322' title='bbox 672 4506 736 4578; x_wconf 89' lang='lat' dir='ltr'><strong>luit</strong></span> <span class='ocrx_word' id='word_1_323' title='bbox 761 4504 942 4578; x_wconf 89' lang='lat' dir='ltr'><strong>consilium</strong></span> <span class='ocrx_word' id='word_1_324' title='bbox 961 4503 1153 4577; x_wconf 90' lang='lat' dir='ltr'><strong>communis</strong></span> <span class='ocrx_word' id='word_1_325' title='bbox 1170 4504 1344 4577; x_wconf 85' lang='lat' dir='ltr'><strong>Placentia</strong></span> <span class='ocrx_word' id='word_1_326' title='bbox 1368 4505 1529 4599; x_wconf 78' lang='lat' dir='ltr'><strong>generale</strong></span> <span class='ocrx_word' id='word_1_327' title='bbox 1546 4513 1581 4578; x_wconf 89' lang='lat' dir='ltr'><strong>et</strong></span> <span class='ocrx_word' id='word_1_328' title='bbox 1600 4525 1661 4600; x_wconf 91' lang='lat' dir='ltr'><strong>per</strong></span> <span class='ocrx_word' id='word_1_329' title='bbox 1682 4504 1796 4600; x_wconf 90' lang='lat' dir='ltr'><strong>ipsum</strong></span> <span class='ocrx_word' id='word_1_330' title='bbox 1813 4499 1995 4574; x_wconf 88' lang='lat' dir='ltr'><strong>eonsilium</strong></span> 
     </span>
    </p>
   </div>
   <div class='ocr_carea' id='block_1_4' title="bbox 618 4665 1622 4854">
    <p class='ocr_par' dir='ltr' id='par_1_5' title="bbox 618 4665 1622 4854">
     <span class='ocr_line' id='line_1_33' title="bbox 622 4665 1148 4749; baseline 0 -20"><span class='ocrx_word' id='word_1_331' title='bbox 622 4667 666 4749; x_wconf 84' lang='lat' dir='ltr'><strong>(a)</strong></span> <span class='ocrx_word' id='word_1_332' title='bbox 686 4667 825 4747; x_wconf 74' lang='lat' dir='ltr'><strong>Apicii.</strong></span> <span class='ocrx_word' id='word_1_333' title='bbox 845 4669 883 4728; x_wconf 88' lang='lat' dir='ltr'><strong>de</strong></span> <span class='ocrx_word' id='word_1_334' title='bbox 896 4667 1005 4730; x_wconf 72' lang='lat' dir='ltr'><strong>Morsu</strong></span> <span class='ocrx_word' id='word_1_335' title='bbox 1019 4665 1148 4729; x_wconf 78' lang='lat' dir='ltr'><strong>Scordo.</strong></span> 
     </span>
     <span class='ocr_line' id='line_1_34' title="bbox 618 4769 1622 4854; baseline -0.003 -19"><span class='ocrx_word' id='word_1_336' title='bbox 618 4773 656 4854; x_wconf 79' lang='lat' dir='ltr'><strong>(i)</strong></span> <span class='ocrx_word' id='word_1_337' title='bbox 678 4775 737 4854; x_wconf 80' lang='lat' dir='ltr'><strong>Ap.</strong></span> <span class='ocrx_word' id='word_1_338' title='bbox 752 4775 820 4836; x_wconf 86' lang='lat' dir='ltr'><strong>Joh.</strong></span> <span class='ocrx_word' id='word_1_339' title='bbox 831 4773 870 4836; x_wconf 89' lang='lat' dir='ltr'><strong>de</strong></span> <span class='ocrx_word' id='word_1_340' title='bbox 882 4773 991 4837; x_wconf 82' lang='lat' dir='ltr'><strong>Mussls</strong></span> <span class='ocrx_word' id='word_1_341' title='bbox 1001 4769 1087 4851; x_wconf 82' lang='lat' dir='ltr'><strong>illud,</strong></span> <span class='ocrx_word' id='word_1_342' title='bbox 1100 4773 1181 4852; x_wconf 88' lang='lat' dir='ltr'><strong>quod</strong></span> <span class='ocrx_word' id='word_1_343' title='bbox 1194 4775 1292 4852; x_wconf 85' lang='lat' dir='ltr'><strong>aptius</strong></span> <span class='ocrx_word' id='word_1_344' title='bbox 1305 4775 1344 4836; x_wconf 81' lang='lat' dir='ltr'><strong>ad</strong></span> <span class='ocrx_word' id='word_1_345' title='bbox 1355 4789 1476 4836; x_wconf 85' lang='lat' dir='ltr'><strong>sensum</strong></span> <span class='ocrx_word' id='word_1_346' title='bbox 1494 4771 1622 4836; x_wconf 84' lang='lat' dir='ltr'><strong>ridetur.</strong></span> 
     </span>
    </p>
   </div>
   <div class='ocr_carea' id='block_1_5' title="bbox 0 0 2280 6080">
    <p class='ocr_par' dir='ltr' id='par_1_6' title="bbox 0 0 2280 6080">
     <span class='ocr_line' id='line_1_35' title="bbox 0 0 2280 6080; baseline 0 6"><span class='ocrx_word' id='word_1_347' title='bbox 0 0 2280 6080; x_wconf 95' lang='lat' dir='ltr'><strong> </strong></span> 
     </span>
    </p>
   </div>
  </div>
 </body>
</html>
