4534 6074
605 650 645 714 'tt
1025 648 1264 712 cuuoutcott
1289 647 1591 712 Pttcuuuluutt.

648 782 684 851 lu
706 780 756 849 die
771 801 847 849 vero
862 781 985 852 sabbati
1203 838 1206 849 .
1387 779 1449 863 Qui
1468 781 1534 870 jam
1551 801 1607 849 eos
1621 779 1851 870 impugnarunt

647 894 769 978 Quarto
787 893 828 962 de
842 913 952 964 mense
961 893 1049 982 iulii,
1386 893 1492 981 Atque
1507 893 1644 962 multum
1658 892 1865 964 devastarunt

647 1007 734 1075 ldem
758 1025 884 1094 quoqne
898 1007 1075 1094 imperator
1231 1073 1234 1078 Α
1430 998 1567 1090 Propter
1579 1002 1677 1068 istum
1689 1019 1811 1090 regern.

647 1119 1039 1190 Raii⁰¹¹uffl⁰⁰¹¹flffflli⁰f
1140 1166 1143 1175 ·
1386 1144 1450 1216 Sed
1465 1145 1528 1236 [ne]
1543 1147 1639 1214 nimis
1655 1147 1856 1214 miraremur

691 1231 742 1301 Ad
761 1232 903 1324 Burgum
919 1234 1101 1302 remulus·
1384 1257 1436 1328 Ad
1450 1259 1612 1348 inceptum
1628 1267 1839 1347 revertemur,

1383 1369 1425 1440 Et
1439 1371 1582 1446 disemus
1596 1371 1681 1460 quod
1697 1371 1802 1442 leoere
1817 1371 1861 1459 (b)

1385 1484 1491 1572 Atque
1506 1505 1579 1554 eum
1594 1505 1670 1572 rege
1693 1505 1821 1573 gessere

1429 1596 1585 1666 Rectores
1602 1599 1705 1668 ltalie.

647 1409 693 1478 Ea
708 1409 759 1478 die
776 1411 957 1478 aoeelemnt

647 1521 776 1590 Etcum
791 1521 906 1611 legatis
920 1530 1096 1612 properant

646 1639 801 1707 Rectores
821 1645 963 1707 eastrnm
981 1637 1089 1706 nobile

646 1751 739 1836 Quod
753 1772 926 1840 numquam
939 1752 998 1819 luit
1013 1751 1116 1820 debile
1385 1737 1470 1828 Ergo
1484 1741 1566 1810 bene
1581 1745 1796 1832 cognoscatis,

691 1865 807 1935 Senum
825 1866 1088 1953 repugnantibus.
1385 1852 1537 1922 Lectores
1552 1856 1630 1924 mibi
1644 1857 1796 1940 eredatis,

1386 1965 1481 2048 Quod
1492 1969 1668 2057 imperator
1679 1974 1820 2060 optimus

1386 2079 1578 2181 Animorum
1591 2082 1711 2170 impius
1733 2081 1811 2172 (sic)

1432 2191 1537 2282 Super
1556 2215 1667 2264 omnes
1681 2195 1742 2265 alie
1755 2197 1818 2286 (l),

645 2024 734 2095 lstud
753 2034 905 2094 castrum·
919 2026 1103 2096 nominatur

646 2138 738 2222 Quod
759 2159 778 2206 a
801 2139 880 2208 llore
898 2138 1084 2227 designatur
1099 2140 1144 2226 (a)

646 2251 844 2320 Florenoiola
860 2251 1008 2330 domina.
1217 2311 1221 2318 .

645 2366 921 2449 (palaestinarum
937 2368 1046 2456 regina
1386 2335 1493 2405 Niobil
1507 2337 1582 2407 ierit
1596 2361 1669 2408 oum
1684 2341 1807 2410 nuntiis

691 2480 756 2549 suo
770 2481 934 2548 beneficio,
1387 2449 1475 2534 Quos
1491 2451 1617 2520 tradere
1633 2454 1809 2522 mendaciis

1387 2562 1484 2630 Nisus
1498 2573 1558 2630 est.
1573 2564 1642 2632 lleo
1662 2573 1696 2632 ut
1719 2565 1867 2634 viderunt

1387 2676 1437 2745 Ad
1454 2677 1584 2765 propria
1597 2675 1761 2746 redierunt

1432 2789 1564 2857 Decimo
1583 2791 1622 2878 (c)
1638 2789 1677 2857 de
1688 2791 1780 2878 julio.

647 2635 751 2704 Locus
763 2645 813 2704 est
828 2638 860 2702 in
873 2636 1035 2708 Plaeentie

647 2753 690 2820 Et
703 2760 752 2818 est
765 2760 831 2818 tam
845 2751 978 2839 pulober
991 2752 1072 2822 iaoie

648 2861 740 2946 Quod
755 2882 868 2932 omnes
884 2865 944 2932 viri
958 2867 1091 2955 eupiunt

648 2978 691 3046 Et
711 2978 788 3046 illue
800 2979 848 3044 ire
862 2979 1002 3066 gestiunt

693 3091 830 3181 Propter
842 3091 1101 3162 habundantiam.

1388 2931 1429 3003 Et
1441 2935 1474 3000 in
1491 2934 1542 3001 die
1554 2935 1608 3022 qui
1624 2935 1768 3023 sequitur

1390 3047 1504 3118 Contio
1518 3045 1577 3114 bec¹
1593 3048 1766 3136 colligitur,

1390 3161 1471 3245 Quia
1486 3160 1683 3229 Lombardos
1696 3161 1857 3230 bautaavit

649 3253 1050 3324 llliosuntlortesmilites
1389 3277 1752 3364 quueeosexefflij

650 3370 692 3438 ut
714 3369 878 3436 fortissimi
895 3367 1018 3457 pedites
1434 3389 1512 3457 post
1527 3389 1567 3456 (pe
1589 3397 1683 3456 ΜΘ
1701 3385 1831 3477 ηςῃςῃ,

652 3481 713 3565 Qui
730 3483 916 3549 resistentes
936 3479 1061 3548 fortiter

651 3595 839 3665 Peroutiunt
853 3593 987 3662 viriliter

696 3711 847 3780 Inimieos
863 3705 1015 3794 undique.

1389 3533 1430 3604 Et
1443 3555 1501 3623 per
1514 3533 1726 3602 blonbardoni
1741 3542 1867 3601 montes

1390 3647 1454 3716 Per
1467 3645 1665 3714 Pontremuli
1682 3645 1728 3733 (d)
1750 3647 1884 3714 accessit
1895 3651 2020 3734 partes.

1390 3759 1451 3850 Qui
1466 3761 1600 3828 civitatis
1614 3763 1732 3827 timens
1747 3761 1920 3848 nequitiam

653 3875 695 3943 Et
709 3873 769 3940 beo
785 3871 890 3938 sciunt
904 3869 1136 3939 Cremonenses
1391 3871 1581 3940 Pisauorum
1595 3871 1640 3938 ibi
1655 3871 1832 3958 expectavit
1847 3869 1992 3937 militiam

654 3989 759 4076 Atque
774 3983 897 4051 nobiles
911 3981 1102 4049 Parmenses
1437 3982 1518 4053 Cum
1533 4004 1596 4071 qua
1611 3983 1773 4072 proiectus
1785 3982 1844 4050 luit
1856 3982 1949 4050 Pisis.
2091 4027 2097 4042 .

653 4156 695 4236 (o)
716 4157 753 4218 ln
767 4153 868 4214 codiee
881 4149 1029 4230 deleatur,
1039 4151 1122 4214 nullo
1135 4152 1277 4231 adjuncto
1289 4155 1455 4232 compendit
1469 4155 1564 4232 signo.

654 4262 695 4341 (b)
716 4263 752 4321 ln
765 4260 866 4321 codiee
871 4258 979 4338 socero.

654 4367 692 4448 (e)
718 4368 754 4428 ln
768 4366 869 4427 eodloe
881 4363 997 4426 dmime.

655 4472 699 4553 (d)
719 4475 755 4535 ln
773 4472 875 4533 eodtoe
886 4465 1085 4531 Mootremoli.

650 4759 688 4835 (t)
706 4757 743 4814 loi
754 4770 851 4813 encore
864 4755 889 4811 le
905 4759 974 4811 texte
983 4759 1025 4810 est
1037 4759 1194 4825 gravement
1203 4751 1295 4810 altere.
