4534 6074
677 689 921 754 CHRONICOM
945 689 1246 752 Ptmceltttlttllt
1628 691 1669 754 55

247 805 371 898 versus
386 825 643 898 Pontenurium
670 825 735 900 iter
760 847 863 898 sunm
879 826 1020 899 direxit.
1037 826 1121 898 Cum
1142 835 1257 899 autem
1277 824 1417 898 Narium
1428 823 1528 916 juxta
1555 831 1669 901 eccle-

247 951 336 1023 siam
353 960 389 1023 et
404 971 518 1044 usque
533 950 580 1025 ad
597 959 701 1046 caput
725 951 826 1044 burgi
841 951 1029 1024 Placentini
1047 952 1173 1023 milites
1187 950 1521 1045 appropinquarent,
1540 953 1669 1026 riden-

247 1083 301 1146 tes
318 1095 380 1168 per
393 1071 644 1146 Pontenurium
662 1073 907 1148 Cremonenses
924 1075 970 1147 ab
988 1085 1135 1169 utraque
1161 1075 1272 1169 ipsius
1295 1073 1361 1146 loci
1384 1085 1481 1168 parte
1497 1076 1589 1170 ipsos
1607 1077 1668 1172 qui

246 1195 285 1268 in
307 1199 383 1293 ipso
403 1197 548 1270 aderant
575 1197 651 1270 loco
675 1209 709 1270 et
738 1197 911 1293 capientes
936 1207 971 1270 et
989 1199 1217 1293 percutientes
1242 1207 1276 1270 et
1295 1200 1538 1287 vulnerantes,
1555 1211 1590 1272 et
1605 1201 1670 1272 vix

247 1323 359 1417 captis
372 1323 480 1395 armis
494 1323 658 1396 insultum
675 1345 779 1418 super
793 1317 928 1396 nostres
947 1325 1113 1396 fecerum.
1132 1324 1176 1396 Et
1191 1323 1285 1395 tubis
1308 1345 1371 1418 per
1396 1335 1509 1418 partes
1534 1345 1670 1396 sonan-

247 1445 343 1518 tibus
361 1446 505 1541 preliom
526 1446 701 1542 incipitur,
727 1455 762 1518 et
779 1447 886 1519 tensis
902 1447 1027 1540 aquilis
1043 1448 1088 1519 ab
1105 1448 1260 1541 utrisque
1274 1457 1440 1519 certatum
1459 1457 1523 1520 est.
1545 1451 1669 1524 Milites

248 1591 390 1665 qnoque
407 1569 572 1643 Cremono
591 1581 625 1643 et
642 1571 763 1642 Parme
787 1569 1056 1643 innumerabiles
1073 1569 1107 1641 in
1127 1571 1203 1666 ipso
1219 1571 1327 1666 prelio
1343 1571 1480 1643 luerunt
1499 1574 1668 1646 vulnerati

247 1703 283 1766 et
301 1696 527 1790 quamplures
555 1696 600 1768 ab
628 1707 775 1789 utraque
802 1705 899 1790 parte
928 1695 1108 1768 interlecti.
1128 1696 1320 1768 Destrarios
1346 1715 1487 1789 quoque
1514 1697 1548 1768 in
1578 1707 1669 1770 certo

248 1839 395 1890 numero
411 1819 448 1890 in
464 1819 540 1914 ipso
563 1819 671 1914 prelio
688 1818 936 1914 perdiderunt,
954 1839 1045 1913 quos
1059 1819 1247 1891 Placentini
1263 1818 1460 1892 habuerunt
1475 1831 1510 1894 et
1524 1820 1668 1894 domum

249 1939 442 2013 duxerunt.
467 1942 581 2015 Nostri
604 1964 747 2036 quoque
771 1943 920 2015 acerimo
945 1951 979 2014 et
1006 1941 1190 2014 fortissimo
1220 1943 1314 2038 ipsos
1335 1944 1581 2020 Cremonenses
1604 1969 1668 2039 ag·

249 2064 457 2156 gredientur
483 2065 615 2160 impetu
632 2076 667 2137 et
684 2067 722 2138 vi
739 2067 893 2140 maxima
909 2068 955 2140 ab
972 2067 1039 2139 illis
1063 2089 1101 2139 se
1119 2076 1288 2139 conantur
1304 2067 1504 2142 defendere.
1521 2071 1565 2140 Et
1582 2069 1667 2142 dum

249 2187 314 2260 hec
330 2197 499 2282 geruntur
514 2199 549 2261 et
567 2189 612 2261 ab
630 2200 778 2284 utraque
796 2201 893 2286 parte
907 2199 1095 2286 pugnatur,
1116 2191 1303 2263 Placentini
1320 2191 1494 2266 intuentes
1508 2194 1669 2265 multitu-

249 2311 324 2385 dini
344 2335 464 2385 corom
483 2313 624 2385 minime
640 2315 798 2387 resistere
815 2335 934 2410 posse,
950 2325 1041 2387 retm
1058 2316 1123 2387 iter
1139 2337 1257 2388 eorum
1275 2315 1533 2410 aggredientes,
1551 2327 1668 2390 umen

248 2457 328 2508 curn
346 2436 398 2509 eis
422 2459 557 2531 semper
573 2449 769 2533 pugnantes
785 2447 819 2510 et
837 2438 1001 2510 insultum
1015 2459 1119 2534 snper
1134 2461 1194 2512 eos
1212 2440 1343 2534 pluries
1359 2441 1539 2533 iacientes,
1556 2465 1669 2537 usque

248 2561 295 2633 ad
323 2561 467 2634 Mortale
491 2560 681 2634 redierunt.
699 2563 794 2647 Quos
818 2561 1064 2635 Cremonenses
1091 2571 1124 2634 et
1150 2563 1376 2656 Parmcxani,
1401 2565 1612 2638 Mutinenses
1634 2576 1669 2640 et

249 2685 428 2757 Mantuani
447 2708 558 2780 usque
580 2684 626 2758 ad
654 2687 766 2759 locum
787 2685 940 2758 Mortalis
967 2685 1112 2758 insecuti
1131 2688 1242 2778 lucre,
1262 2696 1297 2760 et
1321 2688 1453 2762 ibidem
1479 2689 1668 2763 Placentini

248 2809 410 2882 bellicose
429 2810 541 2882 conati
558 2819 640 2882 sunt
657 2805 708 2882 eis
723 2809 894 2882 resistere.
916 2809 1002 2881 Cum
1021 2819 1136 2882 autem
1151 2811 1202 2882 sic
1216 2819 1401 2904 certarent,
1421 2835 1499 2886 sero
1510 2813 1583 2906 jam
1601 2837 1669 2912 ap-

248 2935 524 3029 propinquante,
542 2933 674 3006 vexilla
699 2933 772 3006 duo
796 2933 990 3006 communis
1019 2933 1203 3006 Mediolani
1221 2956 1301 3006 cum
1331 2935 1425 3008 tobis
1441 2947 1475 3010 et
1493 2939 1669 3034 aliquibus

249 3057 409 3151 ejusdem
437 3057 533 3130 urbis
561 3057 730 3130 militibus
752 3057 813 3152 qui
840 3055 887 3130 ad
911 3065 1063 3129 nostram
1080 3067 1297 3130 accesserant
1322 3059 1516 3155 civitatem,
1536 3064 1572 3134 in
1592 3065 1668 3160 ipso

248 3183 424 3256 intravere
455 3181 559 3254 bello.
585 3179 677 3254 Visis
708 3181 848 3254 vexillis
873 3191 907 3253 et
936 3181 1031 3256 tubis
1058 3179 1245 3252 Mediolani
1269 3203 1290 3253 a
1316 3183 1603 3259 Cremonensibus
1633 3199 1668 3261 et

249 3307 494 3380 Parmensibus
522 3304 671 3398 auditis,
698 3305 790 3378 illico
812 3305 924 3379 redire
952 3315 1129 3400 ceperunt.
1154 3305 1344 3378 Placentini
1369 3329 1452 3382 vero
1478 3331 1556 3381 cum
1583 3313 1667 3406 ipsis

247 3429 566 3503 Mediolanensibus
578 3429 671 3525 ipsos
685 3429 919 3524 insequentes,
931 3449 1010 3502 cum
1027 3429 1095 3500 illis
1112 3449 1251 3524 quoque
1264 3441 1469 3524 pugnantes,
1482 3455 1541 3506 eos
1556 3457 1667 3529 usque

248 3555 285 3625 in
307 3555 451 3626 Nuriam
482 3555 704 3651 impulerunt.
736 3557 863 3626 Verum
891 3555 975 3648 quia
1001 3555 1099 3647 nigra
1128 3575 1199 3625 nox
1226 3563 1415 3628 accesserat
1434 3565 1470 3628 et
1488 3557 1669 3653 utriusque

247 3678 357 3774 partis
377 3679 547 3751 vulnerati
573 3688 672 3751 erant
688 3677 813 3750 milites
840 3677 1026 3772 plurimum
1055 3673 1233 3770 nimioque
1254 3678 1385 3768 latigati
1403 3679 1537 3770 labore,
1559 3683 1664 3753 innu-

247 3801 433 3874 merabiles
461 3801 543 3896 equi
574 3801 855 3876 Cremonensium
885 3809 919 3874 et
944 3801 1181 3873 Parmensium
1212 3801 1384 3874 vulnerati
1414 3812 1450 3874 et
1475 3803 1665 3899 interlecti,

248 3934 397 4020 utraque
431 3947 513 4020 pars
543 3925 738 3998 voluntarie
773 3923 925 3998 secessit.
960 3925 998 3996 ln
1035 3945 1106 4018 quo
1140 3925 1247 4018 prelio
1277 3924 1465 3997 Placentini
1501 3941 1666 4024 ceperunt

248 4051 339 4122 circa
359 4058 497 4122 centum
514 4049 641 4122 milites
660 4048 705 4122 de
722 4049 911 4140 maioribus
925 4059 959 4120 et
972 4047 1172 4120 melioribus
1188 4047 1353 4121 Cremona
1371 4058 1406 4121 et
1422 4051 1561 4140 Parme,
1577 4054 1667 4127 inter

249 4194 338 4267 quos
357 4173 424 4245 luit
439 4173 552 4245 Ysaac
577 4171 622 4246 de
646 4173 796 4244 maaria
816 4181 900 4243 tunc
925 4171 1087 4266 temporis
1108 4171 1230 4244 Parme
1257 4181 1429 4266 potcstas3
1457 4172 1503 4244 de
1527 4175 1667 4248 Placen·

250 4295 330 4370 tinis
362 4297 453 4390 capti
488 4297 586 4369 luere
608 4297 698 4368 inter
723 4293 850 4369 milites
873 4305 907 4368 et
934 4295 1067 4389 pedites
1086 4295 1122 4366 in
1150 4295 1250 4389 equis
1268 4304 1303 4368 et
1329 4297 1366 4366 in
1388 4298 1553 4388 jumentis
1575 4302 1666 4374 circa

247 4420 327 4512 LX,
346 4420 437 4492 inter
459 4421 637 4494 scuderios
660 4431 694 4492 et
715 4419 862 4492 rusticos
884 4419 973 4490 circa
998 4417 1090 4509 CCC,
1118 4439 1207 4513 quoe
1228 4421 1262 4490 in
1288 4421 1362 4493 loco
1384 4419 1581 4494 Pontenurii
1611 4447 1666 4497 se·

250 4543 371 4617 dentes
389 4555 424 4616 et
438 4549 593 4638 jacentes
609 4543 822 4618 desarmatoe
838 4543 1015 4614 invenere.

298 4667 377 4740 Alia
408 4667 469 4740 die
500 4667 595 4762 apud
628 4667 876 4741 Pontenurium
911 4665 1185 4738 Mediolanenses
1218 4675 1440 4759 expectantes
1474 4690 1552 4740 cnm
1582 4671 1669 4766 ipsis

254 4789 365 4862 dictos
387 4789 609 4884 insequentes
634 4791 723 4862 oltra
741 4790 926 4863 Clavenam
951 4788 1120 4862 desubtus
1142 4811 1163 4862 a
1185 4789 1339 4862 Fontana
1363 4813 1426 4886 per
1448 4815 1556 4864 unum
1583 4796 1666 4866 mil·
