4568 6064
784 671 825 730 IN
849 671 990 732 trenta
1014 671 1167 734 GESTIS.
1620 672 1682 734 345

259 827 406 902 scopum
423 805 620 898 Aquensom
633 803 680 898 (a)
699 806 838 880 natione
855 807 1113 898 Placentinum,
1134 807 1215 878 item
1233 807 1533 880 Bonanventnram
1547 806 1681 880 ordinis

261 933 448 1019 mInerum,
471 929 552 1004 item
566 929 862 1025 archiepiscopum
879 931 1170 1024 legadinensem,
1187 931 1267 1002 item
1282 930 1577 1025 archiepiscopum
1595 932 1680 1004 Ner·

259 1057 366 1142 hone,
386 1057 467 1128 item
485 1053 690 1146 magistrum
710 1053 848 1126 Petrum
870 1054 914 1128 de
944 1056 1096 1150 Yspeuia
1119 1056 1180 1148 qui
1210 1056 1355 1128 habetur
1380 1076 1443 1150 pm
1462 1055 1675 1149 philosopho.

259 1179 393 1252 Deinde
421 1176 649 1274 proficiscitur
674 1177 893 1271 LegudInum
920 1201 1025 1251 causa
1052 1178 1238 1252 ordinandi
1269 1179 1454 1250 concilium
1486 1200 1549 1274 pro
1581 1178 1679 1250 lactis

260 1301 521 1376 ultramarinis.
877 1393 882 1406 Ι

331 1425 338 1522 Ι
359 1427 423 1499 Die
435 1426 610 1498 dominico
620 1425 865 1520 primomensis
876 1427 1028 1500 octubris
1041 1427 1212 1522 principes
1221 1427 1468 1520 Alamanieqni
1478 1426 1678 1500 electionem
1704 1439 1752 1484 1²0¹·
1763 1441 1790 1482 ⁷⁴
1799 1451 1871 1483 vem·

259 1549 456 1624 habentdc
478 1549 621 1644 Imperio
648 1560 887 1622 convenerunt
911 1551 957 1623 ad
980 1551 1132 1644 Burgum
1159 1551 1292 1624 Fortem
1311 1547 1553 1622 Indumenta
1575 1570 1679 1622 causa

260 1673 414 1768 eligendi
433 1695 550 1765 regem
566 1673 799 1746 Romanorum
818 1699 826 1743 :
844 1674 973 1746 scilieet
994 1673 1070 1745 dun
1087 1675 1253 1769 Bayverie
1275 1675 1337 1769 qui
1355 1675 1460 1748 habet
1486 1697 1591 1748 unam
1616 1697 1679 1748 vo·

260 1817 336 1870 cem
360 1805 395 1870 et
419 1796 622 1885 dimidiam,
640 1818 705 1870 rex
730 1797 872 1868 Boemie
897 1796 1046 1869 modIam
1072 1819 1214 1887 vocem,
1244 1799 1396 1870 marchio
1416 1797 1679 1892 Brandeburghi

260 1943 366 1994 unam
384 1943 519 2010 vocem,
539 1921 615 1994 dux
636 1922 812 1995 Sanxonie
830 1943 935 1994 unam
952 1943 1088 2010 vocem,
1108 1924 1386 2018 archiepiscopus
1406 1923 1558 1995 CollonIe
1573 1945 1679 1994 unam

260 2065 406 2136 vocem,
437 2044 718 2141 archiepIsoopns
745 2046 924 2138 Illagancie
950 2067 1057 2117 unam
1082 2068 1222 2136 vocem,
1248 2046 1529 2142 archiepiscopus
1557 2047 1680 2120 Trevie

260 2189 366 2239 unam
390 2189 526 2240 vocem.
548 2167 677 2242 Omnes
698 2166 840 2264 predicti
859 2169 894 2240 in
917 2169 1101 2242 concordia
1125 2171 1332 2244 unanimiter
1355 2171 1515 2243 invocato
1542 2173 1682 2246 nomine

258 2291 445 2364 Salvatoris
469 2293 641 2386 eligerunt
659 2292 836 2366 dominnm
859 2293 1019 2366 comitem
1038 2293 1225 2368 Ilodullnm
1243 2295 1288 2368 de
1307 2296 1485 2390 Albopuro
1505 2296 1540 2366 in
1562 2318 1680 2390 regem

259 2414 506 2508 Romanorum,
527 2426 561 2488 et
578 2416 614 2487 in
633 2417 719 2488 festo
744 2417 856 2488 sancti
882 2417 973 2488 Luce
991 2417 1027 2488 in
1049 2417 1131 2490 Asia
1154 2417 1200 2490 ad
1222 2419 1389 2512 capellam
1412 2420 1476 2490 luit
1498 2430 1681 2492 coronatus

259 2558 339 2608 cum
357 2559 468 2610 uxore
481 2539 570 2630 ejus.

309 2661 372 2732 Die
386 2672 510 2733 octavo
526 2661 656 2734 mensIs
674 2660 883 2750 decembris,
902 2661 1066 2735 dominus
1077 2663 1230 2734 Torellus
1244 2664 1435 2738 Torniellus
1454 2675 1490 2738 et
1505 2688 1584 2761 pars
1600 2689 1678 2756 sua,

259 2793 334 2858 orta
351 2784 524 2859 discordia
539 2787 627 2857 inter
642 2785 835 2859 Cavalatios
847 2797 881 2858 et
895 2787 1069 2858 Brnxatos
1083 2786 1242 2877 Novaria,
1255 2809 1333 2862 eum
1350 2810 1411 2860 sua
1428 2799 1524 2883 parto
1541 2791 1682 2864 Intravit

260 2909 296 2980 in
314 2909 490 2982 civitatem
515 2911 663 2982 Novaria
686 2909 743 2982 cui
767 2911 959 2982 maximum
978 2933 1180 2982 succursum
1199 2913 1429 3007 prestiterunt·
1444 2915 1629 3010 Papienses
1647 2923 1682 2988 et

258 3032 414 3105 marchio
427 3034 667 3124 illontislerati3
686 3045 826 3128 propter
840 3032 936 3127 quod
950 3043 1092 3134 ortaest
1110 3034 1281 3108 discordia
1295 3046 1330 3108 et
1347 3059 1471 3131 guerra
1486 3039 1574 3111 inter
1589 3061 1681 3112 com·

258 3177 365 3228 mune
380 3155 567 3230 Mediolani
584 3166 618 3229 et
640 3177 823 3229 commune
846 3157 971 3252 Papio,
993 3159 1075 3252 quia
1097 3157 1261 3232 domiuus
1278 3159 1479 3234 Franciscus
1498 3162 1543 3236 de
1556 3165 1681 3236 Lature

258 3289 332 3352 erat
348 3279 513 3352 dominus
528 3281 620 3352 illius
636 3282 799 3352 civitatis.

308 3403 370 3474 Die
382 3403 475 3495 jovis
493 3404 540 3476 XI
559 3405 687 3478 mensis
699 3405 852 3497 januarii
872 3406 958 3477 laeta
979 3419 1032 3478 est
1050 3427 1121 3500 pax
1142 3407 1217 3480 sive
1232 3417 1376 3501 treugua
1395 3410 1483 3482 inter
1500 3433 1683 3486 commune

257 3527 428 3600 Placentia
449 3549 496 3600 en
516 3549 585 3600 nna
603 3541 698 3623 parte
719 3531 938 3610 etcemitem
964 3530 1165 3601 Ubertinum
1187 3529 1233 3603 de
1260 3531 1378 3604 Laudo
1398 3543 1432 3605 et
1449 3556 1532 3607 suos
1550 3557 1596 3606 ex
1614 3536 1682 3608 alia

257 3671 337 3722 cum
355 3652 458 3724 certis
472 3653 580 3747 pactis
596 3664 631 3725 et
649 3654 937 3726 conventionibus
955 3679 963 3724 ε
981 3655 1010 3725 si
1031 3653 1191 3738 dederint
1208 3654 1349 3729 domino
1363 3658 1478 3729 comiti
1500 3657 1588 3732 lilios
1606 3661 1682 3754 ejus

137 3768 141 3778 '
256 3773 318 3868 qui
333 3784 416 3846 sunt
431 3775 468 3847 in
487 3777 587 3848 sortia
610 3775 741 3848 domini
759 3779 852 3870 regin
866 3778 981 3850 Xaroli
1003 3778 1107 3851 debet
1123 3801 1199 3852 esse
1220 3803 1305 3874 pax,
1324 3780 1379 3853 sin
1399 3795 1517 3856 autem
1539 3805 1626 3873 non;
1648 3795 1683 3857 et

257 3896 399 3970 duravit
415 3907 561 3991 trengua
578 3921 691 3994 usquc
708 3901 755 3974 ad
772 3902 926 3974 medium
944 3904 1162 3998 septembris.

305 4021 370 4094 Die
399 4023 534 4096 sabbati
561 4025 686 4096 XXIIII
705 4025 846 4104 ¹mensis
874 4029 992 4099 marcii
1022 4028 1186 4102 Astenscs
1217 4030 1278 4124 qui
1312 4039 1409 4102 erant
1444 4031 1611 4106 hostiliter
1637 4035 1684 4108 ad

256 4143 438 4217 (lenonum
460 4167 565 4219 causa
583 4150 769 4242 guastandi
792 4151 889 4222 fracti
911 4162 992 4224 snut
1013 4163 1046 4225 et
1065 4152 1256 4226 diseouficti
1272 4155 1317 4226 ab
1341 4155 1408 4226 illis
1431 4155 1478 4228 de
1502 4157 1589 4232 Alba
1607 4168 1683 4234 eta

254 4269 423 4340 militibus
448 4269 580 4342 domini
598 4273 694 4366 regis
716 4273 829 4346 Karoli
851 4283 886 4347 et
904 4277 994 4370 eapti
1016 4289 1100 4348 sunt
1118 4279 1206 4351 bene
1228 4279 1298 4352 tttt
1318 4289 1353 4352 et
1373 4279 1520 4352 CLXXX
1540 4283 1678 4355 mortui.

295 4413 338 4497 (a)
362 4417 398 4477 In
411 4417 510 4479 cedluc
528 4423 626 4496 potius
638 4418 767 4501 Aquita,
783 4422 834 4483 sed
847 4439 981 4486 erronee.

250 4615 369 4672 pensons
384 4602 510 4661 toutefois
520 4621 574 4678 qne
588 4605 701 4663 l’auteur
715 4614 779 4664 veut
792 4608 865 4666 laire
878 4609 990 4667 allusion
1001 4610 1018 4667 h
1030 4611 1173 4670 l’allection
1194 4614 1228 4671 de
1241 4615 1369 4690 Gre'geire
1378 4621 1405 4676 X
1416 4637 1486 4693 pour
1498 4639 1542 4681 ses
1555 4627 1680 4700 procheS,

258 4711 290 4752 ce
304 4713 375 4772 papa
395 4707 477 4773 ayant
490 4703 552 4760 eree
564 4705 710 4763 cardinaux
722 4707 792 4764 deux
806 4709 839 4766 de
855 4725 901 4766 ses
917 4725 1034 4782 nereux,
1048 4711 1235 4785 vicedomIne,
1248 4713 1290 4770 fils
1301 4716 1335 4772 de
1351 4733 1382 4774 sa
1394 4733 1484 4791 soeur,
1499 4729 1528 4780 et
1540 4725 1605 4781 toan
1618 4727 1682 4786 llis-

259 4795 343 4866 contI,
358 4795 402 4854 fils
412 4798 447 4856 de
459 4815 508 4857 son
521 4799 601 4858 lrere.

1480 4928 1517 4980 44
