4568 6064
804 677 846 738 ΙΝ
868 676 1008 737 ΙΤΑΗΑ
1033 675 1184 740 GMSTlS.
1642 675 1703 737 369

284 833 390 890 causa
406 809 583 908 prestandi
605 809 775 882 auxilium
792 812 860 883 illis
878 813 924 885 de
939 813 1080 884 Laturre
1100 808 1107 898 l
1129 823 1163 884 et
1180 812 1245 882 illis
1263 809 1309 882 de
1326 808 1444 883 Laude
1459 818 1495 882 et
1510 810 1702 905 patriarcha
1744 837 1793 882 rc.
1804 839 1910 880 staec.

285 939 382 1010 venit
406 935 468 1033 (a).
493 935 765 1008 Mediolanenses
789 957 867 1007 cnm
892 936 1118 1030 Papieuslhns
1134 945 1170 1007 et
1190 936 1265 1006 aliis
1288 955 1406 1006 eorum
1428 933 1548 1005 amicis
1568 935 1701 1006 suntin

286 1061 558 1157 depopulatione
578 1058 695 1129 laude
712 1059 932 1132 devastantes
951 1059 1073 1131 vineas
1092 1069 1127 1132 et
1142 1069 1276 1152 segetes
1295 1079 1407 1152 usqne
1425 1057 1469 1130 ad
1485 1067 1600 1153 portas
1616 1057 1704 1129 civi·

285 1186 379 1273 tatis,
396 1193 432 1258 et
450 1183 507 1255 die
523 1183 642 1255 martis
657 1181 749 1252 Xllll
762 1183 851 1274 junii
870 1193 1067 1255 receserunt
1082 1183 1227 1277 quilibet
1241 1182 1286 1255 ad
1304 1181 1442 1278 propria
1459 1189 1493 1254 et
1507 1181 1704 1254 Laudenses

286 1308 471 1384 extrinseci
490 1307 727 1400 relinquerunt
742 1318 892 1378 castrum
908 1307 1069 1399 Bargaui.

336 1433 387 1505 De
415 1453 534 1504 meuse
556 1451 639 1501 vero
663 1429 742 1522 julii
765 1429 1060 1520 Mediolanenses,
1087 1430 1289 1524 Papienses,
1319 1429 1557 1518 Verzelenses,
1589 1431 1705 1502 Nova·

286 1557 435 1646 rieuses,
472 1553 635 1640 Cumani,
671 1553 881 1642 JanuenseS,
907 1553 1160 1642 londonienses,
1188 1551 1438 1643 Alexandrini,
1468 1553 1702 1643 Veronenses,

286 1678 485 1768 Mantuani,
503 1677 752 1762 Tauriueuses,
770 1673 960 1764 Alhexani,
978 1698 1057 1770 pars
1076 1675 1194 1746 Brixie
1210 1675 1417 1762 extrinseca,
1436 1675 1558 1746 Bosius
1574 1674 1619 1747 de
1637 1677 1706 1745 llo-

286 1803 384 1874 varia
400 1823 480 1874 cum
494 1809 593 1895 parte
610 1799 806 1871 extrinseca
819 1797 864 1870 de
882 1799 1061 1886 Cremona,
1082 1819 1163 1892 pars
1179 1799 1373 1870 extrinseca
1395 1798 1440 1870 de
1460 1796 1578 1870 Laude
1594 1807 1629 1870 et
1647 1799 1705 1869 alii

287 1943 409 1996 eorum
431 1923 534 1996 amici
561 1920 748 1994 aLambro
774 1923 934 2016 superius
950 1922 1161 2015 colloquium
1182 1923 1335 1992 lecerunt
1360 1922 1395 1991 iu
1421 1920 1561 1992 civitate
1578 1922 1707 1993 Verce-

286 2047 400 2119 larum
424 2067 502 2117 cum
527 2045 670 2118 dominc
698 2045 899 2117 marchione
923 2043 1144 2118 Montislerati
1167 2070 1174 2113 :
1198 2045 1234 2115 in
1258 2065 1329 2138 quo
1354 2045 1528 2138 colloquio
1554 2047 1708 2117 lecerunt

288 2177 324 2241 et
339 2169 589 2242 constituerunt
608 2189 726 2240 eorum
746 2169 964 2262 capitaneum
982 2177 1017 2240 et
1032 2169 1144 2240 tocius
1165 2168 1273 2263 partis
1299 2189 1416 2239 eorum
1436 2167 1566 2239 dictum
1593 2167 1707 2240 domi·

288 2313 375 2362 num
392 2291 627 2363 marchionem
644 2313 756 2384 usque
776 2291 820 2363 ad
837 2291 867 2361 V
884 2311 1011 2380 annos,
1030 2293 1230 2385 pollicentes
1246 2291 1313 2363 sihi
1334 2291 1417 2364 dare
1440 2292 1594 2386 quolibet
1617 2314 1709 2364 anno

287 2415 357 2487 XM
375 2415 465 2486 libra
484 2414 674 2510 imperialia
697 2423 732 2485 et
746 2415 901 2508 quolibet
925 2415 982 2486 die
1004 2435 1075 2506 quo
1097 2415 1227 2486 steterit
1254 2415 1291 2484 in
1313 2415 1467 2487 exercitu
1491 2437 1610 2487 eorum
1634 2438 1708 2488 ser·

288 2535 380 2608 vicio
397 2537 421 2607 C
440 2537 528 2608 libra
548 2535 727 2630 papiensta
749 2559 829 2607 cum
850 2537 927 2607 aliis
949 2539 1069 2630 pactis.
1092 2538 1134 2608 Et
1158 2539 1216 2609 die
1241 2537 1415 2610 deminico
1438 2539 1559 2611 ultimo
1583 2540 1711 2612 mensis

286 2659 365 2752 julii
383 2659 523 2731 intravit
542 2659 578 2730 iu
595 2659 772 2732 civitatem
791 2660 895 2754 Papie
910 2661 971 2730 uhi
989 2671 1147 2754 receptus
1166 2661 1229 2730 luit
1244 2660 1433 2734 honorifice
1457 2684 1537 2733 cum
1556 2663 1710 2736 maximo

289 2782 420 2855 honore
449 2797 483 2855 et
507 2783 650 2856 intravit
676 2784 711 2854 iu
739 2783 872 2877 palacio
898 2784 1092 2855 communis
1110 2784 1214 2876 Papie
1232 2785 1476 2878 capitaneriam
1503 2785 1601 2857 istius
1622 2787 1710 2859 olvi-

289 2905 379 2977 tatis.
400 2905 442 2976 Et
458 2905 516 2978 die
530 2907 624 2999 jovis
643 2907 701 2978 llll
724 2906 852 2977 mensis
871 2907 1010 2997 augusti
1030 2905 1193 2978 dominus
1211 2899 1414 2979 Guillelm'us
1437 2907 1482 2979 de
1502 2909 1601 2980 Petra
1623 2911 1711 2982 civis

289 3030 395 3125 Papie
411 3040 445 3103 et
461 3031 519 3102 alii
537 3031 661 3102 milites
676 3031 782 3126 Papie
803 3031 864 3123 qui
888 3039 985 3102 erant
1001 3040 1099 3102 extra
1119 3031 1258 3125 Papiam
1277 3032 1511 3104 veneruntad
1534 3033 1709 3106 civitatem

289 3154 398 3250 Papie
422 3155 457 3225 in
475 3163 573 3249 prato
593 3154 702 3226 Ticini
731 3163 911 3225 tractantes
929 3175 1049 3248 pacem
1074 3153 1164 3226 dicte
1188 3153 1337 3226 civitatis
1354 3177 1434 3225 cum
1451 3154 1592 3229 domino
1617 3179 1709 3230 mar·

290 3278 428 3368 chione,
451 3288 486 3350 et
512 3288 588 3372 post
607 3299 736 3373 paucos
751 3277 827 3350 dies
852 3277 897 3349 de
922 3299 1041 3350 meuse
1067 3277 1206 3370 augusti
1230 3297 1350 3348 omnes
1375 3279 1538 3349 carcerati
1563 3282 1708 3352 extracti

289 3411 372 3474 suut
391 3403 436 3474 de
457 3403 654 3475 carceribus
669 3413 704 3474 et
719 3413 800 3474 sunt
819 3403 853 3473 in
878 3425 1003 3496 magna
1026 3401 1222 3474 concordia.
1243 3403 1393 3474 Marchio
1407 3405 1628 3476 Montislerati
1651 3404 1709 3477 die

290 3525 465 3598 dominico
493 3525 552 3596 llll
582 3525 709 3596 mensis
740 3525 879 3618 augusti
907 3525 1048 3596 intravit
1077 3525 1253 3596 civitatem
1284 3524 1470 3597 Mediolani
1501 3537 1536 3597 et
1567 3529 1709 3601 intravit

290 3649 484 3722 dominium
504 3660 538 3722 et
557 3649 801 3744 capitanariam
819 3649 914 3720 illius
931 3649 1079 3721 civitatis
1098 3647 1142 3720 ad
1162 3658 1267 3720 totam
1287 3652 1624 3722 suamvoluntatem.

339 3775 390 3846 De
407 3795 526 3846 mense
543 3794 627 3845 vero
643 3773 721 3864 julli
746 3773 780 3844 iu
806 3771 874 3845 fine
893 3773 1021 3844 mensis
1042 3773 1275 3844 Bononienses
1299 3772 1543 3846 adcunccrdati
1570 3787 1651 3848 stunt
1674 3787 1709 3850 et

289 3917 410 3970 omnes
431 3897 616 3968 extrinseci
640 3897 855 3968 intraverunt
878 3907 912 3968 et
934 3907 1014 3967 sunt
1036 3897 1072 3966 in
1100 3896 1240 3968 civitate
1269 3896 1304 3966 in
1331 3896 1515 3970 cuncordia
1543 3921 1605 3994 per
1629 3921 1707 3972 sen·

288 4021 433 4093 tentiam
459 4020 590 4092 domini
614 4041 702 4115 pape
718 4020 753 4090 in
773 4041 844 4112 quo
867 4041 942 4092 sese
963 4019 1065 4090 ambe
1092 4029 1207 4113 partes
1234 4021 1558 4112 compromiserunt,
1577 4033 1612 4094 et
1638 4033 1709 4096 tcta

287 4145 466 4239 Remagua
496 4145 577 4216 data
604 4153 656 4214 est
685 4163 746 4238 per
773 4143 952 4216 dominum
981 4143 1167 4215 liudulfum
1197 4142 1342 4214 electum
1370 4145 1405 4214 iu
1434 4167 1551 4239 regem
1578 4149 1709 4221 Roma-

288 4289 413 4341 norum
428 4268 583 4340 Ecclesie
598 4269 762 4340 Romane.
776 4267 843 4352 Qui
856 4266 1017 4339 domiuus
1031 4289 1121 4361 papa
1138 4267 1253 4360 posuit
1269 4267 1305 4337 in
1317 4268 1493 4362 Romagua
1507 4279 1542 4342 et
1554 4271 1708 4346 Bononia

288 4413 399 4464 nuum
422 4413 525 4463 sunm
548 4401 707 4486 nepotem
731 4413 794 4486 pro
820 4388 963 4462 domino
983 4400 1017 4462 et
1042 4392 1165 4462 comite
1191 4391 1302 4462 tocius
1319 4391 1514 4486 Romagne,
1538 4405 1572 4466 ct
1589 4416 1708 4468 omnes

283 4517 491 4610 juraverunt
509 4514 586 4606 ejus
610 4523 771 4610 precepta
799 4523 835 4585 et
861 4513 1023 4586 Ecclesie.
1052 4515 1103 4586 De
1130 4536 1248 4586 meuse
1277 4536 1360 4587 vero
1389 4519 1528 4609 augusti
1556 4519 1708 4593 marchio

331 4777 374 4858 (a)
396 4777 442 4838 lhl
456 4777 603 4856 quaedam
617 4775 720 4838 deesse
736 4777 886 4838 uldentor.

1510 4897 1544 4947 tt
