4568 6064
773 703 814 762 tu
838 702 981 762 {Tatta
1007 700 1157 762 nusrts
1616 699 1680 760 311·

254 841 453 934 seguntiam
474 839 683 912 marchionis
703 838 926 912 Montislerati
946 837 1145 932 expelentes
1167 833 1335 906 vicarium
1354 834 1511 926 ejusdem
1528 835 1678 908 civitatis

255 973 291 1038 et
304 973 513 1059 acceperunt
529 974 696 1036 rectorem
714 983 776 1057 pro
793 960 934 1033 domino
952 963 1077 1053 legato.

305 1089 372 1160 Die
389 1089 482 1180 jovis
498 1088 639 1160 xxvttt
661 1085 791 1157 mensis
810 1085 909 1176 julii,
937 1085 1111 1156 Mantuani
1135 1082 1306 1155 dederunt
1332 1080 1507 1172 ondigium
1528 1081 1678 1154 domino

255 1209 409 1284 Guidoni
427 1211 473 1283 de
487 1209 641 1303 Corrigin
655 1231 775 1281 eorum
798 1208 957 1302 potestati
981 1217 1014 1278 (1
1032 1209 1142 1278 lactus
1165 1217 1217 1278 est
1234 1205 1397 1280 dominus
1421 1216 1539 1277 contra
1554 1207 1677 1278 Plena-

256 1356 374 1424 mous,
392 1343 426 1407 et
441 1354 558 1406 comes
573 1332 688 1404 Sancti
703 1331 879 1404 Bonelacii
893 1331 1072 1426 depositus
1097 1340 1149 1402 est
1168 1333 1213 1401 de
1229 1331 1383 1402 dominio
1399 1330 1560 1401 civitatis.

305 1459 356 1530 Da
370 1456 493 1529 endem
511 1478 629 1528 mense
647 1453 876 1526 Alexandrini
898 1476 977 1525 cum
999 1455 1130 1525 vicario
1151 1454 1243 1547 regis
1261 1453 1375 1524 Karoli
1399 1473 1460 1547 per
1482 1453 1553 1522 vim
1573 1475 1679 1547 cepe-

255 1590 337 1652 runt
353 1581 526 1652 civitatem
542 1579 656 1672 Aquic
673 1600 780 1672 quam
803 1578 942 1649 tenebat
965 1577 1119 1648 marchio
1139 1575 1363 1649 Montislerati
1381 1584 1416 1646 et
1436 1577 1544 1646 multa
1568 1586 1678 1649 castra

257 1703 478 1776 abstulerunt
493 1725 555 1797 per
574 1703 646 1774 vim
664 1702 729 1774 isto
751 1701 892 1774 domino
911 1701 1101 1774 marchioni
1117 1722 1197 1771 cnm
1216 1699 1346 1772 auxilio
1373 1699 1456 1770 dicti
1475 1699 1608 1770 vicarii.
1628 1703 1679 1772 De

255 1847 376 1898 mense
389 1847 473 1900 veru
489 1827 628 1919 augusti
645 1826 829 1920 Papienses
846 1825 1037 1896 exercitum
1056 1827 1208 1896 lecerunt
1221 1847 1326 1918 super
1342 1824 1538 1896 Valentinos
1553 1823 1678 1896 devas-

255 1959 367 2022 tantes
381 1951 494 2046 ipsns,
517 1949 561 2024 ad
577 1971 682 2044 quem
701 1949 892 2022 exercitum
910 1949 973 2020 ivit
994 1948 1156 2021 dominus
1171 1971 1285 2020 comes
1300 1949 1486 2020 Ubertinus
1501 1950 1546 2023 de
1559 1951 1677 2024 Laudo

255 2095 336 2146 cum
353 2075 379 2144 L
394 2073 562 2144 militibus
578 2073 684 2166 partis
699 2094 762 2144 sue
774 2071 836 2166 qui
852 2081 949 2144 erant
963 2072 997 2142 in
1019 2073 1241 2144 Zaratarelln.

307 2197 370 2269 Die
391 2197 473 2270 lune
493 2198 602 2268 XXVI
631 2197 836 2292 septembris
863 2195 1065 2268 Manlredus
1090 2197 1279 2290 Malaspina
1305 2205 1339 2267 et
1366 2197 1487 2267 iratres
1511 2207 1680 2291 ceperunt

255 2331 357 2394 caute
388 2321 568 2394 dominum
596 2319 777 2393 Albartum
806 2309 1037 2392 marchionem
1069 2320 1295 2415 Malaspinam
1323 2329 1357 2392 et
1386 2321 1500 2414 ipsum
1538 2334 1677 2416 captum

256 2442 436 2515 duxerunt
452 2444 487 2514 in
507 2454 657 2516 castrum
675 2443 826 2516 lllulanii.
845 2445 895 2514 De
920 2464 1039 2514 mense
1062 2443 1258 2514 novembris
1278 2443 1390 2514 exivit
1415 2441 1470 2514 dc·
1482 2445 1679 2515 carceribus

255 2565 389 2639 auxilio
403 2565 523 2638 vicarii
544 2566 636 2658 regis
650 2567 765 2637 Karoli
780 2565 841 2658 qui
856 2573 929 2636 erat
948 2565 984 2635 in
1001 2565 1209 2638 Nudexana.
1232 2567 1282 2638 De
1299 2587 1417 2638 manse
1431 2589 1514 2638 vern
1528 2567 1678 2638 octubris

253 2699 330 2762 orta
340 2687 515 2760 discordia
527 2689 620 2760 intus
632 2699 764 2783 partem
775 2687 1006 2760 extrinsecam
1021 2689 1150 2778 Brixia,
1165 2691 1232 2760 sub
1245 2699 1404 2784 pretextu
1418 2691 1512 2784 pacis
1523 2693 1678 2763 volantes

254 2811 385 2906 gedera
401 2813 494 2884 bnna
511 2833 575 2884 sua
591 2813 733 2884 iverunt
750 2811 795 2882 ad
809 2823 971 2906 precepta
991 2811 1123 2883 domini
1140 2813 1242 2905 legati
1261 2823 1296 2884 et
1310 2813 1442 2886 domini
1457 2815 1548 2907 regis
1562 2815 1678 2886 Karoli

254 2945 289 3008 (1
309 2935 518 3032 pepigerunt
533 2957 614 3007 cum
631 2935 698 3006 illis
712 2933 757 3007 de
781 2935 933 3024 civitate,
953 2945 987 3006 et
1003 2936 1115 3008 soluto
1137 2935 1239 3008 tendo
1258 2935 1389 3008 domini
1409 2937 1602 3010 Francischi
1616 2939 1676 3032 qui

253 3061 415 3133 extiterat
431 3069 580 3154 potestas
597 3059 728 3150 Brixia,
746 3060 932 3154 partim'ex
950 3059 1033 3154 ipsis
1050 3059 1180 3131 scilicet
1193 3061 1279 3131 viles
1291 3059 1448 3132 homines
1465 3060 1678 3132 intraverunt

254 3184 290 3254 in
308 3183 484 3256 civitatem
499 3194 535 3256 et
552 3184 677 3278 partim
693 3193 791 3256 extra
814 3191 982 3256 steterunt
997 3193 1031 3254 et
1050 3183 1171 3277 positis
1192 3185 1412 3277 magnatibus
1430 3187 1464 3254 in
1483 3185 1678 3257 confinibus

253 3315 354 3377 extra
369 3306 560 3379 districtum
573 3306 820 3378 Brixienmnia
832 3317 942 3378 castra
958 3315 992 3378 et
1006 3307 1182 3378 tortilicias
1196 3307 1367 3380 dederunt
1381 3309 1417 3379 in
1430 3309 1529 3380 sortia
1540 3309 1676 3381 illorum

255 3427 457 3501 decivitate
480 3430 542 3523 qui
569 3430 720 3524 illaque
749 3431 934 3501 voluerunt
959 3429 1223 3521 destruxerunt,
1248 3441 1283 3504 et
1305 3433 1355 3504 sic
1380 3455 1460 3527 pars
1483 3433 1676 3504 extrinseca

257 3553 396 3649 penitus
412 3553 551 3625 devicta
565 3563 616 3625 est
630 3563 665 3624 et
678 3553 725 3623 illi
742 3553 788 3626 de
801 3553 941 3626 civitate
954 3555 989 3624 in
1006 3551 1073 3651 [ca]
1091 3555 1219 3627 habent
1234 3555 1438 3628 dominium.

308 3677 371 3748 Die
390 3677 527 3750 veneris
544 3679 577 3750 X
594 3677 757 3749 februarii
771 3677 890 3749 audita
907 3688 988 3748 sunt
1004 3677 1154 3749 tonitrua
1174 3679 1209 3748 in
1225 3679 1321 3752 orbe.

307 3800 358 3872 De
374 3801 498 3874 endem
514 3822 632 3874 mense
649 3801 808 3895 apparuit
828 3801 925 3874 stella
950 3801 986 3871 in
1012 3801 1191 3872 occidente
1214 3802 1359 3874 caudata
1384 3826 1453 3896 que
1473 3806 1676 3898 permultos

259 3923 335 3996 dies
350 3925 522 4020 apparuit.
541 3926 592 3998 Do
607 3925 730 3998 endem
748 3946 868 3996 mense
891 3924 1023 3996 domini
1042 3923 1201 3996 albertus
1218 3925 1263 3998 de
1279 3927 1388 3999 Flisco
1402 3938 1436 3998 ct
1451 3929 1676 4002 Nichnlaxius

256 4047 302 4121 de
315 4049 427 4121 Fliscn
443 4050 601 4140 comites,
621 4059 655 4121 (1
671 4048 837 4120 Grimeldi
859 4047 1018 4120 lorbaniti
1034 4049 1144 4120 1(οωί
1167 4071 1229 4120 sua
1252 4061 1362 4122 castra
1384 4061 1418 4122 (1
1438 4050 1595 4126 homiues
1611 4057 1682 4128 de·.

255 4193 378 4244 versus
402 4173 567 4244 orientem
592 4173 835 4244 rebeluverunt
859 4171 1034 4242 communi
1057 4173 1166 4244 lanua
1190 4182 1224 4245 (1
1246 4172 1365 4245 habito
1389 4176 1520 4246 auxilio
1546 4200 1567 4250 a
1594 4201 1675 4271 rege

254 4293 380 4364 Karnln
391 4293 605 4366 intraverunt
620 4296 792 4366 interram
811 4295 920 4366 Janue
934 4315 1013 4366 cum
1026 4295 1192 4366 militibus
1207 4297 1289 4370 dicti
1305 4297 1408 4390 regis.
1427 4299 1567 4393 Propter
1579 4304 1675 4394 quod

253 4416 444 4486 laudenses
464 4415 654 4488 adsoldatis
678 4417 844 4488 militibus
866 4419 872 4502 Ι
894 4417 998 4512 Ρ(ρ1(
1018 4427 1052 4490 (1
1070 4419 1275 4492 lombardie
1296 4429 1330 4492 et
1357 4421 1534 4516 peditibus
1553 4446 1675 4499 versus
1705 4451 1870 4496 aarum.

255 4537 429 4632 predictos
445 4538 613 4612 hostiliter
627 4561 706 4610 cum
734 4539 873 4612 marcha
892 4542 1003 4613 1(οωί
1024 4551 1155 4614 etcum
1180 4543 1364 4617 medietate
1384 4547 1503 4642 populi
1527 4523 1676 4624 civitatis

254 4662 365 4734 1(οωί
381 4661 518 4733 iverunt
535 4671 570 4736 (1
593 4671 889 4757 recuperaverunt
907 4665 1023 4736 omnia
1040 4677 1150 4738 castre
1173 4669 1365 4740 communis
1383 4669 1493 4742 1(οωί
1516 4683 1550 4744 (1
1575 4695 1675 4767 cepa-

254 4795 338 4856 runt
355 4785 513 4880 Spassam
535 4795 569 4858 et
593 4787 802 4881 Brugnatam
819 4793 854 4858 et
875 4787 1040 4860 Sanctum
1064 4791 1275 4865 Salvatnrem
1295 4805 1330 4865 ct
1349 4795 1455 4868 multa
1477 4796 1545 4868 alia
1565 4808 1675 4871 castra
