4534 6074
667 642 912 704 CllllollllCON
935 643 1238 706 Pnacullrluull.
1620 639 1661 700 97

246 779 342 850 terim
379 777 535 851 marchio
567 775 613 850 ad
646 777 794 851 Clavasii
829 773 970 874 partes}
992 777 1181 868 accedenS,
1225 775 1371 851 credens
1401 775 1544 848 firmiter
1578 795 1659 846 suc·
1686 780 1869 826 ²⁰¹·102vm·

246 923 386 972 cursum
409 901 538 974 babere
556 901 701 990 debere,
721 923 784 996 per
802 901 941 974 nuntios
962 922 1045 974 suos
1069 922 1158 995 quos
1181 901 1217 972 iu
1242 901 1318 996 ipso
1343 900 1418 970 looo
1442 905 1545 969 nocte
1573 895 1661 967 mit-

246 1023 339 1096 tebat
370 1023 421 1096 eis
450 1022 681 1116 significando
706 1025 878 1095 auxilium
904 1023 1048 1116 quidem
1076 1033 1111 1096 et
1133 1047 1334 1097 succursum
1362 1045 1382 1094 a
1410 1020 1658 1115 Papicnsibus,

246 1147 551 1234 Cremonensibus,
572 1147 837 1238 Parmensibus,
856 1155 891 1218 et
904 1145 1181 1219 Terdonensibus
1198 1155 1232 1218 et
1245 1147 1290 1217 ab
1305 1167 1424 1217 eorum
1439 1143 1659 1236 aequalibus,

245 1271 402 1343 similiter
424 1293 445 1342 a
462 1271 661 1360 comitibus,
675 1269 944 1359 marchionibus,
959 1269 1164 1342 Asteusibus
1182 1279 1217 1340 et
1234 1269 1309 1340 aliis
1328 1269 1412 1340 viris
1433 1265 1662 1363 prudentibus

246 1395 422 1468 nobilibus
434 1394 557 1466 amicis
569 1392 732 1467 fidelibus
746 1395 818 1466 suis
832 1395 966 1466 illarum
981 1395 1129 1489 partium
1143 1394 1178 1466 in
1195 1395 1342 1490 presenti
1356 1395 1428 1466 lore
1441 1391 1659 1479 habiturum3

246 1518 408 1590 instando
429 1527 464 1588 et
483 1538 543 1588 eos
564 1516 798 1590 attentissimis
820 1517 979 1611 precibus
998 1518 1192 1591 amonendo
1216 1539 1278 1612 per
1300 1517 1438 1588 nuntios
1457 1524 1492 1586 et
1507 1514 1663 1608 rogando

246 1651 285 1712 ut
303 1643 417 1713 locum
434 1640 582 1713 Clarasii
596 1639 642 1712 ad
659 1641 734 1732 ejus
748 1639 914 1713 honorem
931 1651 967 1712 et
982 1642 1160 1714 civitatum
1173 1641 1278 1735 Papio
1295 1649 1329 1710 et
1346 1639 1512 1712 Cremone
1526 1649 1561 1710 et
1576 1637 1663 1710 ami·

245 1785 367 1836 corum
385 1766 461 1856 ejus
477 1763 619 1836 firmiter
637 1774 673 1836 et
694 1763 875 1847 securiter,
902 1763 1010 1834 veluti
1029 1761 1261 1857 usquemodo
1283 1766 1454 1852 fecerant,
1478 1761 1665 1835 defendere

246 1897 282 1960 ct
300 1897 526 1960 manutenere
540 1885 709 1978 debeant,
735 1885 839 1958 tidem
855 1907 996 1980 quoque
1014 1896 1049 1958 et
1058 1888 1252 1977 juramenta
1267 1907 1388 1958 eorum
1405 1885 1501 1956 illesa
1522 1906 1665 1958 conser-

247 2033 345 2084 vare.
366 2010 430 2082 Die
452 2009 587 2082 sabbati
605 2009 699 2082 Xllll
724 2008 888 2082 kalendas
906 2009 1045 2102 augusti
1063 2008 1116 2104 (l)
1131 2009 1256 2082 milites
1278 2007 1510 2104 expeditionis
1532 2008 1664 2082 Padum

246 2143 466 2208 transeuntes
478 2136 554 2206 looa
568 2143 603 2205 et
613 2135 714 2206 villas
729 2129 937 2206 marchionis
951 2133 1197 2206 destruxerunt
1209 2141 1244 2205 et
1254 2133 1511 2224 eombuserunt,
1526 2132 1666 2205 arbores

246 2261 352 2332 etiam
366 2267 401 2330 et
410 2258 532 2330 vineas
543 2267 577 2330 et
589 2258 674 2330 alias
687 2278 743 2330 res
757 2257 955 2352 depopulati
968 2257 1120 2346 luerunt,
1134 2265 1282 2330 castrum
1293 2256 1339 2328 de
1350 2255 1476 2328 annlo
1488 2276 1667 2350 expugna·

245 2393 389 2454 verunt.
407 2380 477 2453 Sed
488 2402 568 2452 cum
581 2379 752 2452 vidissent
765 2377 861 2472 quod
878 2401 946 2450 non
961 2389 1035 2452 erat
1049 2401 1138 2474 opus
1154 2379 1262 2452 unius
1278 2377 1362 2470 diei,
1376 2387 1515 2473 propter
1532 2388 1666 2451 noctem

246 2507 585 2596 appropinquantem
604 2500 649 2574 ad
665 2511 776 2573 castra
792 2501 979 2574 redierunt.
998 2503 1116 2574 Altera
1138 2511 1254 2576 antem
1274 2503 1332 2575 die
1350 2523 1487 2574 summo
1512 2502 1666 2576 diluculo

245 2624 446 2718 equitantes
473 2625 561 2698 circa
587 2625 672 2697 illud
702 2634 850 2698 castrum
879 2625 1193 2716 circumsederunt,
1224 2624 1311 2697 illud
1337 2625 1494 2718 undique
1523 2625 1669 2698 viriliter

245 2757 511 2840 expugnantem
531 2749 627 2841 quod
644 2759 793 2822 castrum
814 2771 939 2839 magne
964 2749 1000 2821 vi
1017 2759 1201 2844 ceperunt,
1221 2748 1257 2820 in
1276 2769 1346 2842 quo
1364 2747 1561 2822 babuerunt
1576 2749 1668 2820 circe
1768 2777 1773 2788 ·

246 2869 491 2960 nilominus,
512 2870 609 2964 quod
621 2881 769 2944 castrum
785 2875 924 2968 penitus
936 2874 1117 2946 diruerunt
1129 2881 1163 2944 et
1174 2871 1449 2944 combusserunt.
1465 2872 1595 2944 Rursus
1610 2871 1668 2944 die

246 2993 414 3066 mercurii
432 2993 523 3065 vllll
538 2993 704 3066 lralendas
716 2997 853 3089 angusti
868 2995 921 3092 (2)
936 2997 971 3068 in
986 3007 1110 3070 terram
1126 2995 1331 3069 marchionis
1348 2995 1555 3089 equitantes,
1569 2995 1668 3069 villas

248 3119 286 3182 et
300 3116 376 3182 loca
397 3117 507 3186 multa
533 3129 715 3208 ceperunt,
739 3118 987 3194 destruxerunt
1007 3131 1042 3192 et
1059 3120 1333 3194 combusserunt.
1353 3119 1508 3192 Castrum
1525 3121 1668 3214 quidem

249 3231 495 3306 deCastellino
511 3235 606 3309 etde
623 3237 727 3310 Hoste
748 3247 783 3310 et
801 3241 915 3312 locum
934 3242 980 3314 de
993 3243 1129 3314 Cenalle
1144 3252 1179 3312 et
1195 3245 1302 3315 multa
1317 3243 1384 3315 alia
1401 3245 1475 3316 lora
1493 3245 1667 3316 communi

248 3355 439 3430 Mediolani
458 3381 496 3432 se
512 3359 752 3434 reddiderunt.
763 3362 896 3434 flabilis
908 3363 1106 3456 obsidibus,
1124 3365 1345 3438 sacramentis
1359 3385 1478 3438 eorum
1496 3367 1664 3462 receptis,

250 3479 288 3552 in
318 3483 531 3576 protectione
559 3486 753 3558 eommunis
776 3485 963 3560 Mediolani
990 3489 1065 3582 ipsa
1094 3497 1313 3582 receperunt,
1343 3490 1474 3562 nullam
1502 3491 1666 3562 lesionem

250 3614 371 3698 postea
386 3605 438 3678 eis
458 3607 635 3680 iacientes.
660 3611 832 3682 Steterunt
854 3631 1006 3704 namque
1022 3611 1294 3684 Mediolanenses
1315 3624 1485 3686 eteorum
1503 3635 1669 3708 sequaoes

250 3726 288 3798 iu
307 3728 383 3822 ipsa
407 3729 589 3804 obsidione
605 3755 627 3805 a
644 3731 704 3806 die
722 3734 840 3806 martis
863 3757 933 3830 que
950 3735 1017 3810 luit
1033 3737 1077 3808 vl
1092 3735 1257 3808 kalendas
1277 3735 1388 3828 junii,
1413 3758 1484 3831 quo
1503 3736 1562 3808 die
1577 3739 1668 3812 circa

250 3849 369 3924 locum
387 3852 434 3925 de
451 3854 609 3928 Clevasio
637 3856 951 3951 circumsederunt,
977 3881 1090 3954 usque
1113 3860 1160 3934 ad
1180 3859 1273 3932 diem
1289 3860 1372 3933 lune
1388 3861 1450 3954 qui
1476 3861 1541 3934 fuit
1561 3863 1668 3956 quin-

252 3972 412 4048 decimus
442 3979 570 4050 mensis
595 3981 818 4076 septembris,
845 3993 962 4057 eontra
986 3984 1197 4056 voluntatem
1223 3985 1431 4058 marchionis
1457 3985 1503 4058 dc
1528 3986 1667 4060 Monte-

252 4100 361 4170 lerato
382 4109 417 4172 et
439 4121 559 4174 eorum
586 4103 743 4176 omnium
769 4105 830 4199 qui
849 4107 1061 4199 adjutorium
1084 4116 1119 4178 et
1144 4127 1347 4180 succursum
1373 4107 1405 4180 ei
1425 4108 1509 4182 dare
1535 4112 1669 4204 promi-

252 4230 385 4293 serunt.
407 4223 447 4294 ln
468 4225 570 4316 cuius
594 4227 696 4298 castri
717 4227 899 4302 obsidione
917 4239 986 4302 lam
1005 4230 1070 4302 luit
1090 4231 1192 4324 longa
1209 4251 1326 4324 mora,
1349 4231 1432 4324 quia
1456 4243 1490 4306 et
1510 4235 1612 4306 amici
1633 4247 1668 4308 et

254 4342 375 4418 fideles
390 4355 424 4417 et
440 4347 626 4443 propinqui
643 4351 848 4425 marchionis
862 4351 988 4425 babere
1001 4355 1132 4425 nullam
1146 4364 1290 4450 possunt
1305 4353 1538 4429 defensionem
1554 4379 1668 4452 neque

257 4526 272 4536 n
279 4527 435 4539 --ussv-——u
615 4533 1011 4552 Ἣ

291 4623 327 4698 (l)
346 4626 502 4687 Lemmedi
517 4633 551 4688 ts
562 4632 658 4704 juillet.
885 4691 889 4708 ,

292 4719 329 4796 (2)
348 4723 386 4780 Le
399 4727 416 4780 9
429 4725 479 4785 des
490 4727 620 4787 kalendes
633 4730 683 4802 (at
691 4731 793 4806 juillet)
806 4732 871 4790 tuit
880 4733 1010 4806 uniendi.
