4594 6066
873 559 916 622 ΙΝ
943 558 1085 621 tracta
1109 556 1261 620 GESTlS.
1712 553 1770 616 lea

357 691 652 767 Alexandrienses
664 700 700 766 et
711 692 768 770 alii
783 692 831 791 (a)
840 704 926 792 aput
935 692 1088 768 Laudem
1099 692 1241 786 llagiam
1257 689 1542 788 fixistemptoriis
1553 690 1765 762 resistebant.

357 819 541 915 Propterea
557 817 734 910 Paduani,
755 817 944 912 Vicentiui,
965 815 1174 908 Tervexaui,
1195 833 1310 888 comes
1331 813 1446 888 Sancti
1468 812 1656 899 Bouelaoii,
1679 833 1770 884 mar·

359 940 440 1016 cbio
454 942 501 1016 de
512 941 574 1014 Est
589 945 669 1014 cuni
681 941 872 1034 venaticis,
894 941 962 1014 illis
980 940 1025 1014 de
1042 939 1152 1012 Feltro
1169 947 1204 1012 et
1222 937 1386 1012 Citadella
1404 946 1439 1011 et
1455 937 1531 1009 aliis
1545 945 1693 1010 castrum
1709 937 1773 1008 lli-

359 1065 453 1160 palt'e
464 1063 835 1138 Veronaobsedebaut.
848 1059 1773 1160 Undeimperatorvolansjuvaminaprestarellzolino

361 1208 483 1263 mansa
502 1188 705 1262 novembris
725 1188 877 1283 proximi
896 1187 1047 1286 quadam
1071 1187 1131 1261 die
1148 1187 1237 1260 circa
1256 1206 1419 1282 vesperas
1438 1194 1553 1256 motus
1571 1207 1592 1256 a
1609 1183 1774 1256 Cremona

362 1332 444 1384 cum
461 1311 618 1384 exercitu
632 1312 802 1385 Veronam
824 1313 1020 1408 properavit
1032 1320 1067 1384 et
1084 1333 1163 1384 cum
1181 1309 1322 1384 Ysolino
1336 1309 1440 1410 juxta
1456 1307 1648 1380 exercitum
1662 1307 1775 1380 inimi·

363 1455 483 1508 corum
497 1456 564 1508 aua
577 1443 688 1508 castra
701 1436 829 1530 posuit.
842 1435 1072 1528 intelligentes
1084 1431 1240 1508 Paduaui
1257 1442 1291 1506 et
1305 1431 1408 1506 ceteri
1422 1431 1660 1527 imperatorem
1672 1431 1777 1506 advo·

363 1557 473 1648 nisse,
500 1558 616 1630 statim
630 1558 733 1630 motis
748 1579 868 1632 eorum
893 1558 1081 1654 temptoriis
1105 1557 1152 1631 ad
1170 1556 1307 1653 propria
1323 1563 1489 1652 oeperunt
1503 1575 1669 1628 remeare.
1686 1555 1776 1628 Dum

362 1689 480 1756 autem
497 1683 549 1756 sio
568 1681 779 1776 recederent,
799 1683 964 1756 Yuolinus
981 1682 1146 1776 cogitavit
1160 1681 1335 1754 civitatem
1350 1679 1497 1758 vicentii
1522 1699 1644 1774 capere
1659 1701 1773 1776 possa.

363 1805 577 1879 Festinanter
594 1829 675 1879 cum
691 1807 765 1880 suis
782 1805 950 1878 militibus
966 1805 1126 1900 equitans
1144 1805 1320 1877 civitatem
1339 1803 1486 1876 vicentii
1503 1803 1662 1894 intravit,
1683 1814 1779 1876 ante·

363 1949 470 2023 quarn
493 1927 543 2024 (lt)
568 1929 729 2002 oondves
749 1928 796 2002 ad
820 1930 931 2026 ipsam
960 1927 1163 2001 assederant
1190 1927 1363 2001 civitatem
1387 1922 1448 2026 [et]
1472 1927 1588 2021 iguem
1613 1947 1779 2022 maguum

364 2053 400 2124 iu
415 2053 527 2148 ipsam
543 2053 718 2126 civitatem
738 2053 912 2150 apposuit.
931 2052 1182 2146 cognoscentes
1201 2071 1286 2124 vero
1309 2049 1480 2123 vicentini
1500 2073 1521 2123 a
1541 2051 1643 2144 longe
1658 2071 1778 2123 eorum

366 2173 541 2248 civitatem
561 2183 697 2270 captam
719 2175 809 2267 iore,
834 2183 946 2248 terore
969 2169 1096 2268 magno
1120 2173 1287 2269 perterriti
1313 2171 1359 2246 ad
1386 2173 1469 2246 alias
1495 2185 1611 2269 partes
1631 2171 1781 2246 diverte·

365 2304 459 2368 runt.
484 2296 616 2370 Eodem
644 2318 763 2371 mensa
793 2298 993 2371 novembris
1012 2297 1252 2392 Saliecguerra
1275 2319 1355 2370 oum
1376 2295 1650 2370 Ferrarionsibus
1668 2297 1783 2392 paruit

366 2419 540 2494 mandatis
555 2419 782 2514 imperatoris.
802 2421 964 2494 Similiter
980 2421 1129 2495 Gheoius
1148 2419 1194 2494 de
1216 2420 1358 2494 Camino
1382 2443 1461 2493 cum
1480 2420 1557 2494 aliia
1580 2419 1625 2493 da
1642 2420 1782 2494 Camino

366 2555 486 2616 eorum
508 2553 620 2618 castra
641 2545 838 2640 imperatori
861 2543 1048 2634 dederunt,
1067 2544 1303 2640 episcopatum
1325 2543 1471 2615 Trivixii
1494 2564 1605 2638 usque
1628 2543 1673 2616 ad
1697 2544 1782 2616 civi·

366 2675 472 2740 tatem
489 2665 723 2740 devastantes.
750 2667 788 2740 ln
806 2667 968 2764 proximo
987 2687 1106 2740 mensa
1129 2665 1323 2740 decembris
1350 2667 1534 2762 imperator
1555 2688 1635 2738 cum
1661 2667 1782 2760 majori

366 2799 463 2886 parta
480 2790 654 2864 exercitus
677 2789 733 2864 sui
756 2791 792 2864 in
818 2789 1023 2864 Alaminiam
1048 2790 1245 2886 properavit
1263 2791 1307 2888 (c)
1330 2799 1471 2886 propter
1494 2789 1619 2864 ducem
1645 2788 1784 2864 Austris

367 2912 428 3006 qui
456 2913 490 2984 ei
505 2911 555 3009 (d)
577 2913 776 2986 rebellabat.
802 2913 866 2986 Die
886 2913 1049 2986 mercurii
1072 2913 1161 2986 Vllll
1188 2913 1354 2987 kalendas
1377 2913 1528 3007 januarii
1549 2913 1720 3009 proximi,
1746 2915 1783 2986 iu

369 3044 469 3110 nocte
487 3037 610 3108 natalis
626 3036 784 3130 Domini,
804 3037 982 3110 Mantuani
1003 3037 1218 3110 intraverunt
1240 3037 1466 3110 Marchariam
1482 3047 1717 3134 ceperuntque
1733 3037 1782 3111 ibi

369 3157 443 3231 CCC
460 3157 595 3254 pedites
611 3157 776 3232 Cremona
799 3159 915 3254 quiin
931 3181 974 3232 aa
995 3181 1100 3232 causa
1116 3157 1274 3234 custodie
1290 3168 1399 3232 erant.
1421 3161 1459 3232 lu
1482 3159 1642 3256 proximo
1665 3183 1783 3235 meuse

368 3281 533 3379 februarii
558 3301 673 3354 comes
698 3281 902 3356 Gaboardus
927 3291 962 3356 et
989 3283 1154 3358 Yzoliuus
1191 3291 1357 3378 oeperunt
1389 3283 1478 3357 circa
1505 3284 1629 3356 LXXX
1656 3285 1782 3359 milites

368 3405 497 3480 Podue.
524 3403 648 3479 Statim
667 3404 822 3480 Paduani
846 3406 987 3482 domino
1003 3408 1199 3504 imperatori
1223 3405 1429 3480 obedierunt
1453 3415 1487 3480 ot
1512 3407 1664 3481 marchio
1688 3407 1782 3482 simi·

366 3533 445 3604 liter
468 3529 514 3604 de
533 3531 593 3602 list
617 3531 693 3624 ejus
717 3530 888 3604 mandatis
909 3531 1036 3626 paruit.
1060 3532 1098 3604 lu
1121 3529 1282 3627 proximo
1300 3552 1418 3604 mense
1434 3529 1576 3620 marcii,
1596 3531 1781 3606 Trivexani

367 3653 540 3728 mandatis
562 3652 695 3726 domini
721 3653 937 3750 imperatoria
963 3664 1165 3752 paruerunt.
1188 3654 1352 3728 Similiter
1373 3656 1618 3750 Pergamenses
1642 3677 1781 3752 recepe·

367 3787 449 3850 runt
464 3785 667 3872 potestatem
688 3799 750 3873 per
767 3777 1020 3874 imperatorem.
1181 3767 1182 3772 ‘

416 3903 463 3975 Μ.
475 3902 537 3974 CC.
550 3901 720 3988 XXXVll,
740 3900 925 3975 indictione
937 3901 983 3994 X,
998 3901 1044 3975 de
1062 3900 1108 3998 (a)
1123 3922 1240 3974 mensa
1257 3901 1346 3995 J'unii
1366 3899 1529 3976 domiuus
1546 3923 1637 3998 papa
1653 3900 1781 3998 Grego-

366 4025 440 4098 rius
464 4025 500 4096 in
525 4023 767 4114 lombardiam
795 4023 883 4098 duos
912 4025 1103 4100 cardinales
1131 4047 1194 4122 pro
1217 4045 1302 4122 paca
1332 4025 1572 4123 componenda
1594 4025 1782 4102 destinarit

407 4240 451 4320 (a)
472 4243 509 4302 In
523 4239 623 4302 codlca
636 4237 716 4300 aliia.

409 4343 450 4426 (l)
472 4347 508 4406 ln
523 4346 625 4408 eodloa
633 4351 803 4427 postquam.

409 4452 448 4532 (a)
473 4455 509 4514 ln
522 4453 624 4514 codlea
635 4452 816 4532 preparavit

409 4555 452 4637 (d)
473 4560 509 4620 ln
522 4559 623 4620 codice
635 4559 686 4619 cir.

408 4665 447 4745 (a)
475 4667 512 4728 lu
526 4667 628 4729 oodlca
641 4665 699 4729 dte.
