4594 6066
770 681 811 740 ru
836 681 975 742 rreum
999 681 1152 744 ousrrs.
1430 656 1438 668 '
1608 683 1668 748 arr

255 817 336 890 date
356 809 543 890 osiditione
563 837 643 886 cum
669 814 830 888 tribucho
847 817 958 912 ipsam
977 818 1068 913 cepit
1088 827 1123 891 et
1144 817 1332 908 destruxit,
1356 814 1493 890 elidetis
1517 818 1671 910 personis

254 961 326 1034 que
339 940 433 1010 intus
450 947 549 1012 erant
565 938 602 1011 in
616 938 786 1011 custodia.

304 1064 438 1136 Deinde
450 1085 531 1136 cum
548 1071 618 1135 toto
636 1063 794 1135 exercitu
812 1061 876 1133 ivit
898 1062 945 1136 ad
965 1065 1080 1138 locum
1099 1064 1270 1138 Mezanini
1286 1072 1321 1136 et
1337 1060 1532 1137 devastavit
1555 1061 1670 1156 ipsum

254 1185 413 1279 undique
433 1195 468 1258 et
486 1185 555 1258 alie
571 1186 680 1259 multa
695 1186 785 1260 loca.

304 1309 438 1382 interea
455 1307 614 1381 Giraldus
631 1310 676 1382 de
693 1311 829 1384 Turanc
854 1317 1023 1383 mercator
1049 1309 1137 1380 civis
1150 1307 1324 1382 Placentia
1344 1307 1406 1402 qui
1429 1308 1478 1402 (a)
1493 1309 1672 1384 cceoione

255 1432 775 1526 cujusdammutuilllibrarum
787 1433 854 1506 eibi
872 1434 1024 1528 impositi
1042 1435 1223 1508 occasione
1235 1431 1382 1530 predicti
1396 1432 1570 1506 exercitus
1586 1452 1673 1504 cunr

255 1565 310 1630 tra
325 1577 425 1629 auam
440 1555 676 1648 voluntatem,
695 1565 857 1628 tratatnm
880 1556 991 1652 primo
1009 1555 1132 1628 habuit
1149 1577 1230 1628 cum
1247 1553 1463 1626 Leuiraucho
1481 1553 1526 1627 de
1542 1552 1672 1627 Audito

255 1699 377 1754 socero
401 1698 485 1768 suo,
511 1679 640 1752 deiude
665 1699 744 1750 cum
771 1679 957 1772 Flumeugo
984 1678 1029 1752 de
1056 1677 1184 1752 Audito
1213 1687 1249 1750 et
1273 1678 1396 1750 Vileno
1421 1685 1456 1750 et
1480 1675 1604 1750 Rufino
1629 1676 1674 1749 de

256 1801 385 1874 Audito
401 1808 436 1872 et
453 1800 574 1873 Guelio
586 1800 765 1874 deAndito
779 1809 814 1874 ct
828 1801 969 1874 Albrico
985 1801 1031 1874 de
1047 1800 1198 1894 Grivego
1211 1808 1246 1873 ct
1257 1799 1426 1873 Gendelic
1441 1798 1485 1873 de
1498 1799 1626 1872 Audito
1640 1808 1674 1874 et

254 1923 439 1996 Nichelino
450 1921 494 1995 de
503 1920 633 1994 Audito
643 1932 678 1994 et
691 1943 772 1994 oum
788 1925 1011 1996 Beruvouonc
1021 1922 1269 2019 (t)Angoxole‚
1282 1921 1437 1998 Iohanne
1449 1920 1674 2016 ctRayualdo

257 2046 304 2120 de
316 2046 427 2118 Sectis
442 2054 478 2117 et
500 2067 581 2118 cum
598 2045 725 2118 Uberto
750 2043 795 2118 de
816 2046 993 2139 Niquitete
1009 2054 1177 2140 potestate
1195 2045 1313 2140 populi
1334 2055 1368 2116 et
1385 2043 1532 2116 Ricardo
1554 2045 1674 2121 Rubeo

255 2178 292 2242 et
315 2167 395 2240 filiis
409 2167 579 2242 Dendacii
598 2167 644 2241 de
659 2167 782 2240 Amico
807 2177 842 2240 et
862 2169 989 2260 Alegrc
1014 2167 1060 2238 de
1085 2167 1281 2260 Magnentio
1302 2175 1337 2244 et
1362 2167 1438 2240 eliis
1453 2166 1617 2260 pluribus,
1630 2164 1675 2238 de

254 2290 443 2384 lllaguanio
463 2289 508 2364 de
525 2299 623 2384 parte
639 2289 795 2384 predicta
814 2297 950 2362 etcum
969 2287 1107 2365 Alberto
1121 2289 1166 2362 de
1188 2291 1340 2362 Fouona
1357 2299 1392 2362 'ct
1413 2289 1593 2380 fratribus,
1612 2289 1674 2383 qui

255 2411 419 2485 tilbertus
433 2420 508 2485 erut
524 2419 675 2508 potestas
686 2412 805 2507 Pepie.
816 2411 859 2482 Et
871 2411 933 2484 ubi
950 2409 1061 2482 ditum
1075 2419 1237 2483 tratetum
1249 2412 1415 2497 fecerent,
1430 2409 1488 2484 die
1500 2418 1628 2484 statuto
1641 2417 1676 2482 ct

257 2535 417 2610 ordinato
441 2536 598 2609 iecerunt
620 2533 740 2608 venire
765 2533 946 2608 Albcrtum
967 2532 1011 2606 de
1039 2533 1192 2606 Fontana
1213 2533 1258 2606 de
1280 2533 1355 2627 ipsc
1378 2533 1546 2626 regimine
1570 2532 1675 2628 Pepie

256 2667 375 2732 contm
400 2659 615 2731 voluntatem
630 2657 839 2730 marchionis
856 2656 918 2748 qui
936 2655 1049 2748 ipsum
1068 2653 1248 2728 Albertum
1272 2656 1309 2726 in
1334 2657 1410 2749 ipso
1427 2655 1596 2748 regimine
1610 2675 1674 2749 po,-

255 2787 384 2852 suerat.
402 2778 470 2864 Qui
483 2776 644 2851 Albertus
659 2779 785 2852 fecerat
799 2775 1018 2858 liuulandum
1034 2774 1080 2849 de
1092 2776 1292 2851 Manuaritie
1306 2777 1461 2868 judicem
1477 2797 1581 2851 suum
1597 2777 1676 2848 vul·

256 2902 370 2976 uereri
395 2901 660 2996 ePapiensibus
679 2909 718 2972 ut
738 2921 881 2974 oausam
902 2899 1046 2973 haberet
1067 2899 1270 2973 discedendi
1290 2899 1335 2971 de
1357 2900 1432 2993 ipsc
1448 2900 1615 2992 regimine
1637 2907 1676 3000 ut

256 3026 431 3116 complere
451 3032 566 3116 posset
589 3022 818 3120 proditionem
836 3031 1007 3098 tralatam.
1028 3024 1170 3096 Etcum
1190 3022 1343 3094 marchio
1361 3022 1578 3096 Pelevicinus
1593 3043 1674 3130 cum

255 3144 403 3240 preditis
419 3144 588 3218 militibus
611 3147 744 3221 domini
762 3146 896 3220 Ezoliui
918 3148 954 3218 in
979 3147 1151 3220 Placentia
1177 3155 1287 3234 esset,
1314 3145 1461 3240 predicti
1485 3146 1676 3240 proditores

256 3267 463 3340 levaverunt
472 3289 569 3342 erma
587 3269 829 3342 contraditum
844 3268 1079 3342 marchionem
1091 3278 1125 3340 et
1136 3269 1338 3346 Ubertinum
1355 3267 1399 3340 dc
1408 3267 1551 3362 Audito,
1566 3277 1601 3342 et
1616 3268 1675 3342 die

258 3392 341 3462 lune
360 3389 409 3464 tx
426 3389 593 3464 kalendas
606 3393 743 3484 augusti
762 3392 878 3486 ipsum
897 3391 943 3464 de
966 3391 1107 3464 civitate
1126 3391 1298 3464 Placentia
1319 3392 1547 3486 expulerunt,
1568 3390 1675 3464 dero-

254 3513 378 3586 bantes
393 3514 508 3610 ipsum
529 3524 565 3586 et
577 3515 794 3590 veronenses
808 3513 854 3588 de
870 3514 971 3608 equis
983 3522 1018 3586 et
1035 3513 1110 3586 aliis
1123 3513 1228 3586 rebus
1245 3533 1365 3586 eorum
1379 3523 1414 3586 et
1428 3514 1474 3587 ad
1491 3534 1612 3588 nocem
1630 3512 1674 3608 (c)

254 3640 347 3712 sicut
366 3639 475 3733 aliqui
497 3637 543 3712 de
560 3639 611 3712 eis
630 3638 778 3712 sednon
794 3659 914 3712 omues
935 3638 1196 3729 ordinaverant,
1212 3639 1391 3731 elegerunt
1409 3638 1445 3708 in
1467 3647 1565 3731 petra
1590 3659 1673 3718 cone

255 3762 367 3835 cionis
377 3761 557 3836 Alhertum
566 3760 610 3834 de
620 3761 775 3834 Fontaua
788 3762 825 3832 iu
838 3771 1040 3855 pomstutcm
1050 3769 1085 3834 et
1096 3770 1264 3834 rectorem
1280 3761 1473 3832 communis
1486 3761 1670 3850 Placentie,

254 3886 457 3979 expeleutee
480 3883 701 3958 Guillelmum
728 3883 775 3958 dc
794 3883 894 3956 Petra
914 3882 959 3956 de
972 3884 1140 3978 regimine
1155 3883 1348 3972 Placentie3
1374 3890 1409 3956 et
1423 3882 1609 3958 Ubertinus
1629 3884 1675 3960 dc

254 4008 387 4083 Audito
409 4008 445 4078 in
468 4015 582 4080 castro
599 4028 664 4080 suo
684 4006 780 4100 quod
806 4005 957 4078 habebut
979 4006 1016 4077 in
1038 4007 1143 4078 latere
1164 4005 1314 4078 civitatis
1336 4027 1416 4078 cum
1430 4005 1605 4100 aliquibus
1628 4005 1674 4086 de

256 4132 386 4224 populo
406 4148 445 4203 se
460 4130 667 4224 receptavit,
685 4137 720 4202 et
736 4129 840 4202 tercio
863 4129 922 4202 die
937 4129 1077 4223 proiecit
1092 4137 1128 4202 et
1145 4126 1295 4202 addetus
1313 4149 1400 4206 cum,
1413 4127 1493 4208 tiliis
1509 4137 1545 4203 et
1567 4129 1672 4204 rebus

254 4253 329 4325 suis
347 4253 413 4326 ivit
427 4251 629 4326 Cremonam
646 4273 726 4324 cum
741 4259 812 4324 teta
824 4271 888 4324 sua
900 4252 1031 4324 familie
1049 4250 1169 4346 :quod
1182 4260 1334 4324 castrum
1348 4260 1467 4324 contra
1482 4252 1672 4347 promisio-

255 4399 337 4450 nem
355 4377 423 4448 sibi
437 4377 561 4449 lacum
575 4375 713 4471 penitus
729 4374 974 4448 destruxerunt
990 4381 1025 4447 et
1040 4383 1206 4470 ceperunt
1221 4377 1312 4475 male
1334 4396 1437 4467 agere
1454 4384 1573 4450 contra
1588 4397 1669 4472 par·

298 4549 342 4628 (a)
366 4549 425 4628 Qui
437 4549 587 4612 abundare
597 4548 722 4610 videtur.

298 4653 339 4736 (t)
360 4655 418 4733 Ap.
434 4655 502 4717 Joh.
516 4655 554 4714 dc
566 4655 676 4716 Musula
689 4653 849 4734 Berqcpao.

297 4761 336 4843 (c)
362 4763 429 4842 Sic;
443 4761 638 4824 vemtmttiter
649 4756 692 4820 cd
702 4766 822 4822 noctem.
