4534 6074
556 595 616 656 tot
1030 601 1272 668 cflaoutcort
1294 607 1346 668 Dll
1371 608 1499 671 ltllDlJS

553 739 775 826 preparantes
790 753 871 804 eum
887 753 950 826 per
966 743 1035 807 tres
1049 734 1126 810 dies
1137 746 1173 812 et
1187 739 1419 814 condiderunt
1435 766 1516 817 eum
1532 746 1757 820 aromatibus.
1776 748 1974 826 Cuinmir

553 874 646 926 mam
659 864 820 950 optamus
835 856 882 931 ad
897 858 1058 932 celestem
1077 861 1208 935 curiam
1222 866 1439 957 pervenisse,
1446 877 1582 929 et-vore
1598 857 1722 951 poterii
1737 856 1856 930 dicero
1873 857 1971 930 altis·

551 976 641 1049 simo
669 979 809 1052 deteri:
833 1003 851 1048 u
869 981 1029 1054 Mortuus
1053 1005 1092 1048 cs
1110 999 1174 1072 pro
1198 999 1270 1068 ma,
1295 999 1379 1050 ecoe
1394 979 1455 1050 tibi
1480 979 1590 1052 reddo
1616 981 1729 1054 vicem
1743 977 1813 1077 (a).
1829 981 1907 1054 »Bt
1922 982 1972 1056 tta

551 1101 689 1185 occidit,
708 1103 800 1169 sicut
818 1097 1021 1192 auspicibus
1038 1097 1176 1175 dudum
1194 1100 1412 1174 intellexerat
1428 1103 1525 1196 quod
1539 1102 1574 1174 in
1589 1111 1765 1198 aquaerat
1780 1103 1967 1198 periturus.

551 1222 619 1308 Qui
640 1243 720 1294 curn
736 1221 841 1294 vellet
860 1222 1057 1316 sepulcrum
1075 1224 1216 1296 Domini
1235 1224 1397 1314 visitare,
1422 1227 1548 1299 timens
1562 1227 1670 1300 maris
1685 1228 1889 1319 transitum,
1907 1251 1972 1324 per

550 1355 658 1418 terras
671 1355 707 1419 et
721 1347 798 1418 loca
813 1346 1006 1440 periculosa
1022 1346 1213 1442 dequibus
1231 1351 1392 1445 superius
1406 1349 1566 1424 diximus
1579 1359 1725 1424 moetus
1735 1361 1793 1424 est
1809 1351 1968 1444 transire,

549 1470 616 1542 luit
633 1471 726 1542 enim
741 1471 839 1542 fortis
852 1477 887 1542 et
902 1470 1042 1562 audax,
1055 1473 1190 1567 largus,
1208 1473 1381 1548 fecundus
1397 1483 1503 1570 atque
1522 1475 1559 1546 iu
1573 1477 1735 1548 omnibus
1748 1475 1882 1548 volens.
1900 1477 1969 1562 Qui

549 1616 630 1666 cum
646 1595 950 1668 odbolcsceutulus
972 1592 1050 1690 (sic)
1072 1605 1181 1688 esset,
1206 1598 1409 1694 priusquam
1427 1607 1520 1672 esset
1541 1599 1588 1672 ad
1608 1599 1741 1692 regiam
1762 1599 1968 1693 dignitatem

548 1719 697 1810 electus,
715 1719 762 1790 M.
778 1719 814 1790 C.
831 1718 983 1810 XLVlll,
998 1718 1045 1790 ab
1058 1701 1294 1794 incarnatione
1308 1722 1459 1813 Domini,
1479 1723 1516 1794 in
1531 1722 1689 1796 exercitu
1702 1721 1964 1796 christianorum

548 1851 635 1934 aput
653 1841 885 1936 Antbyociam
911 1842 948 1914 in
975 1843 1167 1916 osidicioue
1190 1844 1379 1937 residente,
1398 1847 1618 1940 presentibus
1644 1845 1787 1920 domino
1811 1843 1969 1918 Conrado

547 1966 779 2038 Romanorum
802 1965 1009 2060 imperatore
1031 1975 1167 2061 strage
1187 1967 1348 2064 lodoyco
1363 1970 1573 2042 Francorum
1588 1982 1624 2042 et
1638 1969 1717 2042 aliis
1732 1968 1850 2042 multis
1868 1969 1964 2064 prin·

548 2087 705 2182 cipibus,
719 2087 908 2182 quemdam
925 2089 1071 2162 militam
1089 2089 1264 2163 ancbum
1282 2092 1533 2166 ferocissimum
1546 2093 1609 2188 qni
1623 2091 1766 2166 cottidie
1788 2113 1901 2186 usque
1919 2091 1969 2166 ad

549 2221 659 2284 castra
680 2211 944 2285 christianorum
960 2213 1124 2286 veniebat
1146 2215 1320 2310 usquead
1338 2217 1537 2312 temptoria,
1553 2215 1771 2290 vulnerando
1789 2216 1827 2288 in
1847 2216 1967 2311 lugam

548 2335 728 2425 convertit,
748 2335 935 2429 ipsumque
947 2358 1060 2430 usque
1073 2337 1119 2408 ad
1131 2347 1248 2430 portas
1260 2337 1615 2430 civitatisAntbyocie
1626 2337 1880 2434 persequendo,
1895 2340 1967 2434 gla-

548 2459 608 2532 dio
626 2479 731 2552 quem
746 2479 852 2530 mauu
870 2457 1058 2552 gerebatio
1071 2478 1170 2530 ereas
1182 2467 1297 2553 portas
1308 2457 1400 2530 illius
1413 2457 1564 2530 civitatis
1580 2455 1762 2552 percussit.
1773 2453 1876 2539 Quod
1886 2474 1967 2526 cum

547 2581 718 2654 Soidauus
736 2581 962 2654 intellexisset
976 2579 1198 2654 Fredericum
1210 2581 1531 2654 adhulescentulum
1545 2581 1629 2655 talia
1640 2580 1780 2668 iecisse,
1795 2577 1878 2672 quia
1892 2587 1967 2650 erat

547 2725 656 2800 nepos
669 2704 882 2799 imperatoris
892 2703 1054 2794 Conradi,
1069 2705 1173 2797 jussit
1185 2705 1247 2776 ubi
1262 2714 1476 2800 percusserat
1491 2705 1527 2776 in
1542 2712 1642 2799 portu
1652 2724 1737 2776 auro
1750 2701 1884 2796 impleri
1898 2699 1962 2797 (l).

548 2825 735 2922 imperauit
751 2827 798 2924 (l)
816 2836 931 2900 autem
949 2827 1046 2900 idem
1066 2826 1229 2901 dominus
1252 2828 1455 2902 Fredericus
1475 2827 1576 2900 annis
1592 2826 1733 2914 XXXV,
1753 2825 1966 2920 temporibus

547 2951 710 3043 Adriani,
727 2951 935 3040 Alexandri,
955 2951 1103 3042 Urbani,
1118 2951 1274 3046 Gregorii
1290 2961 1325 3024 et
1341 2952 1526 3025 Clementis
1537 2951 1851 3048 Appostolicorum.

597 3075 645 3148 Μ.
667 3075 705 3147 C.
727 3075 960 3162 LXXXVllll,
975 3073 1022 3146 de
1040 3095 1158 3148 meuse
1175 3075 1344 3166 octobris,
1357 3075 1446 3148 obiit
1459 3097 1521 3148 rex
1541 3075 1750 3148 Guillermus
1766 3071 1913 3167 Apulia,
1931 3079 1967 3143 et

547 3203 684 3275 levatus
710 3201 775 3272 soit
803 3221 867 3272 rex
889 3197 1088 3272 Teneredus
1126 3196 1174 3296 ὀ).
1201 3201 1366 3294 Sequenti
1393 3222 1503 3291 auno,
1530 3199 1785 3273 marescalcbus
1809 3197 1966 3292 impera-

548 3325 631 3398 toris
657 3324 798 3397 collecto
828 3323 1137 3416 magnoexercitu
1165 3323 1307 3397 intravit
1329 3322 1510 3421 Apuliam,
1534 3333 1570 3396 et
1594 3322 1702 3396 nicbil
1727 3322 1856 3396 iaciens
1874 3332 1965 3396 retro

546 3449 662 3524 rediit.

589 3675 631 3758 (a)
653 3677 762 3740 Sensus
774 3676 807 3734 lu
820 3673 921 3736 codlre
934 3671 1072 3750 mutilus,
1085 3674 1158 3736 dum
1174 3677 1218 3737 lte
1234 3675 1371 3758 legaturs
1387 3680 1500 3738 metuo
1526 3692 1558 3736 ec
1575 3690 1634 3756 pto
1662 3690 1707 3734 otc
1727 3688 1780 3734 aec
1800 3670 1855 3736 tibi
1875 3669 1965 3742 reddo

545 3786 646 3848 wem.

589 3889 630 3972 (b)
653 3889 688 3950 In
701 3887 803 3949 codlce
814 3887 983 3966 irnpcrotor.

588 3995 626 4078 (a)
652 3997 688 4057 ln
701 3994 803 4056 codice
818 3989 1013 4054 Traocledrtr.

582 4231 619 4307 (t)
637 4233 707 4290 Tout
720 4245 752 4287 oe
762 4245 876 4304 passage
887 4227 983 4302 depuis
995 4229 1078 4300 cujus
1093 4227 1218 4284 animum
1230 4232 1355 4301 optumos
1370 4243 1405 4285 ue
1417 4243 1447 4286 se
1461 4234 1557 4286 bouus
1567 4227 1595 4285 ni
1613 4227 1682 4286 dans
1694 4227 1720 4285 lo
1734 4233 1807 4285 texte
1822 4227 1856 4286 de
1872 4227 1965 4284 blura·

547 4331 599 4391 turi
609 4331 638 4386 ni
647 4329 715 4386 dane
725 4327 750 4385 le
760 4324 907 4383 manuscrit
923 4325 958 4382 de
974 4324 1059 4382 Paris.
1072 4324 1161 4394 Quant
1172 4337 1208 4379 au
1222 4323 1286 4382 trait
1296 4323 1330 4382 de
1343 4323 1478 4382 bravoure
1488 4323 1631 4382 temeraire
1640 4323 1757 4382 attribue
1767 4323 1802 4380 ici
1813 4322 1831 4380 a
1841 4321 1967 4380 Frederic

545 4427 726 4486 barbercusse
737 4421 890 4497 pendentia
903 4421 1017 4478 seconde
1028 4420 1165 4492 croisade,
1183 4436 1252 4479 nous
1270 4437 1304 4479 ne
1327 4421 1353 4479 le
1373 4427 1501 4480 bourona
1522 4421 1677 4480 mentioned
1694 4421 1761 4480 daus
1778 4435 1866 4478 aucun
1886 4425 1965 4478 autre

546 4524 685 4583 historico.
704 4521 746 4578 Eu
766 4525 825 4576 tout
841 4533 905 4591 cae,
916 4517 934 4573 il
948 4516 1067 4590 s'agirait
1079 4516 1261 4573 evidcmment
1280 4515 1316 4571 du
1331 4514 1405 4587 siege
1418 4513 1452 4571 de
1463 4513 1561 4569 Damas
1574 4515 1603 4568 et
1618 4523 1673 4567 non
1683 4523 1735 4582 pas
1745 4509 1783 4563 du
1793 4513 1868 4577 siege
1880 4515 1965 4560 uon-

545 4621 643 4680 tiocbe.
658 4617 726 4675 blais
738 4617 755 4673 il
767 4631 835 4674 nona
843 4615 931 4688 paratt
943 4614 1032 4671 meme
1045 4613 1161 4672 douteux
1174 4627 1228 4688 que
1244 4611 1270 4670 le
1283 4611 1417 4670 uerenda
1430 4608 1535 4670 Conred
1548 4607 1585 4666 lll
1596 4605 1634 4664 ait
1645 4605 1701 4680 prb
1712 4607 1774 4679 part
1782 4600 1834 4661 ila
1844 4598 1967 4659 melbeu·

546 4733 625 4776 reuse
635 4713 755 4774 croisade
767 4713 802 4771 de
813 4728 845 4770 oe
856 4711 960 4786 prinoe.
