4534 6074
685 598 927 662 cunculcolt
951 597 1252 658 PLACEN'MNUM.
1636 591 1675 654 51

261 730 339 806 Alia
355 732 414 807 dic
424 753 507 805 cum
521 731 841 810 Mediolanensibus
852 735 891 806 in
904 742 999 808 costa
1007 732 1225 808 Revorscalle
1239 727 1421 822 castratigi
1434 733 1675 822 preceperunt.

261 856 378 930 Altera
391 856 450 932 die
462 879 526 930 sua
545 855 656 932 fixere
668 858 813 932 uonna
829 859 920 932 circa
936 855 1280 944 castrnmSivriusci3
1296 851 1394 949 qnod
1409 862 1560 924 castrum
1579 871 1679 923 muro

261 980 614 1076 fortissimonndiquc
627 982 879 1058 circundatum
890 991 925 1056 et
937 981 1084 1076 terragio
1096 999 1224 1070 magno
1235 979 1363 1050 abunc
1376 975 1679 1072 capite,caminata

260 1126 388 1198 magna
406 1115 443 1180 et
459 1126 561 1184 muro
580 1106 659 1180 torti
683 1115 719 1180 et
735 1108 803 1180 alto
823 1114 895 1181 erat
912 1103 1166 1180 circumdatum
1186 1102 1239 1198 (c)
1254 1109 1487 1176 constructum
1506 1099 1633 1194 pariter
1646 1105 1682 1170 et

260 1228 449 1300 munitum.
469 1229 560 1304 lltud
578 1229 722 1323 quidem
734 1230 922 1303 Placentini
931 1238 966 1302 et
978 1228 1250 1302 Mediolanenses
1263 1248 1344 1298 cum
1358 1221 1540 1318 manganis
1553 1231 1588 1294 et
1604 1244 1680 1318 pre-

261 1351 369 1426 duriis
390 1361 425 1426 et
449 1355 552 1448 gattis
567 1364 861 1448 expugnaverunt
884 1361 920 1434 et
941 1359 1255 1446 manganaverunt.
1270 1348 1347 1422 Alia
1372 1348 1446 1440 die,
1472 1347 1602 1420 scilicet
1623 1346 1681 1418 die

261 1477 425 1548 mercurii
440 1479 552 1572 primo
566 1477 694 1552 mensis
704 1478 807 1570 junii,
825 1487 974 1550 castrum
990 1476 1187 1550 Gcllerentii
1209 1474 1417 1560 habuerunt,
1430 1479 1580 1546 castrum
1596 1493 1680 1544 vero

261 1600 393 1674 Montis
417 1601 514 1674 Calvi
538 1611 574 1674 et
600 1611 730 1676 turrem
756 1623 919 1697 magnam
944 1611 1109 1696 ceperunt
1131 1622 1193 1695 per
1211 1600 1302 1688 vim;
1321 1597 1519 1669 habuerunt
1537 1595 1680 1692 quidem

262 1732 392 1794 turrem
410 1724 455 1798 de
469 1725 604 1818 guarda
627 1725 811 1799 lortbnma
830 1724 980 1798 mirabili
1004 1723 1109 1798 modo
1131 1731 1325 1796 constructa
1347 1732 1381 1794 et
1397 1743 1474 1794 eam
1499 1721 1682 1796 diruerunt

264 1856 299 1918 et
314 1847 566 1922 destruxerunt
585 1857 621 1921 et
638 1849 850 1938 inciderunt,
867 1859 979 1920 castra
996 1868 1080 1920 vero
1097 1846 1249 1941 predicta
1271 1845 1426 1916 similitor
1447 1853 1482 1916 et
1495 1846 1682 1918 combnse-

263 1980 359 2060 runt,
383 1971 507 2045 domos
523 1982 558 2044 et
578 1995 721 2046 nemora
746 1981 997 2063 castanearum,
1014 1971 1135 2042 vineas
1152 1978 1186 2042 et
1203 1969 1341 2042 arbores
1364 1976 1399 2040 et
1421 1980 1554 2062 segetes
1576 1969 1682 2041 curtis

264 2093 467 2168 Moneiscali
496 2097 742 2170 combnsernnt
773 2105 809 2169 ct
838 2096 1056 2186 inciderunt,
1083 2103 1190 2186 atque
1217 2092 1462 2166 destruxerunt
1491 2093 1592 2166 villas
1625 2093 1680 2164 in·

263 2218 496 2292 numerabiles
510 2228 545 2292 et
558 2219 681 2292 domos
692 2242 754 2314 per
769 2220 897 2292 vallem
913 2218 1078 2314 Crispassi
1099 2225 1134 2290 et
1151 2217 1278 2290 uallem
1293 2218 1419 2306 Verse,
1444 2216 1524 2309 igne
1549 2237 1680 2290 mema-

264 2350 391 2414 verunt
414 2351 567 2436 segetes,
587 2343 727 2416 arbores
748 2341 946 2416 inciderunt
968 2351 1003 2414 et
1024 2342 1282 2414 destruxerunt.
1301 2340 1365 2412 Die
1387 2361 1469 2412 vcro
1486 2341 1578 2431 J'cvis
1601 2364 1680 2414 cum

265 2464 542 2541 Mediolanenses
566 2475 600 2540 ct
615 2468 804 2540 Placentini
829 2489 909 2540 curn
929 2466 1033 2539 scalis
1059 2465 1371 2539 innumerabilibus
1393 2475 1428 2536 et
1452 2465 1528 2537 aliis
1546 2466 1682 2539 insidiis

265 2589 391 2662 armati
413 2599 449 2664 et
466 2591 647 2664 aschlerati
665 2592 755 2664 circa
774 2599 923 2664 castrum
947 2590 1108 2664 Sivriasci
1124 2597 1253 2662 starent
1276 2597 1310 2660 ct
1332 2609 1370 2660 se
1388 2588 1434 2660 ad
1452 2588 1584 2661 dictum
1605 2611 1681 2662 cas·

265 2725 358 2788 trum
381 2715 662 2811 expugnandum
686 2725 722 2790 et
747 2715 956 2810 cupiendum
982 2722 1221 2810 prepararent,
1240 2712 1414 2784 intrinseci
1438 2721 1565 2788 terrore
1586 2737 1682 2788 com·

265 2842 368 2934 moti,
388 2841 550 2915 videntes
563 2861 603 2913 se
624 2861 693 2912 non
711 2861 812 2936 posse
828 2839 987 2912 resistere
1012 2861 1077 2911 nec
1098 2837 1184 2910 illud
1206 2845 1356 2910 castrum
1374 2837 1578 2930 detondere,
1594 2839 1683 2914 illud

265 2963 516 3038 reddiderunt:
531 2965 627 3060 quod
642 2973 792 3036 castrum
810 2963 916 3036 altera
931 2962 989 3036 die
1006 2963 1144 3058 penitus
1161 2961 1421 3036 afnndamento
1438 2962 1684 3036 destruxerunt

266 3095 301 3160 et
314 3087 507 3160 diruerunt.
524 3089 766 3160 Permanentes
779 3095 896 3161 autem
910 3087 947 3158 in
957 3087 1139 3162 obsidione
1153 3085 1234 3160 dicti
1249 3087 1364 3178 castri,
1380 3088 1596 3161 marchiones
1610 3090 1683 3162 Ma-

267 3211 401 3306 laspins
427 3233 509 3283 cum
536 3211 704 3284 militibus
723 3220 820 3307 porta
838 3213 935 3284 Nove
954 3221 988 3284 et
1011 3233 1093 3284 cum
1116 3210 1301 3302 sagittariis
1324 3219 1359 3284 ct
1383 3212 1560 3306 peditibus
1583 3213 1683 3286 vallis

267 3335 410 3410 Tidonis
432 3347 467 3410 st
482 3337 584 3409 vallis
596 3337 710 3409 Trivio
731 3335 779 3408 ad
799 3345 950 3408 castrum
965 3336 1127 3430 Rumpini
1145 3335 1399 3430 equitaverunt.
1418 3337 1496 3432 Ipsa
1510 3358 1594 3410 vero
1608 3337 1679 3427 die,

268 3461 329 3555 qni
353 3461 390 3532 in
411 3461 471 3534 illo
493 3470 605 3534 castro
620 3483 685 3558 pro
709 3461 884 3534 communi
906 3462 1010 3555 Papio
1033 3460 1264 3554 intelligentes
1282 3459 1445 3547 aderant,
1472 3461 1620 3534 scientes
1637 3462 1682 3536 de

269 3583 432 3678 predictis
449 3585 569 3656 castris
583 3585 707 3681 captis,
725 3606 855 3680 pavore
873 3595 908 3656 et
925 3595 1072 3658 tremore
1090 3605 1214 3678 magno
1227 3584 1408 3680 perterriti,
1427 3585 1514 3658 illud
1531 3595 1681 3660 castrum

268 3707 353 3802 ipsis
373 3717 408 3780 et
421 3708 597 3780 communi
609 3707 783 3782 Placentic
800 3707 981 3782 dederunt.
1000 3709 1037 3780 ln
1054 3709 1154 3801 cujus
1165 3707 1323 3782 custodia
1336 3710 1395 3780 XL
1408 3709 1564 3782 homines
1582 3712 1682 3784 vallis

268 3830 410 3904 Tidcnis
422 3841 622 3927 posuerunt.

305 3955 381 4028 'Die
401 3957 536 4028 sabbati
554 3955 712 4051 sequenti
729 3951 1002 4030 Mediolanenses
1031 3967 1068 4030 et
1095 3955 1284 4030 Placentini
1311 3953 1438 4028 milites
1465 3965 1500 4028 et
1527 3959 1680 4053 pediteS,

268 4080 443 4152 batestarii
468 4089 504 4153 et
527 4080 713 4173 sagittarii,
733 4081 854 4152 armati
872 4091 907 4154 et
932 4081 1112 4154 aschlerati
1138 4102 1201 4176 per
1225 4078 1351 4152 vallem
1367 4079 1473 4152 Verso
1491 4090 1679 4172 venerunt,

268 4203 370 4276 villas
388 4213 422 4276 et
440 4203 583 4295 domos,
602 4213 736 4298 segetes
751 4215 786 4276 et
801 4205 922 4278 vineas
937 4215 973 4278 ct
987 4205 1127 4278 arbores
1153 4203 1343 4276 incidentes
1368 4213 1402 4276 et
1421 4203 1679 4292 comburentes3

268 4339 303 4426 et
322 4349 366 4402 eu
382 4323 441 4401 die
459 4329 687 4400 castrametati
707 4329 801 4401 luere
824 4329 860 4400 in
878 4329 960 4401 uilla
979 4329 1024 4402 de
1040 4330 1266 4423 Bergomasco
1285 4347 1393 4424 prope
1411 4335 1563 4400 cestrum
1578 4329 1683 4402 Mon-

268 4451 314 4524 tis
328 4451 445 4543 Acuti,
463 4461 498 4524 et
515 4451 715 4549 depopulati
731 4453 870 4525 luerunt
887 4454 1008 4527 domos
1024 4462 1059 4526 et
1074 4454 1186 4542 villas,
1206 4453 1326 4524 vineas
1342 4461 1377 4523 et
1394 4461 1529 4546 segetes
1552 4465 1586 4526 et
1619 4477 1683 4527 ur-

311 4615 352 4695 (c)
375 4618 411 4676 ln
428 4616 529 4678 codice
542 4614 729 4678 emmaum.
745 4619 882 4679 Forsitan
894 4624 995 4678 umen
1008 4617 1164 4696 legendum
1179 4637 1187 4679 ε
1203 4623 1232 4680 ct
1250 4613 1312 4678 alto
1329 4615 1524 4696 circumdato,
1539 4625 1602 4682 crat
1614 4637 1683 4680 con-

265 4725 426 4796 structum,
439 4725 497 4782 etc.
