4676 6066
753 633 993 696 CllllONlCON
1015 633 1317 697 PLllClllllTlltlUll.
1701 635 1739 698 15

325 780 396 846 tate
416 767 424 866 l
444 779 481 844 et
497 769 653 844 omniurn
671 768 907 864 predictorum
933 768 1065 844 ibidem
1088 770 1268 844 dominum
1289 769 1456 844 iacobum
1481 769 1686 845 Maineriom
1703 771 1741 843 in
1761 787 1812 833 rar.
1824 789 1928 833 ramo.

325 903 496 995 potestate
512 891 630 987 elegit.

496 1094 694 1168 Laudemus
711 1093 881 1166 Christum
898 1094 1070 1169 mundum
1088 1096 1150 1190 qni
1164 1095 1321 1170 condidit
1334 1097 1456 1191 istum,

497 1219 565 1306 Qui
583 1219 673 1312 regit
688 1218 884 1291 instabilem
901 1217 1033 1292 divinis
1048 1219 1183 1314 legibus
1197 1221 1337 1306 orbem,

497 1342 565 1428 Qui
580 1363 706 1438 pronos
724 1341 830 1417 donat
848 1343 997 1416 famulos
1014 1353 1221 1440 sanctosque
1239 1353 1401 1434 coronat,

496 1467 635 1562 Quique
647 1466 855 1540 Placentinis
872 1466 998 1540 animis
1014 1477 1049 1540 et
1065 1488 1207 1564 corpore
1220 1467 1322 1544 claris

496 1591 642 1663 Vincere
661 1589 825 1682 donavit,
840 1591 1043 1664 Parmenees
1059 1590 1218 1685 undique
1232 1591 1367 1667 stravit.

496 1715 549 1788 En
565 1714 792 1788 occurrebant
809 1711 860 1811 (c)
878 1714 981 1786 simul
1002 1723 1079 1788 octo
1096 1715 1152 1788 vel
1167 1717 1384 1812 octuaginta,

497 1839 724 1913 Undecimam
736 1839 848 1912 Julius
863 1839 976 1912 lucem
994 1839 1190 1912 celebrabat
1204 1839 1372 1936 opimus(
1396 1841 1424 1936 ),

497 1961 623 2034 indicti
642 1969 764 2038 sextus
778 1960 891 2033 luerat
903 1969 987 2032 tnnc
1000 1962 1161 2056 temporis
1179 1983 1313 2056 annus,

497 2082 647 2170 Quando
661 2084 884 2176 Parmenses,
903 2104 992 2179 quos
1008 2105 1188 2177 nunquam
1205 2084 1309 2158 crede
1323 2093 1496 2182 potentes,

497 2208 640 2281 Collecti
656 2207 747 2282 bello
764 2215 937 2282 venerunt
948 2229 1029 2281 cum
1044 2209 1213 2282 ltluruellc

496 2331 652 2404 vallibus
669 2331 706 2402 in
722 2331 799 2405 'lari
817 2330 865 2428 (b)
880 2333 1101 2426 subvertere,
1119 2331 1309 2406 dilacerare

496 2457 623 2528 Turres
638 2463 811 2548 muratae,
830 2454 931 2546 edes,
947 2456 1174 2550 castellaque,
1194 2453 1309 2530 villas.

495 2579 626 2653 ilerum
639 2585 822 2676 protector,
844 2588 1038 2652 nostrornm
1057 2579 1210 2652 maxime
1227 2587 1351 2670 rector,

496 2701 607 2774 Corde
620 2701 837 2776 Placentinos
854 2709 964 2774 armat
978 2703 1061 2798 quia
1079 2701 1193 2795 diligit
1209 2703 1321 2798 ipsos,

496 2823 614 2920 Atque
629 2825 723 2896 vires
737 2823 874 2919 prebet,
890 2825 1092 2898 Parmenses
1104 2833 1144 2897 ut
1158 2824 1227 2897 cito
1242 2825 1353 2899 sedet.

495 2949 536 3021 ln
551 2949 681 3022 bellom
698 2948 816 3041 ducit,
831 2948 981 3021 victores
995 2946 1078 3020 inde
1093 2948 1238 3021 reducit.

496 3069 759 3174 Taliterarmeti
774 3069 851 3142 telis
866 3069 1062 3164 animisque
1075 3069 1204 3166 parati,

495 3195 618 3267 Hostes
634 3169 826 3288 infringunt
841 3191 899 3290 (c),
918 3215 960 3267 ac
977 3195 1072 3289 ipsos
1087 3193 1244 3288 undique
1261 3193 1415 3290 jungunt
1426 3192 1491 3294 (d).

497 3319 541 3392 Ut
558 3319 662 3390 fortes
678 3327 852 3414 pugnent,
868 3317 1027 3390 inimicos
1040 3317 1198 3412 undique
1216 3317 1367 3412 sulcant,

497 3443 542 3515 Et
557 3442 698 3537 capiunt
717 3450 829 3514 tantos
842 3441 937 3536 quod
951 3440 1068 3514 nescio
1083 3439 1198 3513 dicere
1211 3450 1372 3536 quantos.

497 3567 590 3638 Inter
608 3567 800 3639 confractas
815 3566 907 3638 acies
924 3572 1005 3654 toa,
1019 3565 1161 3653 Parme,
1176 3573 1329 3660 potestas

497 3685 694 3780 Prenditur,
712 3689 878 3762 adteritur
894 3686 953 3785 (c),
974 3685 1160 3761 deducitur
1177 3709 1218 3760 ac
1232 3689 1411 3782 retinetur,

497 3813 611 3908 Atque
627 3813 745 3886 tubam
764 3813 904 3886 tandem
917 3813 1076 3909 capiunt,
1096 3811 1340 3908 perimuntque
1355 3812 1409 3910 (s)
1423 3809 1617 3910 sonantem,

369 3987 411 4070 (a)
433 3989 470 4051 In
483 3989 585 4051 codice
598 3987 806 4054 ammonet.
821 3991 957 4054 Forsitan
968 3989 1126 4070 legendum
1138 3988 1220 4051 Anni
1231 3987 1397 4052 monebat.

368 4091 410 4174 (d)
432 4093 583 4156 Incodlce
595 4096 699 4156 utare
1416 4099 1418 4104 '

368 4197 408 4281 (c)
431 4199 468 4262 ln
480 4199 582 4262 codice
594 4199 754 4282 instiqont.

369 4304 413 4387 (a)
433 4305 489 4369 Vel
503 4311 655 4388 wopam:
673 4322 744 4367 nnn
756 4309 790 4367 tn
802 4305 904 4368 codice
917 4305 1046 4388 Caput.

370 4411 411 4494 (a)
435 4411 473 4474 In
484 4413 586 4474 oodloo
598 4411 746 4474 odtcrtur.

367 4518 414 4600 (s)
431 4521 469 4582 ln
482 4520 583 4582 codice
590 4519 825 4602 paucosque
839 4538 850 4578 :
864 4517 945 4598 qnod
957 4519 1057 4582 moui
1070 4523 1101 4580 et
1114 4523 1208 4580 metro
1223 4523 1376 4598 repugnat.

364 4757 403 4832 (r)
422 4761 454 4815 rr
466 4758 646 4833 Junrotrtac.
